{"host":"el64n55ujqqj0ju7","time":1610228778,"event":{"mods":["AchievementEnabler","Act Like it!","BaseMod","Beaked The Cultist","Better Altar","Better Third Choice","BetterRewards","Card Forge","Colored Map","Conspire","Downfall","Hallownest","Hermit","Hubris","Infinite Spire","Lobotomy","Minty Spire (QoL Compilation)","Rare Cards Sparkle","Replay The Spire","Spicy Shops","Spikes Relics","StSLib","The Bug Knight","The Hierophant"],"gold_per_floor":[119,119,159,172,191,218,218,236,259,259,305,317,329,351,363,476,488,514,526,551,588,619,663,692,724,736,748,760,803,815,838,920,1034,1046,1139,1237,1249,1358,577,577,628,628,628,694,694,759,1059,0,0,0,0],"floor_reached":50,"playtime":2260,"items_purged":["Strike_G"],"score":522,"play_id":"dc98e62d-e8e2-4b20-afba-b867fd66312c","local_time":"20210109164618","is_ascension_mode":false,"campfire_choices":[{"data":"Crippling Poison","floor":7,"key":"SMITH"},{"data":"Bouncing Flask","floor":12,"key":"SMITH"},{"data":"Strike_G","floor":15,"key":"PURGE"},{"data":"Malaise","floor":27,"key":"SMITH"},{"data":"Deadly Poison","floor":30,"key":"SMITH"},{"data":"ReplayUltimateDefense","floor":40,"key":"SMITH"},{"data":"Footwork","floor":42,"key":"SMITH"},{"data":"Outmaneuver","floor":49,"key":"SMITH"}],"circlet_count":0,"master_deck":["Strike_G","Strike_G","Strike_G","Defend_G","Defend_G","Defend_G","Defend_G","Defend_G","Survivor","Neutralize","Deadly Poison+1","Crippling Poison+1","Bouncing Flask+1","Malaise+1","CurseOfTheBell","Backflip","Outmaneuver+1","AbeCurse","Malaise+1","ReplayTheSpireMod:Speed Training+1","Footwork+1","ReplayUltimateDefense+1"],"relics":["Ring of the Snake","Hammer of Thor","Seething Fire","Anvil of the Gods","infinitespire:Lychee Nut","hubris:Icosahedron","infinitespire:Beetle Shell","infinitespire:Lucky Rock","MawBank","Pondfish Scales","Calling Bell","Juzu Bracelet","Counterbalance","Lantern","hubris:PeanutButter","conspire:Boomerang","hubris:Potato","infinitespire:EvilPickle","Busted Crown","Happy Flower","Frozen Eye","CherryCoatedStake","HornCleat","conspire:TopHat","Chemical X","ClockworkSouvenir","Red Mask"],"acts_visited":["Exordium","TheCity","TheBeyond"],"potions_floor_usage":[16,39,50,50],"damage_taken":[{"damage":0,"enemies":"2 Louse","floor":1,"turns":3},{"damage":3,"enemies":"Jaw Worm","floor":4,"turns":5},{"damage":0,"enemies":"Cultist","floor":5,"turns":3},{"damage":16,"enemies":"Gremlin Nob","floor":6,"turns":4},{"damage":2,"enemies":"Exordium Thugs","floor":8,"turns":3},{"damage":12,"enemies":"3 Sentries","floor":11,"turns":6},{"damage":0,"enemies":"2 Fungi Beasts","floor":14,"turns":3},{"damage":20,"enemies":"Slime Boss","floor":16,"turns":12},{"damage":0,"enemies":"Chosen","floor":18,"turns":5},{"damage":13,"enemies":"2 Thieves","floor":20,"turns":5},{"damage":0,"enemies":"Snecko","floor":22,"turns":5},{"damage":4,"enemies":"Book of Stabbing","floor":23,"turns":8},{"damage":1,"enemies":"Chosen and Byrds","floor":24,"turns":5},{"damage":0,"enemies":"Centurion and Healer","floor":25,"turns":8},{"damage":2,"enemies":"Gremlin Leader","floor":29,"turns":6},{"damage":0,"enemies":"Snake Plant","floor":31,"turns":3},{"damage":21,"enemies":"Pondfish","floor":33,"turns":14},{"damage":0,"enemies":"3 Shapes","floor":35,"turns":4},{"damage":1,"enemies":"Orb Walker","floor":36,"turns":5},{"damage":0,"enemies":"Sphere and 2 Shapes","floor":38,"turns":6},{"damage":0,"enemies":"Writhing Mass","floor":41,"turns":8},{"damage":0,"enemies":"Giant Head","floor":44,"turns":13},{"damage":0,"enemies":"Maw","floor":46,"turns":9},{"damage":52,"enemies":"hubris:GrandSnecko","floor":50,"turns":11}],"seed_played":"3908594844588188404","potions_obtained":[{"floor":3,"key":"champ:CounterPotion"},{"floor":3,"key":"Cursed Concoction"},{"floor":3,"key":"Regen Potion"},{"floor":5,"key":"Weak Potion"},{"floor":11,"key":"SkillPotion"},{"floor":16,"key":"Strength Potion"},{"floor":18,"key":"ColorlessPotion"},{"floor":23,"key":"Explosive Potion"}],"is_trial":false,"path_per_floor":["M","?","?","M","M","E","R","M","T","T","E","R","?","M","R_BF","B",null,"M","$","M","T","M","E","M","M","T","R","?","E","R","M","R_BF","B",null,"M","M","?","M","$","R","M","R","T","E","$","M","?","?","R","B"],"character_chosen":"THE_SILENT","items_purchased":["Happy Flower","Footwork","ReplayUltimateDefense","Frozen Eye","Fruit Juice","CherryCoatedStake","Chemical X","ClockworkSouvenir"],"campfire_rested":0,"item_purchase_floors":[39,39,39,39,39,39,45,45],"current_hp_per_floor":[52,52,39,42,48,37,37,41,41,41,35,35,35,41,41,27,52,52,52,42,42,48,49,51,52,52,52,52,51,51,52,52,31,52,52,51,51,52,57,57,57,57,57,57,37,43,43,43,43,0,0],"gold":0,"neow_bonus":"ONE_RARE_RELIC","is_daily":false,"chose_seed":false,"campfire_upgraded":7,"win_rate":0.0,"timestamp":1610228778,"path_taken":["M","?","?","M","?","E","R","?","T","?","E","R","?","M","R_BF","BOSS","M","$","M","?","M","E","M","M","T","R","?","E","R","M","R_BF","BOSS","M","M","?","M","$","R","M","R","T","E","?","M","?","?","R","BOSS"],"items_purchased_type":["Relic","Card","Card","Relic","Potion","Relic","Relic","Relic"],"build_version":"2020-12-22","purchased_purges":1,"victory":false,"max_hp_per_floor":[52,52,52,52,52,52,52,52,52,52,52,52,52,52,52,52,52,52,52,52,52,52,52,52,52,52,52,52,52,52,52,52,52,52,52,52,52,52,57,57,57,57,57,57,57,57,57,57,57,57,57],"card_choices":[{"not_picked":["Acrobatics","Sneak Up"],"picked":"Deadly Poison","floor":1},{"not_picked":["Sucker Punch","Reflex"],"picked":"Crippling Poison","floor":3},{"not_picked":["Outmaneuver","hubris:TrickCloak"],"picked":"Bouncing Flask","floor":4},{"not_picked":["Sneak Up","Dagger Throw","hubris:SlightOfHand"],"picked":"SKIP","floor":5},{"not_picked":["hubris:SlightOfHand","Skewer","Night Terror"],"picked":"SKIP","floor":6},{"not_picked":["hubris:SlightOfHand","Skewer","Night Terror"],"picked":"SKIP","floor":6},{"not_picked":["Deflect","Toxin Wave","Masterful Stab"],"picked":"SKIP","floor":8},{"not_picked":["Dodge and Roll","Slice","Calculated Gamble"],"picked":"SKIP","floor":11},{"not_picked":["hubris:Counter","ReplayTheSpireMod:Exploit Weakness","Choke"],"picked":"SKIP","floor":14},{"not_picked":["Die Die Die","Bullet Time"],"picked":"Malaise","floor":16},{"not_picked":["Sucker Punch","Escape Plan+1","infinitespire:Neurotoxin"],"picked":"SKIP","floor":18},{"not_picked":["Acrobatics","Quick Slash"],"picked":"Backflip","floor":20},{"not_picked":["Sucker Punch","Prepared","Sneak Up"],"picked":"SKIP","floor":22},{"not_picked":["Flechettes","Underhanded Strike+1"],"picked":"Outmaneuver","floor":23},{"not_picked":["Outmaneuver","All Out Attack","Predator"],"picked":"SKIP","floor":24},{"not_picked":["Sucker Punch+1","Blade Dance","Underhanded Strike"],"picked":"SKIP","floor":25},{"not_picked":["Hidden Blade","Underhanded Strike","hubris:SlightOfHand"],"picked":"SKIP","floor":29},{"not_picked":["Deflect","hubris:TrickCloak+1","Backflip"],"picked":"SKIP","floor":31},{"not_picked":["Envenom","Bullet Time"],"picked":"Malaise","floor":33},{"not_picked":[],"picked":"ReplayTheSpireMod:Speed Training+1","floor":35},{"not_picked":["Prepared+1"],"picked":"SKIP","floor":36},{"not_picked":["All Out Attack"],"picked":"SKIP","floor":38},{"not_picked":["InfectiousVector"],"picked":"SKIP","floor":41},{"not_picked":["Predator"],"picked":"SKIP","floor":44},{"not_picked":["Hidden Blade+1"],"picked":"SKIP","floor":46}],"player_experience":13253,"relics_obtained":[{"floor":6,"key":"infinitespire:Beetle Shell"},{"floor":9,"key":"infinitespire:Lucky Rock"},{"floor":10,"key":"MawBank"},{"floor":11,"key":"Pondfish Scales"},{"floor":17,"key":"Juzu Bracelet"},{"floor":17,"key":"Counterbalance"},{"floor":21,"key":"Lantern"},{"floor":23,"key":"hubris:PeanutButter"},{"floor":26,"key":"conspire:Boomerang"},{"floor":29,"key":"hubris:Potato"},{"floor":43,"key":"HornCleat"},{"floor":44,"key":"conspire:TopHat"}],"event_choices":[{"damage_healed":0,"gold_gain":0,"player_choice":"Ignored","damage_taken":0,"max_hp_gain":0,"max_hp_loss":0,"event_name":"NoteForYourself","floor":13,"gold_loss":0},{"damage_healed":0,"gold_gain":0,"player_choice":"Upgraded","damage_taken":0,"max_hp_gain":0,"max_hp_loss":0,"event_name":"Upgrade Shrine","floor":37,"gold_loss":0,"cards_upgraded":["Malaise"]},{"damage_healed":0,"gold_gain":300,"player_choice":"Gold","damage_taken":0,"max_hp_gain":0,"max_hp_loss":0,"event_name":"Wheel of Change","floor":47,"gold_loss":0},{"damage_healed":0,"gold_gain":0,"player_choice":"Paid","damage_taken":0,"relics_obtained":["Red Mask"],"max_hp_gain":0,"max_hp_loss":0,"event_name":"Tomb of Lord Red Mask","floor":48,"gold_loss":1059}],"is_beta":false,"boss_relics":[{"not_picked":["ReplayTheSpireMod:SealedPack","Abe\u0027s Treasure"],"picked":"Calling Bell"},{"not_picked":["conspire:SpecialSausage","hubris:Backtick"],"picked":"Busted Crown"}],"items_purged_floors":[39],"is_endless":false,"potions_floor_spawned":[5,8,11,16,18,22,23,25,33,38,44],"killed_by":"hubris:GrandSnecko","ascension_level":0}}