{"host":"i19jjmeqmvseha12","time":1610186251,"event":{"mods":["Act Like it!","BaseMod","Colored Powertips","Dota2Spire","Gensokyo","Minty Spire (QoL Compilation)","Replay The Spire","StSLib","The Cursed"],"gold_per_floor":[113,213,66,80,2,33,33,66,66,113,125,125,175,11,11,142,142,159,199,248,266,312,371,331,348,348,378,378],"floor_reached":27,"playtime":893,"items_purged":[],"score":257,"play_id":"d42336f7-1b90-4e11-8ac2-8b9f80cb7894","local_time":"20210109015731","is_ascension_mode":true,"campfire_choices":[{"data":"Life Link","floor":12,"key":"SMITH"},{"floor":15,"key":"REST"}],"circlet_count":0,"master_deck":["Strike_R+1","Strike_R","Strike_R","Strike_R","Strike_R","Defend_R","Defend_R","Defend_R","Defend_R","Bash","Pommel Strike","Replay:Undeath\u0027s Touch+1","Clash","Dropkick","Life Link+1","Pommel Strike","Cleave","Feed","Perfected Strike+1","Clash+1","Perfected Strike","Inflame+1","Massacre","Thunderclap"],"relics":["Burning Blood","Whetstone","The Courier","Dota2Spire:PhaseBoots","Dota2Spire:HandOfMidas","HandDrill","Dota2Spire:Bloodstone","Magic Flower","Question Card"],"acts_visited":["Exordium","Gensokyo:Gensokyo"],"potions_floor_usage":[16,16,21,21,21],"damage_taken":[{"damage":13,"enemies":"Gensokyo:2_Kodama","floor":1,"turns":4},{"damage":4,"enemies":"Gensokyo:3_Fairies","floor":4,"turns":3},{"damage":13,"enemies":"Gensokyo:Mamizou","floor":6,"turns":6},{"damage":26,"enemies":"Gensokyo:Aya","floor":8,"turns":4},{"damage":6,"enemies":"Gensokyo:Python","floor":10,"turns":2},{"damage":0,"enemies":"Gensokyo:LivingMonolith","floor":11,"turns":2},{"damage":6,"enemies":"Gensokyo:Kitsune","floor":13,"turns":3},{"damage":56,"enemies":"Gensokyo:Reimu","floor":16,"turns":6},{"damage":14,"enemies":"Gensokyo:AngelMirror","floor":18,"turns":3},{"damage":2,"enemies":"Gensokyo:2_Gloops","floor":19,"turns":5},{"damage":14,"enemies":"Gensokyo:Wraith","floor":20,"turns":4},{"damage":0,"enemies":"Gensokyo:Swordslinger","floor":21,"turns":2},{"damage":16,"enemies":"Gensokyo:Monolith_and_Dog","floor":22,"turns":4},{"damage":48,"enemies":"Gensokyo:Koishi","floor":23,"turns":5},{"damage":28,"enemies":"Gensokyo:Slime_Group","floor":25,"turns":3},{"damage":25,"enemies":"Gensokyo:Chomper_and_Gloop","floor":27,"turns":3}],"seed_played":"4453211570757934162","potions_obtained":[{"floor":4,"key":"LiquidBronze"},{"floor":8,"key":"AttackPotion"},{"floor":11,"key":"Energy Potion"},{"floor":13,"key":"Energy Potion"},{"floor":18,"key":"Strength Potion"},{"floor":20,"key":"Block Potion"}],"is_trial":false,"path_per_floor":["M","?","$","M","$","E","?","E","T","M","M","R","M","COS","R","B",null,"M","M","M","M","M","E","?","M","T","M"],"character_chosen":"IRONCLAD","items_purchased":["Whetstone","Dropkick"],"campfire_rested":1,"item_purchase_floors":[3,5],"current_hp_per_floor":[73,73,73,75,75,68,68,48,48,48,54,54,54,54,78,28,80,72,76,68,74,67,25,25,24,24,0,0],"gold":378,"neow_bonus":"THREE_CARDS","is_daily":false,"chose_seed":false,"campfire_upgraded":1,"win_rate":0.0,"timestamp":1610186251,"path_taken":["M","?","?","M","$","E","?","E","T","M","?","R","M","COS","R","BOSS","M","M","M","M","M","E","?","M","T","M"],"items_purchased_type":["Relic","Card"],"build_version":"2020-12-22","purchased_purges":0,"victory":false,"max_hp_per_floor":[80,80,80,80,80,80,80,80,80,80,80,80,80,80,80,80,80,80,80,80,80,83,83,83,83,83,83,83],"card_choices":[{"not_picked":["Thunderclap","Twin Strike"],"picked":"Pommel Strike","floor":0},{"not_picked":["Perfected Strike","Feel No Pain"],"picked":"Replay:Undeath\u0027s Touch","floor":1},{"not_picked":["Combust","ReplayTheSpireMod:Muscle Training"],"picked":"Clash","floor":4},{"not_picked":["Defy Death","True Grit"],"picked":"Life Link","floor":6},{"not_picked":["ReplayTheSpireMod:LeadingStrike","Second Wind","Fire Breathing"],"picked":"SKIP","floor":8},{"not_picked":["Heavy Blade","Replay:Undeath\u0027s Touch"],"picked":"Pommel Strike","floor":10},{"not_picked":["Battle Trance","Run Through"],"picked":"Cleave","floor":11},{"not_picked":["Abandon","Dropkick","True Grit"],"picked":"SKIP","floor":13},{"not_picked":["Eclipse","Brutality"],"picked":"Feed","floor":16},{"not_picked":["Iron Wave","Sword Boomerang","Havoc"],"picked":"SKIP","floor":18},{"not_picked":["Shrug It Off","Thunderclap"],"picked":"Perfected Strike","floor":19},{"not_picked":["Clothesline","Iron Wave"],"picked":"Clash+1","floor":20},{"not_picked":["Anger","Body Slam"],"picked":"Perfected Strike","floor":21},{"not_picked":["Massacre","Metallicize+1"],"picked":"Inflame+1","floor":22},{"not_picked":["ReplayTheSpireMod:Muscle Training","Headbutt"],"picked":"Massacre","floor":23},{"not_picked":["True Grit","Exhume"],"picked":"Thunderclap","floor":25}],"player_experience":154908,"relics_obtained":[{"floor":6,"key":"The Courier"},{"floor":8,"key":"Dota2Spire:PhaseBoots"},{"floor":9,"key":"Dota2Spire:HandOfMidas"},{"floor":23,"key":"Magic Flower"},{"floor":26,"key":"Question Card"}],"event_choices":[],"is_beta":false,"boss_relics":[{"not_picked":["Ring of Chaos","Runic Dome"],"picked":"Dota2Spire:Bloodstone"}],"items_purged_floors":[],"is_endless":false,"potions_floor_spawned":[4,8,11,13,18,20],"killed_by":"Gensokyo:Chomper_and_Gloop","ascension_level":1}}