{"host":"o7j6aatxjwpw1421","time":1610176931,"event":{"mods":["2.2 Compatiblity","AchievementEnabler","BaseMod","Colored Map","DeckTracker","Highlight Path","Keyboard Shortcuts","Minty Spire (QoL Compilation)","Permanent Neow","Quick Restart","StSLib","SuperFastMode","everything is the same but u backflip on backflip"],"gold_per_floor":[109,129,129,144,144,144,162,162,162,162,212,212,226,226,226],"floor_reached":14,"playtime":576,"items_purged":[],"score":176,"play_id":"c07fc669-3b2c-44f9-8704-071643efb21d","local_time":"20210109162211","is_ascension_mode":true,"campfire_choices":[{"data":"Armaments","floor":6.0,"key":"SMITH"},{"data":"Whirlwind","floor":10.0,"key":"SMITH"},{"data":"Magnetism","floor":12.0,"key":"SMITH"}],"circlet_count":0,"master_deck":["AscendersBane","Strike_R","Strike_R","Strike_R","Defend_R","Defend_R","Defend_R","Defend_R","Bash","Magnetism+1","Shrug It Off","Armaments+1","Limit Break","Whirlwind+1","Dual Wield"],"relics":["Burning Blood","Ice Cream","Mango"],"acts_visited":["Exordium"],"potions_floor_usage":[13,14],"damage_taken":[{"damage":9.0,"enemies":"Jaw Worm","floor":1.0,"turns":5.0},{"damage":4.0,"enemies":"Cultist","floor":2.0,"turns":4.0},{"damage":0.0,"enemies":"Small Slimes","floor":4.0,"turns":4.0},{"damage":4.0,"enemies":"2 Fungi Beasts","floor":7.0,"turns":5.0},{"damage":38.0,"enemies":"Lagavulin","floor":11.0,"turns":9.0},{"damage":17,"enemies":"Exordium Thugs","floor":13,"turns":6},{"damage":39,"enemies":"Gremlin Nob","floor":14,"turns":3}],"seed_played":"-7029569915313041098","potions_obtained":[{"floor":4.0,"key":"AttackPotion"},{"floor":13,"key":"AttackPotion"}],"is_trial":false,"path_per_floor":["M","M","?","M","?","R","M","?","T","R","E","R","M","E"],"character_chosen":"IRONCLAD","items_purchased":[],"campfire_rested":0,"item_purchase_floors":[],"current_hp_per_floor":[65,67,67,68,68,68,68,68,68,68,50,50,39,0,0],"gold":226,"neow_bonus":"RANDOM_COLORLESS_2","is_daily":false,"chose_seed":false,"campfire_upgraded":3,"win_rate":0.0,"timestamp":1610176931,"path_taken":["M","M","?","?","?","R","M","?","T","R","E","R","?","E"],"items_purchased_type":[],"build_version":"2020-12-22","purchased_purges":0,"victory":false,"max_hp_per_floor":[68,68,68,68,68,68,68,68,68,68,82,82,82,82,82],"card_choices":[{"not_picked":["Metamorphosis","Mayhem"],"picked":"Magnetism","floor":0.0},{"not_picked":["Havoc","Clash"],"picked":"Shrug It Off","floor":1.0},{"not_picked":["Heavy Blade","Sentinel"],"picked":"Armaments","floor":2.0},{"not_picked":["Anger","Warcry","Cleave"],"picked":"SKIP","floor":4.0},{"not_picked":["Headbutt","Carnage"],"picked":"Whirlwind","floor":7.0},{"not_picked":["Rupture","Iron Wave","Clothesline"],"picked":"SKIP","floor":11.0},{"not_picked":["Clash","Pommel Strike"],"picked":"Dual Wield","floor":13}],"player_experience":441820,"relics_obtained":[{"floor":9.0,"key":"Ice Cream"},{"floor":11.0,"key":"Mango"}],"event_choices":[{"damage_healed":0.0,"max_hp_gain":0.0,"max_hp_loss":0.0,"gold_gain":0.0,"event_name":"Match and Keep!","player_choice":"0 cards matched","floor":3.0,"gold_loss":0.0,"damage_taken":0.0,"cards_obtained":[]},{"damage_healed":0.0,"max_hp_gain":0.0,"max_hp_loss":0.0,"gold_gain":0.0,"cards_transformed":["Strike_R"],"event_name":"Living Wall","player_choice":"Change","floor":5.0,"gold_loss":0.0,"damage_taken":0.0,"cards_obtained":["Limit Break"]},{"cards_removed":["Strike_R"],"damage_healed":0.0,"max_hp_gain":0.0,"max_hp_loss":0.0,"gold_gain":0.0,"event_name":"Purifier","player_choice":"Purged","floor":8.0,"gold_loss":0.0,"damage_taken":0.0}],"is_beta":false,"boss_relics":[],"items_purged_floors":[],"is_endless":false,"potions_floor_spawned":[4,13],"killed_by":"Gremlin Nob","ascension_level":19}}