{"host":"ci7ivtocgfxh0ueo","time":1610197866,"event":{"mods":["BaseMod","GifTheSpireLib","Minty Spire (QoL Compilation)","StSLib"],"gold_per_floor":[111,111,76,18,28,28,55,55,79,91,109,109,166,166,166,243,243,254,254,254,36,49,49,75,75,75,75,75],"floor_reached":27,"playtime":483,"items_purged":[],"score":420,"play_id":"ff36cac0-e09b-4dd0-9c0c-10d3a867cb7f","local_time":"20210109211106","is_ascension_mode":true,"campfire_choices":[{"data":"Armaments","floor":6,"key":"SMITH"},{"data":"Infernal Blade","floor":8,"key":"SMITH"},{"floor":12,"key":"REST"},{"floor":15,"key":"REST"},{"data":"Double Tap","floor":23,"key":"SMITH"},{"data":"Metallicize","floor":25,"key":"SMITH"}],"circlet_count":0,"master_deck":["AscendersBane","Strike_R","Strike_R","Strike_R","Strike_R","Defend_R+1","Defend_R","Defend_R","Defend_R","Bash+1","Pommel Strike","Armaments+1","Flex","Infernal Blade+1","Warcry","Metallicize+1","Carnage","Double Tap+1","Rage","Battle Trance"],"relics":["Burning Blood","Unceasing Top","Bottled Lightning","Happy Flower","Blood Vial","Torii","Empty Cage","Strawberry","StoneCalendar"],"acts_visited":["Exordium","TheCity"],"potions_floor_usage":[7,16,22,24],"damage_taken":[{"damage":20,"enemies":"Small Slimes","floor":1,"turns":3},{"damage":19,"enemies":"Jaw Worm","floor":5,"turns":4},{"damage":25,"enemies":"Gremlin Nob","floor":7,"turns":4},{"damage":0,"enemies":"2 Louse","floor":10,"turns":1},{"damage":6,"enemies":"Looter","floor":11,"turns":3},{"damage":20,"enemies":"Gremlin Nob","floor":13,"turns":4},{"damage":13,"enemies":"Hexaghost","floor":16,"turns":8},{"damage":12,"enemies":"Spheric Guardian","floor":18,"turns":4},{"damage":4,"enemies":"2 Thieves","floor":22,"turns":4},{"damage":35,"enemies":"Slavers","floor":24,"turns":5},{"damage":56,"enemies":"Chosen and Byrds","floor":27,"turns":4}],"seed_played":"108608951642624374","potions_obtained":[{"floor":5,"key":"Strength Potion"},{"floor":10,"key":"CultistPotion"},{"floor":22,"key":"Energy Potion"}],"is_trial":false,"path_per_floor":["M","?","?","$","M","R","E","R","T","M","M","R","?","T","R","B",null,"M","?","?","$","M","R","E","R","T","M"],"character_chosen":"IRONCLAD","items_purchased":["Armaments","Strawberry","Fire Potion"],"campfire_rested":2,"item_purchase_floors":[4,21,21],"current_hp_per_floor":[54,31,49,49,36,36,17,17,17,23,23,45,31,31,53,48,68,64,64,75,82,82,82,53,53,53,0,0],"gold":75,"neow_bonus":"ONE_RARE_RELIC","is_daily":false,"chose_seed":false,"campfire_upgraded":4,"win_rate":0.0,"timestamp":1610197866,"path_taken":["M","?","?","$","M","R","E","R","T","M","M","R","?","?","R","BOSS","M","?","?","$","M","R","E","R","T","M"],"items_purchased_type":["Card","Relic","Potion"],"build_version":"2020-12-22","purchased_purges":0,"victory":false,"max_hp_per_floor":[75,75,75,75,75,75,75,75,75,75,75,75,75,75,75,75,75,75,75,75,82,82,82,82,82,82,82,82],"card_choices":[{"not_picked":["Rupture","True Grit"],"picked":"Pommel Strike","floor":1},{"not_picked":["Clothesline","Sword Boomerang"],"picked":"Flex","floor":5},{"not_picked":["Body Slam","Iron Wave"],"picked":"Infernal Blade","floor":7},{"not_picked":["Pommel Strike","Rupture"],"picked":"Warcry","floor":10},{"not_picked":["Body Slam","Thunderclap"],"picked":"Metallicize","floor":11},{"not_picked":["Whirlwind","Pummel"],"picked":"Carnage","floor":13},{"not_picked":["Fiend Fire","Corruption"],"picked":"Double Tap","floor":16},{"not_picked":["Wild Strike","Rupture","Burning Pact"],"picked":"SKIP","floor":18},{"not_picked":["Warcry","Cleave"],"picked":"Rage","floor":22},{"not_picked":["Clothesline","Cleave"],"picked":"Battle Trance","floor":24}],"player_experience":1329049,"relics_obtained":[{"floor":7,"key":"Bottled Lightning"},{"floor":9,"key":"Happy Flower"},{"floor":13,"key":"Blood Vial"},{"floor":14,"key":"Torii"},{"floor":24,"key":"StoneCalendar"}],"event_choices":[{"damage_healed":0,"gold_gain":0,"player_choice":"Entered Light","damage_taken":23,"max_hp_gain":0,"max_hp_loss":0,"event_name":"Shining Light","floor":2,"gold_loss":0,"cards_upgraded":["Bash","Defend_R"]},{"damage_healed":18,"gold_gain":0,"player_choice":"Healed","damage_taken":0,"max_hp_gain":0,"max_hp_loss":0,"event_name":"The Cleric","floor":3,"gold_loss":35},{"damage_healed":0,"gold_gain":0,"player_choice":"Searched \u00271\u0027 times","damage_taken":0,"max_hp_gain":0,"max_hp_loss":0,"event_name":"Dead Adventurer","floor":13,"gold_loss":0},{"damage_healed":0,"gold_gain":0,"player_choice":"Ignored","damage_taken":0,"max_hp_gain":0,"max_hp_loss":0,"event_name":"Ghosts","floor":19,"gold_loss":0},{"damage_healed":15,"gold_gain":0,"player_choice":"Heal","damage_taken":0,"max_hp_gain":0,"max_hp_loss":0,"event_name":"The Library","floor":20,"gold_loss":0}],"is_beta":false,"boss_relics":[{"not_picked":["Sozu","Black Star"],"picked":"Empty Cage"}],"items_purged_floors":[],"is_endless":false,"potions_floor_spawned":[5,10,22],"killed_by":"Chosen and Byrds","ascension_level":17}}