{"host":"1a3cjta80tad0aqj","time":1610159451,"event":{"mods":["2.2 Compatiblity","AchievementEnabler","BaseMod","Colored Map","DeckTracker","KOR Keyword Fix","Keyboard Shortcuts","Minty Spire (QoL Compilation)","Permanent Neow","Quick Restart","Random Character Button","StSLib","SuperFastMode","everything is the same but u backflip on backflip"],"gold_per_floor":[114,39,54,54,54,92,92,111,161,199,199,274,274,312,312,437,437,456,456,475,475,475,513,532,282,307,345,364,89,127,146,146,271,271,290,309,309,159,178,178,197,197,197,197,216,14,14,347,347,347],"floor_reached":51,"playtime":4048,"items_purged":["Devotion","Corpse Explosion","Alpha","MasterReality","LessonLearned+1"],"score":896,"play_id":"f113a5b2-21d6-4d21-8e2f-3599132b82ad","local_time":"20210109113051","daily_mods":["Shiny","Green Cards","Terminal"],"is_ascension_mode":false,"campfire_choices":[{"floor":7,"key":"REST"},{"floor":13,"key":"REST"},{"data":"Blasphemy","floor":15,"key":"SMITH"},{"data":"Ragnarok","floor":32,"key":"SMITH"},{"floor":40,"key":"REST"},{"data":"Omniscience","floor":42,"key":"SMITH"},{"floor":47,"key":"REST"},{"floor":49,"key":"REST"}],"circlet_count":0,"master_deck":["Venomology+1","Malaise+1","Phantasmal Killer+1","Die Die Die+1","Adrenaline+1","Doppelganger+1","Burst+1","Wraith Form v2+1","Tools of the Trade+1","Night Terror+1","Unload+1","After Image+1","Bullet Time+1","Storm of Steel+1","Glass Knife+1","A Thousand Cuts+1","Judgement+1","ConjureBlade+1","Brilliance+1","Blasphemy+1","Ragnarok+1","Scrawl+1","Vault+1","Wish+1","Omniscience+1","SpiritShield+1","DevaForm+1","DeusExMachina+1","Prepared+1","Dagger Spray+1","Distraction+1","Backstab+1","WheelKick+1","Caltrops+1","FearNoEvil+1","Skewer+1","Deflect+1"],"relics":["PureWater","Bird Faced Urn","Letter Opener","Juzu Bracelet","Bronze Scales","Unceasing Top","Black Star","White Beast Statue","Gambling Chip","Mango","ClockworkSouvenir","MealTicket","Toxic Egg 2","Lantern","War Paint","StrikeDummy","Tiny Chest","Busted Crown","FossilizedHelix","Mark of the Bloom"],"acts_visited":["Exordium","TheCity","TheBeyond"],"potions_floor_usage":[10,14,18,18,18,23,27,27,28,28,30,31,33,33,36,39,39,41,41,50,50,50],"damage_taken":[{"damage":3,"enemies":"Small Slimes","floor":1,"turns":4},{"damage":0,"enemies":"2 Louse","floor":3,"turns":2},{"damage":2,"enemies":"3 Sentries","floor":6,"turns":3},{"damage":6,"enemies":"Jaw Worm","floor":8,"turns":2},{"damage":7,"enemies":"Gremlin Nob","floor":10,"turns":3},{"damage":0,"enemies":"3 Sentries","floor":14,"turns":2},{"damage":7,"enemies":"The Guardian","floor":16,"turns":8},{"damage":5,"enemies":"Spheric Guardian","floor":18,"turns":5},{"damage":0,"enemies":"Shell Parasite","floor":20,"turns":2},{"damage":26,"enemies":"Book of Stabbing","floor":23,"turns":6},{"damage":6,"enemies":"Shelled Parasite and Fungi","floor":24,"turns":2},{"damage":12,"enemies":"Gremlin Leader","floor":27,"turns":3},{"damage":0,"enemies":"3 Cultists","floor":28,"turns":4},{"damage":0,"enemies":"Book of Stabbing","floor":30,"turns":5},{"damage":0,"enemies":"Centurion and Healer","floor":31,"turns":4},{"damage":19,"enemies":"Automaton","floor":33,"turns":7},{"damage":0,"enemies":"Orb Walker","floor":35,"turns":2},{"damage":4,"enemies":"3 Darklings","floor":36,"turns":3},{"damage":24,"enemies":"Writhing Mass","floor":39,"turns":3},{"damage":4,"enemies":"4 Shapes","floor":41,"turns":2},{"damage":0,"enemies":"Transient","floor":45,"turns":6},{"damage":27,"enemies":"Donu and Deca","floor":50,"turns":5}],"seed_played":"579003938715623652","potions_obtained":[{"floor":8,"key":"BottledMiracle"},{"floor":10,"key":"DistilledChaos"},{"floor":18,"key":"Fruit Juice"},{"floor":20,"key":"Ancient Potion"},{"floor":23,"key":"FairyPotion"},{"floor":24,"key":"Energy Potion"},{"floor":27,"key":"GamblersBrew"},{"floor":28,"key":"Fire Potion"},{"floor":33,"key":"Block Potion"},{"floor":35,"key":"DistilledChaos"},{"floor":36,"key":"SkillPotion"},{"floor":39,"key":"Block Potion"},{"floor":41,"key":"GamblersBrew"},{"floor":45,"key":"AttackPotion"}],"is_trial":false,"path_per_floor":["M","$","M","?","?","E","R","M","T","E","?","?","R","E","R","B",null,"M","?","M","?","?","E","M","$","T","E","M","$","E","M","R","B",null,"M","M","?","$","M","R","M","R","T","?","M","$","R","?","R","B",null],"character_chosen":"WATCHER","items_purchased":["ClockworkSouvenir","War Paint","Deflect+1"],"campfire_rested":5,"item_purchase_floors":[25,29,46],"current_hp_per_floor":[68,68,68,56,40,38,57,51,51,46,39,28,45,47,47,48,54,58,57,56,55,54,44,38,38,38,32,34,49,57,59,58,41,56,55,53,53,52,28,43,43,43,43,43,43,43,43,42,41,14],"gold":347,"neow_bonus":"","is_daily":true,"chose_seed":false,"campfire_upgraded":3,"win_rate":0.0,"timestamp":1610159451,"path_taken":["M","$","M","?","?","E","R","M","T","E","?","?","R","E","R","BOSS","M","?","M","?","?","E","M","$","T","E","M","$","E","M","R","BOSS","M","M","?","$","M","R","M","R","T","?","M","$","R","?","R","BOSS"],"items_purchased_type":["Relic","Relic","Card"],"build_version":"2020-12-22","purchased_purges":5,"victory":true,"max_hp_per_floor":[70,69,68,67,66,65,64,63,62,61,60,59,58,57,56,55,54,58,57,56,55,54,67,66,65,64,63,62,61,60,59,58,57,56,55,54,53,52,51,50,49,48,47,46,45,44,43,42,41,40],"card_choices":[{"not_picked":["Quick Slash","Fasting2"],"picked":"Prepared","floor":1},{"not_picked":["CarveReality","FlyingSleeves","Perseverance"],"picked":"SKIP","floor":3},{"not_picked":["Meditate","ThirdEye"],"picked":"Dagger Spray","floor":6},{"not_picked":["SignatureMove","Consecrate"],"picked":"Indignation","floor":8},{"not_picked":["Prepared","BattleHymn"],"picked":"Distraction","floor":10},{"not_picked":["WindmillStrike","Deflect"],"picked":"Backstab","floor":14},{"not_picked":["EmptyBody+1","Predator"],"picked":"WheelKick","floor":18},{"not_picked":["Conclude","Halt","ThirdEye+1"],"picked":"SKIP","floor":20},{"not_picked":["EmptyMind","Sucker Punch","Bane+1"],"picked":"SKIP","floor":23},{"not_picked":["Dash","Conclude","Deflect"],"picked":"SKIP","floor":24},{"not_picked":["Evaluate+1","BowlingBash","Crescendo+1"],"picked":"SKIP","floor":27},{"not_picked":["Predator","SashWhip+1","Choke"],"picked":"SKIP","floor":28},{"not_picked":["Halt+1","Judgement+1","Tantrum"],"picked":"SKIP","floor":30},{"not_picked":["BowlingBash","Halt+1"],"picked":"Skewer","floor":31},{"not_picked":["Pray+1"],"picked":"SKIP","floor":35},{"not_picked":["Prepared+1"],"picked":"SKIP","floor":36},{"not_picked":["Outmaneuver+1"],"picked":"SKIP","floor":39},{"not_picked":["PathToVictory+1"],"picked":"SKIP","floor":41},{"not_picked":["Prostrate+1"],"picked":"SKIP","floor":45}],"player_experience":223110,"relics_obtained":[{"floor":6,"key":"Letter Opener"},{"floor":9,"key":"Juzu Bracelet"},{"floor":10,"key":"Bronze Scales"},{"floor":14,"key":"Unceasing Top"},{"floor":23,"key":"Gambling Chip"},{"floor":23,"key":"Mango"},{"floor":26,"key":"MealTicket"},{"floor":27,"key":"Toxic Egg 2"},{"floor":27,"key":"Lantern"},{"floor":30,"key":"StrikeDummy"},{"floor":30,"key":"Tiny Chest"},{"floor":43,"key":"FossilizedHelix"}],"event_choices":[{"damage_healed":0,"gold_gain":0,"player_choice":"Success","damage_taken":12,"relics_obtained":["Bird Faced Urn"],"max_hp_gain":0,"max_hp_loss":0,"event_name":"Scrap Ooze","floor":4,"gold_loss":0},{"damage_healed":0,"gold_gain":0,"player_choice":"Take Damage","damage_taken":16,"relics_obtained":["Golden Idol"],"max_hp_gain":0,"max_hp_loss":0,"event_name":"Golden Idol","floor":5,"gold_loss":0},{"cards_removed":["Establishment"],"damage_healed":0,"gold_gain":0,"player_choice":"Card Removal","damage_taken":7,"max_hp_gain":0,"max_hp_loss":0,"event_name":"Golden Wing","floor":11,"gold_loss":0},{"damage_healed":0,"gold_gain":75,"player_choice":"Gather Gold","damage_taken":11,"max_hp_gain":0,"max_hp_loss":0,"event_name":"World of Goop","floor":12,"gold_loss":0},{"damage_healed":0,"gold_gain":0,"player_choice":"Gave Potion","damage_taken":0,"relics_obtained":["White Beast Statue"],"max_hp_gain":0,"max_hp_loss":0,"event_name":"WeMeetAgain","floor":19,"gold_loss":0},{"damage_healed":0,"gold_gain":0,"player_choice":"Ignored","damage_taken":0,"max_hp_gain":0,"max_hp_loss":0,"event_name":"Ghosts","floor":21,"gold_loss":0},{"damage_healed":0,"gold_gain":0,"cards_transformed":["Grand Finale","Envenom"],"player_choice":"Became Test Subject","damage_taken":0,"max_hp_gain":0,"max_hp_loss":0,"event_name":"Drug Dealer","floor":22,"gold_loss":0,"cards_obtained":["Caltrops","FearNoEvil"]},{"cards_removed":["Indignation"],"damage_healed":0,"gold_gain":0,"player_choice":"Removed Skill","damage_taken":0,"max_hp_gain":0,"max_hp_loss":0,"event_name":"Falling","floor":37,"gold_loss":0},{"damage_healed":0,"gold_gain":0,"player_choice":"Upgrade","damage_taken":0,"relics_obtained":["Mark of the Bloom"],"max_hp_gain":0,"max_hp_loss":0,"event_name":"MindBloom","floor":44,"gold_loss":0,"cards_upgraded":["Venomology","Malaise","Phantasmal Killer","Die Die Die","Adrenaline","Doppelganger","Burst","Wraith Form v2","Night Terror","Unload","After Image","Bullet Time","Storm of Steel","Glass Knife","A Thousand Cuts","Judgement","ConjureBlade","Brilliance","LessonLearned","Wish","SpiritShield","DevaForm","Dagger Spray","Distraction","Backstab","WheelKick","Caltrops","FearNoEvil","Skewer"]},{"damage_healed":0,"gold_gain":333,"player_choice":"Gave Idol","damage_taken":0,"max_hp_gain":0,"max_hp_loss":0,"event_name":"The Moai Head","floor":48,"relics_lost":["Golden Idol"],"gold_loss":0}],"is_beta":false,"boss_relics":[{"not_picked":["VioletLotus","Snecko Eye"],"picked":"Black Star"},{"not_picked":["HolyWater","Runic Pyramid"],"picked":"Busted Crown"}],"items_purged_floors":[2,25,29,38,46],"is_endless":false,"potions_floor_spawned":[8,10,18,20,23,24,27,28,30,31,33,35,36,39,41,45],"ascension_level":0}}