{"host":"cr892wvdvh6p7gzy","time":1610210393,"event":{"mods":["A Magickal Journey","BaseMod","BetterRewards","Downfall","GifTheSpireLib","Hubris","Infinite Spire","Minty Spire (QoL Compilation)","READ ME - Guardian Mod","Replay The Spire","SOS???????","StSLib","The Bug Knight","The Dragon Tamer","The Necromancer","???Mod??????Boss"],"gold_per_floor":[109,87,97,116,129,154,154,164,164,164,191,191,191,203,203,299,299,316,316,332,350,368,403,403,419,419,419,419,434,434,434,434,534,534,534],"floor_reached":34,"playtime":1958,"items_purged":[],"score":422,"play_id":"dd5ae5b1-954c-414e-a9f4-b6bcae188a03","local_time":"20210109173953","is_ascension_mode":true,"campfire_choices":[{"data":"Dualcast","floor":7,"key":"SMITH"},{"floor":10,"key":"REST"},{"floor":15,"key":"REST"},{"floor":24,"key":"REST"},{"data":"Sunder","floor":27,"key":"SMITH"},{"floor":30,"key":"REST"},{"floor":32,"key":"REST"}],"circlet_count":0,"master_deck":["Strike_B","Strike_B","Strike_B","Strike_B","Defend_B","Defend_B","Defend_B","Defend_B","Zap","Dualcast+1","Ball Lightning","Sunder+1","Ball Lightning","ReplayTheSpireMod:Omega Cannon","Static Discharge+1","Conserve Battery+1","Conserve Battery+1","Leap"],"relics":["Cracked Core","Carrot","hubris:SphereOfDissonance","Pet Ghost","infinitespire:Satchel","hubris:Towel","Velvet Choker","Replay:Mystery Machine","Replay:Bottled Eggs","PreservedInsect","Black Star"],"acts_visited":["Exordium","TheCity","TheBeyond"],"potions_floor_usage":[6,6,8,16,25,33],"damage_taken":[{"damage":0,"enemies":"Cultist","floor":1,"turns":4},{"damage":0,"enemies":"Small Slimes","floor":3,"turns":2},{"damage":2,"enemies":"Jaw Worm","floor":4,"turns":3},{"damage":9,"enemies":"Red Slaver","floor":5,"turns":3},{"damage":9,"enemies":"Lagavulin","floor":6,"turns":5},{"damage":12,"enemies":"Exordium Wildlife","floor":8,"turns":3},{"damage":31,"enemies":"3 Sentries","floor":11,"turns":5},{"damage":1,"enemies":"Lots of Slimes","floor":14,"turns":2},{"damage":38,"enemies":"Hexaghost","floor":16,"turns":8},{"damage":0,"enemies":"3 Byrds","floor":18,"turns":3},{"damage":9,"enemies":"Shell Parasite","floor":20,"turns":3},{"damage":1,"enemies":"3 Cultists","floor":21,"turns":3},{"damage":18,"enemies":"Centurion and Healer","floor":22,"turns":2},{"damage":17,"enemies":"Replay:Snechameleon","floor":23,"turns":5},{"damage":9,"enemies":"Snake Plant","floor":25,"turns":2},{"damage":31,"enemies":"Shelled Parasite and Fungi","floor":29,"turns":2},{"damage":40,"enemies":"Champ","floor":33,"turns":9}],"seed_played":"6391562218742101300","potions_obtained":[{"floor":3,"key":"Energy Potion"},{"floor":5,"key":"EssenceOfSteel"},{"floor":6,"key":"GamblersBrew"},{"floor":8,"key":"SpeedPotion"},{"floor":11,"key":"SteroidPotion"},{"floor":23,"key":"Energy Potion"},{"floor":25,"key":"champ:CounterPotion"},{"floor":33,"key":"LiquidMemories"}],"is_trial":false,"path_per_floor":["M","$","M","M","M","E","R","M","T","R","E","?","?","M","R","B",null,"M","?","M","M","M","E","R","M","T","R","?","M","R","T","R","B",null],"character_chosen":"DEFECT","items_purchased":["Ball Lightning"],"campfire_rested":5,"item_purchase_floors":[2],"current_hp_per_floor":[82,82,82,80,71,62,62,50,50,74,43,36,36,35,59,21,82,82,82,73,72,54,37,61,52,52,52,57,26,50,50,74,34,82,82],"gold":534,"neow_bonus":"TEN_PERCENT_HP_BONUS","is_daily":false,"chose_seed":false,"campfire_upgraded":2,"win_rate":0.0,"timestamp":1610210393,"path_taken":["M","$","M","?","M","E","R","?","T","R","E","?","?","M","R","BOSS","M","?","M","?","M","E","R","M","T","R","?","?","R","?","R","BOSS"],"items_purchased_type":["Card"],"build_version":"2020-12-22","purchased_purges":0,"victory":false,"max_hp_per_floor":[82,82,82,82,82,82,82,82,82,82,82,82,82,82,82,82,82,82,82,82,82,82,82,82,82,82,82,82,82,82,82,82,82,82,82],"card_choices":[{"not_picked":["Self Repair","Beam Cell"],"picked":"BasicCrystalCard","floor":1},{"not_picked":["Reprogram","ReplayTheSpireMod:Repulse"],"picked":"Sunder","floor":3},{"not_picked":["Cold Snap","Panic Button","BasicCrystalCard"],"picked":"SKIP","floor":4},{"not_picked":["Time Bomb","Steam"],"picked":"Ball Lightning","floor":5},{"not_picked":["BootSequence","Steam","Cold Snap"],"picked":"SKIP","floor":6},{"not_picked":["hubris:SpecializedCircuitry","Barrage","Sweeping Beam"],"picked":"SKIP","floor":8},{"not_picked":["Coolheaded","Hyperbeam","ReplayTheSpireMod:Calculation Training"],"picked":"SKIP","floor":11},{"not_picked":["ReplayTheSpireMod:Calculation Training","ReplayTheSpireMod:Repulse","Stack"],"picked":"SKIP","floor":14},{"not_picked":["Buffer","hubris:Prefetch"],"picked":"ReplayTheSpireMod:Omega Cannon","floor":16},{"not_picked":["Rip and Tear+1","ReplaySort","Consume"],"picked":"SKIP","floor":18},{"not_picked":["Redo","Skim","Stack"],"picked":"SKIP","floor":20},{"not_picked":["Reprogram","Ball Lightning"],"picked":"Static Discharge+1","floor":21},{"not_picked":["Go for the Eyes","Scrape+1"],"picked":"Conserve Battery","floor":22},{"not_picked":["Sweeping Beam","Cold Snap"],"picked":"Conserve Battery","floor":23},{"not_picked":["Beam Cell","Loop","Scrape"],"picked":"SKIP","floor":25},{"not_picked":["ReplayTheSpireMod:Repulse+1","Rip and Tear"],"picked":"Leap","floor":29}],"player_experience":466781,"relics_obtained":[{"floor":6,"key":"Carrot"},{"floor":9,"key":"hubris:SphereOfDissonance"},{"floor":11,"key":"Pet Ghost"},{"floor":23,"key":"Replay:Mystery Machine"},{"floor":26,"key":"Replay:Bottled Eggs"},{"floor":31,"key":"PreservedInsect"}],"event_choices":[{"damage_healed":0,"gold_gain":0,"player_choice":"Success","damage_taken":7,"relics_obtained":["infinitespire:Satchel"],"max_hp_gain":0,"max_hp_loss":0,"event_name":"Scrap Ooze","floor":12,"gold_loss":0},{"damage_healed":0,"gold_gain":0,"player_choice":"0 cards matched","damage_taken":0,"max_hp_gain":0,"max_hp_loss":0,"event_name":"Match and Keep!","floor":19,"gold_loss":0,"cards_obtained":[]},{"cards_removed":["BasicCrystalCard"],"damage_healed":5,"gold_gain":0,"player_choice":"Offered Common","damage_taken":0,"max_hp_gain":0,"max_hp_loss":0,"event_name":"Bonfire Elementals","floor":28,"gold_loss":0},{"cards_removed":["BasicCrystalCard"],"damage_healed":5,"gold_gain":0,"player_choice":"Offered Special","damage_taken":0,"max_hp_gain":0,"max_hp_loss":0,"event_name":"Bonfire Elementals","floor":28,"gold_loss":0}],"is_beta":false,"boss_relics":[{"not_picked":["Replay:Bronze Core","Replay:Drink Me"],"picked":"Velvet Choker"},{"not_picked":["infinitespire:Cupcake","Replay:Grab Bag"],"picked":"Black Star"}],"items_purged_floors":[],"is_endless":false,"potions_floor_spawned":[3,5,6,8,11,23,25,33],"ascension_level":2}}