{"host":"52m1o8iwwagurbjs","time":1610223429,"event":{"mods":["AchievementEnabler","BaseMod","Bestiary","Colored Powertips","GifTheSpireLib","Minty Spire (QoL Compilation)","Quick Restart","RNG Fix","Relic Stats","StSLib"],"gold_per_floor":[117,69,79,79,89,123,123,162,209,248,248,348,298,298,298],"floor_reached":14,"playtime":444,"items_purged":[],"score":216,"play_id":"c5f85d3d-ee12-4ae6-aaf0-fae454cbccd2","local_time":"20210109151709","is_ascension_mode":true,"campfire_choices":[{"floor":7.0,"key":"REST"},{"data":"True Grit","floor":11,"key":"SMITH"}],"circlet_count":0,"master_deck":["AscendersBane","Bash","Power Through","Reckless Charge","Battle Trance","Body Slam","Sever Soul","Sever Soul","Dark Embrace","Wild Strike","Shockwave","Burning Pact","True Grit+1","Shrug It Off","Pummel","Burning Pact"],"relics":["Pandora\u0027s Box","Paper Frog","InkBottle","CeramicFish","Anchor","Molten Egg 2"],"acts_visited":["Exordium"],"potions_floor_usage":[],"damage_taken":[{"damage":0.0,"enemies":"Jaw Worm","floor":1.0,"turns":3.0},{"damage":0.0,"enemies":"Small Slimes","floor":3.0,"turns":2.0},{"damage":0.0,"enemies":"2 Louse","floor":5.0,"turns":2.0},{"damage":35.0,"enemies":"Gremlin Nob","floor":6.0,"turns":4.0},{"damage":0.0,"enemies":"Lagavulin","floor":8.0,"turns":4.0},{"damage":2,"enemies":"3 Sentries","floor":10,"turns":5},{"damage":38,"enemies":"Lagavulin","floor":14,"turns":7}],"seed_played":"-9194557897193716275","potions_obtained":[{"floor":1.0,"key":"PowerPotion"},{"floor":6.0,"key":"ElixirPotion"}],"is_trial":false,"path_per_floor":["M","$","M","?","M","E","R","E","T","E","R","?","?","E"],"character_chosen":"IRONCLAD","items_purchased":["SteroidPotion"],"campfire_rested":1,"item_purchase_floors":[2],"current_hp_per_floor":[72,72,72,47,47,12,36,36,36,34,34,34,34,0,0],"gold":298,"neow_bonus":"BOSS_RELIC","is_daily":false,"chose_seed":false,"campfire_upgraded":1,"win_rate":0.0,"timestamp":1610223429,"path_taken":["M","$","M","?","M","E","R","E","T","E","R","?","?","E"],"items_purchased_type":["Potion"],"build_version":"2020-12-22","purchased_purges":0,"victory":false,"max_hp_per_floor":[80,80,80,80,80,80,80,80,80,80,80,80,80,80,80],"relic_stats":{"counters":[7,27],"CeramicFish":18,"Pandora\u0027s Box":["Blood for Blood","Power Through","Reckless Charge","Battle Trance","Body Slam","Sever Soul","Sever Soul","Dark Embrace","Wild Strike"],"obtain_stats":[{"Anchor":9,"CeramicFish":8,"Pandora\u0027s Box":0,"Molten Egg 2":10,"Burning Blood":0,"InkBottle":6,"Paper Frog":4},{"Anchor":5,"CeramicFish":5,"Pandora\u0027s Box":0,"Molten Egg 2":6,"Burning Blood":0,"InkBottle":4,"Paper Frog":2},{"Anchor":15,"CeramicFish":15,"Pandora\u0027s Box":0,"Molten Egg 2":20,"Burning Blood":0,"InkBottle":11,"Paper Frog":5}],"InkBottle":[2]},"card_choices":[{"not_picked":["Havoc","Blood for Blood"],"picked":"Shockwave","floor":1.0},{"not_picked":["Twin Strike","Carnage"],"picked":"Burning Pact","floor":3.0},{"not_picked":["Clash","Sword Boomerang"],"picked":"True Grit","floor":5.0},{"not_picked":["Pommel Strike","Brutality"],"picked":"Shrug It Off","floor":6.0},{"not_picked":["Rupture","Flex"],"picked":"Pummel","floor":8.0},{"not_picked":["Disarm","Combust"],"picked":"Burning Pact","floor":10}],"player_experience":1102913,"relics_obtained":[{"floor":6.0,"key":"InkBottle"},{"floor":8.0,"key":"CeramicFish"},{"floor":9.0,"key":"Anchor"},{"floor":10,"key":"Molten Egg 2"}],"event_choices":[{"damage_healed":0.0,"max_hp_gain":0.0,"max_hp_loss":0.0,"gold_gain":0.0,"event_name":"Scrap Ooze","player_choice":"Success","floor":4.0,"gold_loss":0.0,"damage_taken":25.0,"relics_obtained":["Paper Frog"]},{"damage_healed":0,"gold_gain":100,"player_choice":"Pray","damage_taken":0,"max_hp_gain":0,"max_hp_loss":0,"event_name":"Golden Shrine","floor":12,"gold_loss":0},{"cards_removed":["Blood for Blood"],"damage_healed":0,"gold_gain":0,"player_choice":"Card Removal","damage_taken":0,"max_hp_gain":0,"max_hp_loss":0,"event_name":"The Cleric","floor":13,"gold_loss":50}],"is_beta":false,"boss_relics":[],"items_purged_floors":[],"is_endless":false,"potions_floor_spawned":[1,3,6],"killed_by":"Lagavulin","ascension_level":13}}