{"host":"5dk97cf2ubw2v967","time":1610193302,"event":{"mods":["AlwaysNeverKeys","BaseMod","Better Altar","Better Vampires","Block Reminder","Colored Powertips","Downfall","Googly Eyes","Highlight Path","Minty Spire (QoL Compilation)","Permanent Neow","Potion Indicator Mod","Quick Restart","Relic Filter","Relic Stats","Say the Spire","Spicy Shops","StSLib","Waifu the Spire","everything is the same but u backflip on backflip"],"gold_per_floor":[99,115,25,25,42,57,57,207,207,13,30,30,30,30,30,30],"floor_reached":14,"playtime":572,"items_purged":["Guardian:Strike_Guardian","Pain"],"score":156,"play_id":"ebca92ad-97ad-49ab-a740-0e07619c0dc3","local_time":"20210109115502","is_ascension_mode":true,"campfire_choices":[{"floor":1,"key":"RECALL"}],"circlet_count":0,"master_deck":["AscendersBane","Guardian:Strike_Guardian","Guardian:Strike_Guardian","Guardian:Defend_Guardian","Guardian:Defend_Guardian","Guardian:Defend_Guardian","Guardian:Defend_Guardian","Guardian:CurlUp","Guardian:TwinSlam","Guardian:ChargeCore","Guardian:BronzeOrb","Guardian:Recover","Doubt","Guardian:Gem_Red","Guardian:StasisField","Regret","Guardian:Gem_Purple","Guardian:Gem_Blue"],"relics":["Fusion Hammer","WarpedTongs","Pantograph","MealTicket","Guardian:PickAxe"],"acts_visited":["Exordium"],"potions_floor_usage":[14],"damage_taken":[{"damage":1,"enemies":"Cultist","floor":2,"turns":4},{"damage":0,"enemies":"downfall:FleeingMerchant","floor":3,"turns":4},{"damage":2,"enemies":"Small Slimes","floor":5,"turns":3},{"damage":6,"enemies":"Jaw Worm","floor":6,"turns":4},{"damage":5,"enemies":"downfall:FleeingMerchant","floor":10,"turns":4},{"damage":1,"enemies":"Blue Slaver","floor":11,"turns":4},{"damage":23,"enemies":"Lagavulin","floor":14,"turns":10}],"seed_played":"8180369244740815586","potions_obtained":[{"floor":5,"key":"Weak Potion"}],"is_trial":false,"path_per_floor":["R","M","$","?","M","M","T","?","?","$","M","?","R","E"],"character_chosen":"GUARDIAN","items_purchased":["MealTicket"],"campfire_rested":0,"item_purchase_floors":[10],"current_hp_per_floor":[65,64,64,64,62,56,56,56,56,51,50,50,50,27,27,27],"gold":30,"neow_bonus":"BOSS_RELIC","is_daily":false,"chose_seed":false,"campfire_upgraded":0,"win_rate":0.0,"timestamp":1610193302,"path_taken":["R","M","?","?","?","M","T","?","?","$","M","?","R","E"],"items_purchased_type":["Relic"],"build_version":"2020-12-22","purchased_purges":2,"victory":false,"max_hp_per_floor":[72,72,72,72,72,72,72,72,72,72,72,72,72,72,72,72],"relic_stats":{"counters":[7,33],"Pantograph":0,"MealTicket":0,"obtain_stats":[{"Guardian:PickAxe":12,"Pantograph":7,"Guardian:ModeShifter":0,"MealTicket":10,"Fusion Hammer":0,"WarpedTongs":4},{"Guardian:PickAxe":6,"Pantograph":4,"Guardian:ModeShifter":0,"MealTicket":5,"Fusion Hammer":0,"WarpedTongs":2},{"Guardian:PickAxe":23,"Pantograph":15,"Guardian:ModeShifter":0,"MealTicket":19,"Fusion Hammer":0,"WarpedTongs":8}],"WarpedTongs":[24]},"card_choices":[{"not_picked":["Guardian:Incinerate","Guardian:CrystalBeam"],"picked":"Guardian:ChargeCore","floor":2},{"not_picked":["Guardian:RefractedBeam","Guardian:CrystalBeam"],"picked":"Guardian:Gem_Fragmented","floor":3},{"not_picked":["Guardian:TemporalStrike","Guardian:ArmoredProtocol"],"picked":"Guardian:BronzeOrb","floor":5},{"not_picked":["Guardian:RollAttack","Guardian:Gem_Lightblue"],"picked":"Guardian:Recover","floor":6},{"not_picked":["Guardian:PolyBeam","Guardian:Recover"],"picked":"Guardian:Gem_Red","floor":10},{"not_picked":["Guardian:Gem_Red","Guardian:ChargeCore"],"picked":"Guardian:StasisField","floor":11}],"player_experience":1347371,"relics_obtained":[{"floor":7,"key":"Pantograph"}],"event_choices":[{"damage_healed":0,"gold_gain":0,"player_choice":"Box","damage_taken":0,"relics_obtained":["Guardian:PickAxe"],"max_hp_gain":0,"max_hp_loss":0,"event_name":"Big Fish","floor":12,"gold_loss":0,"cards_obtained":["Regret"]}],"is_beta":false,"boss_relics":[],"items_purged_floors":[3,10],"is_endless":false,"potions_floor_spawned":[5],"killed_by":"Lagavulin","ascension_level":20}}