{"host":"xrbxyo513dr24h85","time":1610177250,"event":{"mods":["BaseMod","Better Third Choice","Colored Map","Downfall","Googly Eyes","Halation","Hubris","Lobotomy","Minty Spire (QoL Compilation)","Random Character Button","Relic Stats","Replay The Spire","Retaliation","StSLib","The Blue Laboratory"],"gold_per_floor":[117,132,132,146,146,157,157,2,2,20,20,20,55,55,55,150,150,168,179,193,203,222,222,254,269,316,316,328,173,133,150,150,150,150],"floor_reached":33,"playtime":910,"items_purged":[],"score":296,"play_id":"95f938d3-2e2d-4fad-99bb-e6dc20e45224","local_time":"20210108232730","is_ascension_mode":false,"campfire_choices":[{"data":"Buffer","floor":7,"key":"SMITH"},{"data":"ReplaySolidLightProjector","floor":12,"key":"SMITH"},{"floor":23,"key":"REST"},{"floor":27,"key":"REST"},{"floor":32,"key":"REST"}],"circlet_count":0,"master_deck":["Strike_B","Strike_B+1","Strike_B+1","Strike_B","Defend_B+1","Zap+1","Dualcast","Buffer+1","Consume+1","Defragment+1","Coolheaded+1","ReplaySolidLightProjector+1","Conserve Battery","Electrodynamics","Cold Snap","White Noise","BootSequence","Glacier+1","Conserve Battery+1","Defragment+1"],"relics":["Cracked Core","hubris:TenFootPole","War Paint","halation:PrussianBluePaint","Empty Cage","Akabeko","DollysMirror"],"acts_visited":["Exordium","TheCity"],"potions_floor_usage":[6,10,21,24,24,24,31],"damage_taken":[{"damage":0,"enemies":"Cultist","floor":1,"turns":4},{"damage":7,"enemies":"2 Louse","floor":2,"turns":2},{"damage":6,"enemies":"Jaw Worm","floor":4,"turns":4},{"damage":6,"enemies":"Exordium Thugs","floor":6,"turns":4},{"damage":4,"enemies":"3 Louse","floor":10,"turns":4},{"damage":0,"enemies":"Replay:BlueRogue","floor":13,"turns":5},{"damage":21,"enemies":"Slime Boss","floor":16,"turns":12},{"damage":26,"enemies":"Shell Parasite","floor":18,"turns":5},{"damage":0,"enemies":"Chosen","floor":19,"turns":4},{"damage":12,"enemies":"3 Cultists","floor":20,"turns":3},{"damage":25,"enemies":"Shelled Parasite and Fungi","floor":21,"turns":6},{"damage":8,"enemies":"Cultist and Chosen","floor":22,"turns":6},{"damage":9,"enemies":"Replay:Snechameleon","floor":24,"turns":6},{"damage":15,"enemies":"Centurion and Healer","floor":25,"turns":4},{"damage":16,"enemies":"Snake Plant","floor":28,"turns":4},{"damage":7,"enemies":"3 Cultists","floor":31,"turns":4},{"damage":37,"enemies":"Automaton","floor":33,"turns":6}],"seed_played":"2973515047755743525","potions_obtained":[{"floor":1,"key":"AttackPotion"},{"floor":2,"key":"blueLaboratory:PyrophylliteBrew"},{"floor":10,"key":"Reflective Coating"},{"floor":18,"key":"Swift Potion"},{"floor":21,"key":"blueLaboratory:BubblePotion"},{"floor":22,"key":"Adrenaline Potion"},{"floor":28,"key":"LiquidMemories"}],"is_trial":false,"path_per_floor":["M","M","$","M","?","M","R","$","T","M","?","R","E","?","R_BF","B",null,"M","M","M","M","M","R","E","M","T","R","M","$","?","M","R","B"],"character_chosen":"DEFECT","items_purchased":["hubris:TenFootPole","DollysMirror"],"campfire_rested":3,"item_purchase_floors":[8,29],"current_hp_per_floor":[75,68,68,62,62,56,56,56,56,52,45,45,45,45,67,46,75,49,49,37,12,4,26,17,2,2,24,8,8,8,1,23,0,0],"gold":150,"neow_bonus":"ONE_RANDOM_RARE_CARD","is_daily":false,"chose_seed":false,"campfire_upgraded":2,"win_rate":0.0,"timestamp":1610177250,"path_taken":["M","M","?","M","?","?","R","$","T","M","?","R","E","?","R_BF","BOSS","M","?","?","M","?","R","E","M","T","R","M","$","?","M","R","BOSS"],"items_purchased_type":["Relic","Relic"],"build_version":"2020-12-22","purchased_purges":0,"victory":false,"max_hp_per_floor":[75,75,75,75,75,75,75,75,75,75,75,75,75,75,75,75,75,75,75,75,75,75,75,75,75,75,75,75,75,75,75,75,75,75],"relic_stats":{"counters":[17,83],"War Paint":["Zap","Consume"],"obtain_stats":[{"halation:PrussianBluePaint":13,"DollysMirror":29,"hubris:TenFootPole":8,"War Paint":9,"Cracked Core":0,"Empty Cage":17,"Akabeko":24},{"halation:PrussianBluePaint":6,"DollysMirror":15,"hubris:TenFootPole":4,"War Paint":4,"Cracked Core":0,"Empty Cage":7,"Akabeko":13},{"halation:PrussianBluePaint":23,"DollysMirror":73,"hubris:TenFootPole":14,"War Paint":14,"Cracked Core":0,"Empty Cage":35,"Akabeko":65}]},"card_choices":[{"not_picked":["Leap","Rebound"],"picked":"Consume","floor":1},{"not_picked":["BasicCrystalCard","Leap"],"picked":"Defragment","floor":2},{"not_picked":["Blizzard","Doom and Gloom","Go for the Eyes"],"picked":"SKIP","floor":4},{"not_picked":["Go for the Eyes","ReplaySolidLightProjector"],"picked":"Coolheaded","floor":6},{"not_picked":["Rebound","Steam"],"picked":"ReplaySolidLightProjector","floor":10},{"not_picked":["Melter","Genetic Algorithm"],"picked":"Conserve Battery","floor":13},{"not_picked":["All For One","Meteor Strike"],"picked":"Electrodynamics","floor":16},{"not_picked":["Panic Button","Leap","Barrage"],"picked":"SKIP","floor":18},{"not_picked":["Scrape+1","Auto Shields","Sweeping Beam"],"picked":"SKIP","floor":19},{"not_picked":["Go for the Eyes+1","ReplayTheSpireMod:GoodbyeWorld"],"picked":"Cold Snap","floor":20},{"not_picked":["Barrage","FIFO Queue"],"picked":"White Noise","floor":21},{"not_picked":["Blizzard+1","Genetic Algorithm","Beam Cell"],"picked":"SKIP","floor":22},{"not_picked":["Sweeping Beam","ReplayTheSpireMod:Reroute Power"],"picked":"BootSequence","floor":24},{"not_picked":["Barrage","Rebound"],"picked":"Glacier+1","floor":25},{"not_picked":["Barrage","Sweeping Beam+1"],"picked":"Conserve Battery","floor":28},{"not_picked":["Chaos","Redo","Skim"],"picked":"SKIP","floor":31}],"player_experience":1171819,"relics_obtained":[{"floor":9,"key":"War Paint"},{"floor":13,"key":"halation:PrussianBluePaint"},{"floor":24,"key":"Akabeko"}],"event_choices":[{"damage_healed":0,"gold_gain":0,"player_choice":"Forge","damage_taken":0,"max_hp_gain":0,"max_hp_loss":0,"event_name":"Accursed Blacksmith","floor":5,"gold_loss":0,"cards_upgraded":["Defragment"]},{"damage_healed":52,"gold_gain":0,"player_choice":"Upgrade","damage_taken":15,"max_hp_gain":0,"max_hp_loss":75,"event_name":"betterThird:BetterShining","floor":11,"gold_loss":0,"cards_upgraded":["Strike_B","Strike_B"]},{"cards_removed":["Defend_B"],"damage_healed":0,"gold_gain":0,"player_choice":"Purged","damage_taken":0,"max_hp_gain":0,"max_hp_loss":0,"event_name":"Purifier","floor":14,"gold_loss":0},{"damage_healed":0,"gold_gain":0,"player_choice":"Upgraded Two","damage_taken":0,"max_hp_gain":0,"max_hp_loss":0,"event_name":"Designer","floor":30,"gold_loss":40,"cards_upgraded":["Defend_B","Conserve Battery"]}],"is_beta":false,"boss_relics":[{"not_picked":["Snecko Eye","halation:LoveArrow"],"picked":"Empty Cage"}],"items_purged_floors":[],"is_endless":false,"potions_floor_spawned":[1,2,10,18,21,22,28],"killed_by":"Automaton","ascension_level":0}}