{"host":"6a06qhlf17v5rcww","time":1610156844,"event":{"mods":["Act Like it!","Aspiration","BaseMod","Beaked The Cultist","Better Altar","Better Match","Better Note","Better Sensory Stone","Better Skull","Better Third Choice","Better Vampires","BetterRewards","Block Reminder","Colored Powertips","Downfall","Gensokyo","Infinite Spire","Minty Spire (QoL Compilation)","Poor People Problems","Prisma Mod","Rare Cards Sparkle","Replay The Spire","Shade Mod","Slumbering Mod","StSLib","The Bug Knight","The Jungle","The Marked"],"gold_per_floor":[116,134,134,134,147,147,167,167,167,180,180,204,204,219,219,340,340,359,359,377,327,341,341,52,52,52,122,130,130,130,165,165,350,350,374,400,400,414,437,437,648,648,675,675,675,137,137,157,157,157],"floor_reached":51,"playtime":10613,"items_purged":["ReplayTheSpireMod:Splinters","Doubt"],"score":937,"play_id":"605d061d-ad7c-466b-80dc-ba58bc670b28","local_time":"20210108204724","is_ascension_mode":false,"campfire_choices":[{"data":"theSlumbering:ImagineSkill","floor":6.0,"key":"SMITH"},{"data":"theSlumbering:BasicDefend","floor":11.0,"key":"SMITH"},{"data":"theSlumbering:Yawn","floor":13.0,"key":"SMITH"},{"data":"theSlumbering:Invigorate","floor":15.0,"key":"SMITH"},{"data":"ReplayTheSpireMod:Book of Names","floor":23.0,"key":"SMITH"},{"floor":25.0,"key":"REST"},{"data":"ReplayTheSpireMod:Brewmster","floor":29.0,"key":"SMITH"},{"data":"Blind","floor":32.0,"key":"SMITH"},{"data":"theSlumbering:Comfortable","floor":40.0,"key":"SMITH"},{"data":"Replay:Sssssssssshield","floor":42.0,"key":"SMITH"},{"data":"Replay:SS_hec_2","floor":47,"key":"SMITH"},{"data":"theSlumbering:PrepareAlarm","floor":49,"key":"SMITH"}],"circlet_count":0,"master_deck":["theSlumbering:Strike_Slumbering","theSlumbering:Strike_Slumbering","theSlumbering:Defend_Slumbering","theSlumbering:Defend_Slumbering","theSlumbering:Invigorate+1","theSlumbering:DreamEater","theSlumbering:Redemption","theSlumbering:ReadyGaze","theSlumbering:ImagineSkill+1","theSlumbering:StrongFooting","theSlumbering:FocusedStrike","theSlumbering:Nightmare","Replay:Sssssssssshield+1","theSlumbering:SleepParalysis","theSlumbering:WakeUpSlap","Swift Strike+1","theSlumbering:Stretch+1","theSlumbering:Yawn+1","ReplayTheSpireMod:Book of Names+1","theSlumbering:EntombedWeapon+1","theSlumbering:DreamDeath","theSlumbering:TrialsofHypnos+1","theSlumbering:ForcedThought","theSlumbering:ForcedThought","theSlumbering:Yawn","Blind+1","ReplayTheSpireMod:Brewmster+1","theSlumbering:Wake","theSlumbering:Yawn","theSlumbering:Seed","theSlumbering:PrepareAlarm+1","theSlumbering:WokeAttack+1","theSlumbering:WokeAttack+1","theSlumbering:WokeDefend+1","Crystallizer+1","Rebound","theSlumbering:Comfortable+1","Sweeping Beam+1","Hologram+1","Madness","Madness","theSlumbering:Reflect+1","Replay:SS_hec_2+1","ReplaySolidLightProjector+1"],"relics":["theSlumbering:SlumberingRelic","theSlumbering:HeartCollector","Strange Spoon","Girya","BargainBundle","Golden Idol","Replay:Bottled Flurry","Replay:Ancient Bell","Toy Ornithopter","Kunai","Pocketwatch","ReplayTheSpireMod:ShopPack","Pantograph","Replay:Accelerometer","Dead Branch","theSlumbering:EnchantedHammer","aspiration:DefectSkillbook","Mango","Replay:WaspNest","Dream Catcher","aspiration:HatOfInfinitePower"],"acts_visited":["Exordium","TheCity","TheBeyond"],"potions_floor_usage":[50,50,50,50,50,50,50,50,50,50,50],"damage_taken":[{"damage":0.0,"enemies":"Small Slimes","floor":1.0,"turns":5.0},{"damage":0.0,"enemies":"2 Louse","floor":2.0,"turns":3.0},{"damage":0.0,"enemies":"Jaw Worm","floor":5.0,"turns":5.0},{"damage":0.0,"enemies":"2 Fungi Beasts","floor":7.0,"turns":5.0},{"damage":0.0,"enemies":"3 Louse","floor":10.0,"turns":4.0},{"damage":0.0,"enemies":"Large Slime","floor":12.0,"turns":6.0},{"damage":0.0,"enemies":"2 Fungi Beasts","floor":14.0,"turns":5.0},{"damage":0.0,"enemies":"Slime Boss","floor":16.0,"turns":6.0},{"damage":0.0,"enemies":"Chosen","floor":18.0,"turns":6.0},{"damage":0.0,"enemies":"3 Byrds","floor":20.0,"turns":7.0},{"damage":0.0,"enemies":"Shelled Parasite and Fungi","floor":22.0,"turns":11.0},{"damage":0.0,"enemies":"Gremlin Leader","floor":27.0,"turns":25.0},{"damage":0.0,"enemies":"Snake Plant","floor":28.0,"turns":6.0},{"damage":0.0,"enemies":"Chosen and Byrds","floor":31.0,"turns":15.0},{"damage":0.0,"enemies":"Automaton","floor":33.0,"turns":13.0},{"damage":0.0,"enemies":"Orb Walker","floor":35.0,"turns":5.0},{"damage":0.0,"enemies":"Mind Bloom Boss Battle","floor":36.0,"turns":6.0},{"damage":0.0,"enemies":"3 Shapes","floor":38.0,"turns":5.0},{"damage":0.0,"enemies":"Transient","floor":39.0,"turns":5.0},{"damage":0.0,"enemies":"Nightmare","floor":41.0,"turns":10.0},{"damage":0,"enemies":"4 Shapes","floor":48,"turns":5},{"damage":0,"enemies":"Time Eater","floor":50,"turns":13}],"seed_played":"8444350390019296408","potions_obtained":[{"floor":10.0,"key":"Energy Potion"},{"floor":27.0,"key":"Guardian:BlockOnCardUsePotion"},{"floor":35.0,"key":"PowerPotion"},{"floor":38.0,"key":"Adrenaline Potion"},{"floor":41.0,"key":"Dexterity Potion"}],"is_trial":false,"path_per_floor":["M","M","?","?","M","R","M","?","T","M","R","M","R","M","R","B",null,"M","?","M","?","M","R","$","R","T","E","M","R","AVR","M","R","B",null,"M","?","?","M","M","R","NM","R","T","?","$","$","R","M","R","B",null],"character_chosen":"THE_SLUMBERING","items_purchased":["Strange Spoon","BargainBundle","theSlumbering:ReadyGaze","theSlumbering:ImagineSkill","theSlumbering:StrongFooting","theSlumbering:FocusedStrike","theSlumbering:Nightmare","Explosive Potion","BlessingOfTheForge","BlessingOfTheForge","Replay:Sssssssssshield","theSlumbering:ForcedThought","theSlumbering:Yawn","ReplayTheSpireMod:ShopPack","theSlumbering:Reflect","Replay:SS_hec_2","aspiration:HatOfInfinitePower"],"campfire_rested":1,"item_purchase_floors":[0,0,0,0,0,0,0,0,0,0,0,24,24,24,46,46,46],"current_hp_per_floor":[1,1,1,1,1,1,1,1,1,1,1,1,1,1,1,1,1,1,1,1,1,1,1,1,1,1,1,1,1,1,1,1,1,1,1,1,1,1,1,1,1,1,1,1,1,1,1,1,1,1],"gold":157,"neow_bonus":"","is_daily":false,"chose_seed":false,"campfire_upgraded":11,"win_rate":0.0,"timestamp":1610156844,"path_taken":["M","M","?","?","M","R","?","?","T","M","R","M","R","M","R","BOSS","M","?","M","?","?","R","$","R","T","E","M","R","AVR","M","R","BOSS","M","?","?","M","M","R","NM","R","T","?","?","$","R","M","R","BOSS"],"items_purchased_type":["Relic","Relic","Card","Card","Card","Card","Card","Potion","Potion","Potion","Card","Card","Card","Relic","Card","Card","Relic"],"build_version":"2020-12-22","purchased_purges":2,"victory":true,"max_hp_per_floor":[1,1,1,1,1,1,1,1,1,1,1,1,1,1,1,1,1,1,1,1,1,1,1,1,1,1,1,1,1,1,1,1,1,1,1,1,1,1,1,1,1,1,1,1,1,1,1,1,1,1],"card_choices":[{"not_picked":["theSlumbering:StrongFooting","theSlumbering:Taunt"],"picked":"theSlumbering:SleepParalysis","floor":1.0},{"not_picked":["theSlumbering:StrongFooting","theSlumbering:FocusedStrike"],"picked":"theSlumbering:WakeUpSlap","floor":2.0},{"not_picked":["expansioncontent:AwakenDeath","expansioncontent:Sear"],"picked":"Swift Strike","floor":4.0},{"not_picked":["theSlumbering:ReadyGaze","theSlumbering:Jab"],"picked":"theSlumbering:Stretch","floor":5.0},{"not_picked":["theSlumbering:WakeUpSlap","theSlumbering:NocturnalGifts"],"picked":"theSlumbering:Yawn","floor":7.0},{"not_picked":["infinitespire:Starlight","ReplayTheSpireMod:Echoes of Time"],"picked":"ReplayTheSpireMod:Book of Names","floor":8.0},{"not_picked":["theSlumbering:Sleepwalk","theSlumbering:StrongFooting","theSlumbering:NocturnalGifts"],"picked":"SKIP","floor":10.0},{"not_picked":["theSlumbering:Jab","theSlumbering:WakeUpSlap","theSlumbering:ReadyGaze"],"picked":"SKIP","floor":12.0},{"not_picked":["theSlumbering:Sleepwalk","theSlumbering:AlarmedStrike","theSlumbering:Stretch"],"picked":"SKIP","floor":14.0},{"not_picked":["theSlumbering:RecurringDream","theSlumbering:Nightmare"],"picked":"theSlumbering:EntombedWeapon","floor":16.0},{"not_picked":["ReplayTheSpireMod:IOU","ReplayTheSpireMod:Restless Dread"],"picked":"ReplayTheSpireMod:Splinters","floor":17.0},{"not_picked":["Decay","Looming Evil"],"picked":"Doubt","floor":17.0},{"not_picked":["Slimebound:Icky","Clumsy"],"picked":"theSlumbering:Seed","floor":17.0},{"not_picked":["theSlumbering:AlarmedStrike","theSlumbering:NightTerror"],"picked":"theSlumbering:DreamDeath","floor":18.0},{"not_picked":["theSlumbering:FalseNap","theSlumbering:CurlUp","theSlumbering:SafeBarrage"],"picked":"SKIP","floor":20.0},{"not_picked":["theSlumbering:HeavySleeper+1","theSlumbering:Comfortable+1"],"picked":"theSlumbering:TrialsofHypnos+1","floor":22.0},{"not_picked":["expansioncontent:Collect","theSlumbering:BombToss"],"picked":"Blind","floor":24.0},{"not_picked":["Sadistic Nature","Violence"],"picked":"ReplayTheSpireMod:Brewmster","floor":24.0},{"not_picked":["theSlumbering:Sleepwalk+1","theSlumbering:FullGuard"],"picked":"theSlumbering:Wake","floor":27.0},{"not_picked":["theSlumbering:ExtraArm","theSlumbering:SoundBarrier"],"picked":"theSlumbering:Yawn","floor":28.0},{"not_picked":["theSlumbering:StrongFooting","theSlumbering:FocusedStrike+1","theSlumbering:Yawn+1"],"picked":"SKIP","floor":31.0},{"not_picked":["theSlumbering:EntombedWeapon","theSlumbering:Nightmare"],"picked":"theSlumbering:PrepareAlarm","floor":33.0},{"not_picked":["Streamline","theSlumbering:TrialsofHypnos+1","Rebound"],"picked":"Crystallizer+1","floor":35.0},{"not_picked":["Go for the Eyes+1","Self Repair+1","Panic Button+1"],"picked":"Rebound","floor":36.0},{"not_picked":["theSlumbering:Taunt+1","theSlumbering:ThornCloak+1","theSlumbering:SoundBarrier+1"],"picked":"theSlumbering:Comfortable","floor":38.0},{"not_picked":["Storm+1","theSlumbering:ForcedThought+1","Leap+1"],"picked":"Sweeping Beam+1","floor":39.0},{"not_picked":["Storm","theSlumbering:Comfortable","Barrage+1"],"picked":"Hologram+1","floor":41.0},{"not_picked":["Turbo+1","theSlumbering:DreamPeace+1","theSlumbering:Yawn"],"picked":"ReplaySolidLightProjector+1","floor":48}],"player_experience":725030,"relics_obtained":[{"floor":9.0,"key":"Replay:Bottled Flurry"},{"floor":26.0,"key":"Pantograph"},{"floor":27.0,"key":"Replay:Accelerometer"},{"floor":36.0,"key":"Mango"},{"floor":41.0,"key":"Replay:WaspNest"},{"floor":43.0,"key":"Dream Catcher"}],"event_choices":[{"damage_healed":0.0,"max_hp_gain":0.0,"max_hp_loss":0.0,"gold_gain":0.0,"event_name":"betterThird:BetterScrap","player_choice":"LEAVE","floor":3.0,"gold_loss":0.0,"damage_taken":0.0,"cards_obtained":["Devotion"]},{"damage_healed":0.0,"max_hp_gain":0.0,"max_hp_loss":0.0,"gold_gain":1.0,"event_name":"betterStone:BetterStone","player_choice":"1","floor":4.0,"gold_loss":0.0,"damage_taken":0.0},{"damage_healed":0.0,"max_hp_gain":0.0,"max_hp_loss":0.0,"gold_gain":0.0,"event_name":"Fountain of Cleansing","player_choice":"Ignored","floor":19.0,"gold_loss":0.0,"damage_taken":0.0},{"damage_healed":0.0,"max_hp_gain":0.0,"max_hp_loss":0.0,"gold_gain":0.0,"event_name":"The Joust","player_choice":"Bet on Murderer","floor":21.0,"gold_loss":50.0,"damage_taken":0.0},{"damage_healed":0.0,"max_hp_gain":0.0,"max_hp_loss":0.0,"gold_gain":0.0,"event_name":"MindBloom","player_choice":"Fight","floor":36.0,"gold_loss":0.0,"damage_taken":0.0},{"damage_healed":0.0,"max_hp_gain":0.0,"max_hp_loss":0.0,"gold_gain":0.0,"event_name":"Tomb of Lord Red Mask","player_choice":"Ignored","floor":37.0,"gold_loss":0.0,"damage_taken":0.0},{"damage_healed":0.0,"max_hp_gain":0.0,"max_hp_loss":0.0,"gold_gain":0.0,"event_name":"Winding Halls","player_choice":"Embrace Madness","floor":44.0,"gold_loss":0.0,"damage_taken":0.0,"cards_obtained":["Madness","Madness"]}],"is_beta":false,"boss_relics":[{"not_picked":["Sozu","Astrolabe"],"picked":"Replay:Ancient Bell"},{"not_picked":["Nunchaku","aspiration:HiddenCompartment"],"picked":"Toy Ornithopter"},{"not_picked":["Quantum Egg","Replay:Bottled Snecko"],"picked":"Kunai"},{"not_picked":["Ginger","Replay:Multitool"],"picked":"Pocketwatch"},{"not_picked":["Calling Bell","SlaversCollar"],"picked":"aspiration:DefectSkillbook"}],"items_purged_floors":[24,30],"is_endless":false,"potions_floor_spawned":[2,10,12,16,20,22,27,35,38,41,48],"ascension_level":0}}