{"host":"elm3edcks2gm0y45","time":1610232153,"event":{"mods":["AchievementEnabler","BaseMod","BetterRewards","Card Forge","Colored Map","Custom Start","GungeonMod","Hero for Fun","Infinite Spire","Marisa£¨Ùöéë¡¡Øª×âÞÞ£©","Minty Spire (QoL Compilation)","Quick Restart","StSLib","Td1madao Mod","The Cursed","The Exalted","The Hierophant","The Marked","The Runesmith"],"gold_per_floor":[115,130,130,59,72,102,102,102,102,102,33,49,63,238,238,238,238],"floor_reached":16,"playtime":609,"items_purged":[],"score":131,"play_id":"53733b40-c165-4ce6-8040-498933dd546c","local_time":"20210110074233","is_ascension_mode":true,"campfire_choices":[{"floor":8,"key":"REST"},{"data":"TheCursedMod:OutForBlood","floor":10,"key":"SMITH"},{"data":"TheCursedMod:Torture","floor":15,"key":"SMITH"}],"circlet_count":0,"master_deck":["TheCursedMod:Strike_TheCursed","TheCursedMod:Strike_TheCursed","TheCursedMod:Strike_TheCursed","TheCursedMod:Strike_TheCursed","TheCursedMod:Defend_TheCursed","TheCursedMod:Defend_TheCursed+1","TheCursedMod:Defend_TheCursed","TheCursedMod:Defend_TheCursed+1","TheCursedMod:CursedWand","TheCursedMod:CleanUpWorkshop+1","TheCursedMod:Dregs","TheCursedMod:SoulCrush","Clumsy","TheCursedMod:SpitefulStrike","TheCursedMod:CursedMace","TheCursedMod:CursedAmulet","TheCursedMod:CursedSpellbook+1","TheCursedMod:VitalStrike","TheCursedMod:OutForBlood+1","TheCursedMod:SurpriseAttack","TheCursedMod:CursedBlade","TheCursedMod:Torture+1","Doubt"],"relics":["TheCursedMod:BlackMagic101","Hammer of Thor","Seething Fire","Anvil of the Gods","Sling","War Paint","DemoMod:GnawedKey","Centennial Puzzle","MealTicket","Bronze Scales"],"acts_visited":["Exordium"],"potions_floor_usage":[6,16,16],"damage_taken":[{"damage":0,"enemies":"Jaw Worm","floor":1,"turns":2},{"damage":0,"enemies":"Small Slimes","floor":2,"turns":2},{"damage":2,"enemies":"Cultist","floor":5,"turns":3},{"damage":0,"enemies":"Gremlin Nob","floor":6,"turns":3},{"damage":4,"enemies":"Gremlin Gang","floor":12,"turns":4},{"damage":2,"enemies":"2 Fungi Beasts","floor":13,"turns":3},{"damage":30,"enemies":"Slime Boss","floor":16,"turns":5}],"seed_played":"2258709610245724224","potions_obtained":[{"floor":1,"key":"ColorlessPotion"},{"floor":5,"key":"Weak Potion"},{"floor":6,"key":"DemoMod:LeadSkinPotion"}],"is_trial":false,"path_per_floor":["M","M","?","$","M","E","?","R","T","R","$","M","M","?","R","B"],"character_chosen":"THE_CURSED","items_purchased":["Sling","War Paint","DemoMod:GnawedKey","Centennial Puzzle","TheCursedMod:SoulCrush","TheCursedMod:SpitefulStrike","TheCursedMod:CursedSpellbook","TheCursedMod:SurpriseAttack","TheCursedMod:CursedBlade"],"campfire_rested":1,"item_purchase_floors":[0,0,0,0,0,0,4,11,11],"current_hp_per_floor":[40,40,40,40,38,38,24,45,45,45,60,56,54,54,54,24,24],"gold":238,"neow_bonus":"","is_daily":false,"chose_seed":false,"campfire_upgraded":2,"win_rate":0.0,"timestamp":1610232153,"path_taken":["M","M","?","$","M","E","?","R","T","R","?","?","?","?","R","BOSS"],"items_purchased_type":["Relic","Relic","Relic","Relic","Card","Card","Card","Card","Card"],"build_version":"2020-12-22","purchased_purges":0,"victory":false,"max_hp_per_floor":[70,70,70,70,70,70,70,70,70,70,70,70,70,70,70,70,70],"card_choices":[{"not_picked":["TheCursedMod:Obscuration","TheCursedMod:LuckyCharm"],"picked":"TheCursedMod:CursedMace","floor":1},{"not_picked":["TheCursedMod:AbyssShockwave","TheCursedMod:Hemoplague"],"picked":"TheCursedMod:CursedAmulet","floor":2},{"not_picked":["TheCursedMod:HellsGateOpen","TheCursedMod:PrepareRite"],"picked":"TheCursedMod:VitalStrike","floor":5},{"not_picked":["TheCursedMod:LuckyCharm","TheCursedMod:Wield"],"picked":"TheCursedMod:OutForBlood","floor":6},{"not_picked":["TheCursedMod:HellsGateOpen","TheCursedMod:VitalStrike"],"picked":"TheCursedMod:Torture","floor":12},{"not_picked":["TheCursedMod:CursedAmulet","TheCursedMod:OutForBlood","TheCursedMod:CursedMace"],"picked":"SKIP","floor":13},{"not_picked":["TheCursedMod:CursedAmulet","TheCursedMod:OutForBlood","TheCursedMod:CursedMace"],"picked":"SKIP","floor":13}],"player_experience":394699,"relics_obtained":[{"floor":6,"key":"MealTicket"},{"floor":9,"key":"Bronze Scales"}],"event_choices":[{"damage_healed":0,"gold_gain":0,"player_choice":"Entered Light","damage_taken":14,"max_hp_gain":0,"max_hp_loss":0,"event_name":"Shining Light","floor":7,"gold_loss":0,"cards_upgraded":["TheCursedMod:CursedSpellbook","TheCursedMod:Defend_TheCursed"]},{"damage_healed":0,"gold_gain":175,"player_choice":"AGREE","damage_taken":0,"max_hp_gain":0,"max_hp_loss":0,"event_name":"Liars Game","floor":14,"gold_loss":0,"cards_obtained":["Doubt"]}],"is_beta":false,"boss_relics":[],"items_purged_floors":[],"is_endless":false,"potions_floor_spawned":[1,5,6],"killed_by":"Slime Boss","ascension_level":1}}