{"host":"3jjxuhjpio8e4zkv","time":1610156737,"event":{"mods":["BaseMod","Colored Map","Highlight Path","Minty Spire (QoL Compilation)","Permanent Neow","Relic Stats","StSLib"],"gold_per_floor":[112,131,131,151,9,9,35,35,84,99,99,111,138,138,138,214,214,224,242,242,262,276,276,311,322,375,405,405,425,425,439,439,512,512,527,539,278,298,316,345,356,356,404,404,404,404,10,37,49,61,73,85,97,25,52,52,52],"floor_reached":56,"playtime":3894,"items_purged":[],"score":1858,"play_id":"80fe772d-5bef-46c4-a3c0-edbc378a6996","local_time":"20210108204537","is_ascension_mode":true,"campfire_choices":[{"data":"Skewer","floor":6,"key":"SMITH"},{"data":"Dagger Spray","floor":8,"key":"SMITH"},{"data":"Phantasmal Killer","floor":11,"key":"SMITH"},{"data":"Terror","floor":15,"key":"SMITH"},{"data":"Wraith Form v2","floor":23,"key":"SMITH"},{"floor":28,"key":"DIG"},{"floor":30,"key":"DIG"},{"floor":32,"key":"REST"},{"floor":44,"key":"DIG"},{"floor":49,"key":"RECALL"},{"floor":53,"key":"DIG"}],"circlet_count":0,"master_deck":["AscendersBane","Defend_G","Defend_G","Defend_G","Defend_G","Defend_G+1","Survivor","Neutralize","Phantasmal Killer+1","Blade Dance+1","Skewer+1","Dash","Dagger Spray+1","Venomology","Terror+1","Wraith Form v2+1","Flechettes","Doppelganger","Dodge and Roll+1","Accuracy","PiercingWail+1","Well Laid Plans","Acrobatics","Burst","Flying Knee+1","Adrenaline+1","Dagger Spray+1","Accuracy+1","Blur","Blade Dance+1","PanicButton","PiercingWail","Acrobatics+1"],"relics":["Ring of the Snake","Omamori","Toy Ornithopter","Mercury Hourglass","Calling Bell","Boot","HornCleat","Shovel","Tiny Chest","Orichalcum","Juzu Bracelet","War Paint","Regal Pillow","Astrolabe","DollysMirror","Centennial Puzzle","Shuriken","Incense Burner","MawBank","Letter Opener","Bag of Marbles"],"acts_visited":["Exordium","TheCity","TheBeyond","TheEnding"],"potions_floor_usage":[7,16,21,22,24,24,27,27,29,31,33,33,35,38,39,39,40,40,50,50,51,51,56,56],"damage_taken":[{"damage":5,"enemies":"Small Slimes","floor":1,"turns":5},{"damage":6,"enemies":"Jaw Worm","floor":2,"turns":4},{"damage":0,"enemies":"2 Louse","floor":4,"turns":3},{"damage":10,"enemies":"Lagavulin","floor":7,"turns":6},{"damage":0,"enemies":"Exordium Wildlife","floor":10,"turns":2},{"damage":0,"enemies":"2 Fungi Beasts","floor":12,"turns":2},{"damage":10,"enemies":"3 Sentries","floor":13,"turns":4},{"damage":18,"enemies":"Hexaghost","floor":16,"turns":6},{"damage":10,"enemies":"2 Thieves","floor":18,"turns":4},{"damage":0,"enemies":"3 Byrds","floor":19,"turns":3},{"damage":11,"enemies":"Centurion and Healer","floor":21,"turns":5},{"damage":0,"enemies":"Chosen and Byrds","floor":22,"turns":4},{"damage":23,"enemies":"Book of Stabbing","floor":24,"turns":5},{"damage":0,"enemies":"Sentry and Sphere","floor":25,"turns":5},{"damage":13,"enemies":"Slavers","floor":27,"turns":6},{"damage":23,"enemies":"Cultist and Chosen","floor":29,"turns":8},{"damage":11,"enemies":"Shelled Parasite and Fungi","floor":31,"turns":3},{"damage":56,"enemies":"Collector","floor":33,"turns":10},{"damage":2,"enemies":"3 Darklings","floor":35,"turns":6},{"damage":2,"enemies":"Orb Walker","floor":36,"turns":2},{"damage":33,"enemies":"Spire Growth","floor":38,"turns":6},{"damage":0,"enemies":"4 Shapes","floor":39,"turns":5},{"damage":0,"enemies":"Reptomancer","floor":40,"turns":5},{"damage":0,"enemies":"Transient","floor":41,"turns":6},{"damage":27,"enemies":"Awakened One","floor":50,"turns":7},{"damage":18,"enemies":"Donu and Deca","floor":51,"turns":9},{"damage":41,"enemies":"Shield and Spear","floor":55,"turns":7},{"damage":21,"enemies":"The Heart","floor":56,"turns":6}],"seed_played":"3845834608097401280","potions_obtained":[{"floor":7,"key":"Weak Potion"},{"floor":10,"key":"GhostInAJar"},{"floor":16,"key":"SteroidPotion"},{"floor":27,"key":"Poison Potion"},{"floor":29,"key":"FairyPotion"},{"floor":35,"key":"BlessingOfTheForge"},{"floor":39,"key":"GamblersBrew"}],"is_trial":false,"path_per_floor":["M","M","?","M","$","R","E","R","T","M","R","M","E","?","R","B",null,"M","M","?","M","M","R","E","M","T","E","R","M","R","M","R","B",null,"M","M","$","M","M","E","M","?","T","R","?","?","$","T","R","B","B",null,"R","$","E","B"],"character_chosen":"THE_SILENT","items_purchased":["Dash","Swift Potion","DollysMirror","PanicButton","Incense Burner","ColorlessPotion","DuplicationPotion"],"campfire_rested":1,"item_purchase_floors":[5,5,37,37,47,47,54],"current_hp_per_floor":[54,48,53,53,53,53,43,43,43,43,43,43,33,33,33,20,54,44,44,44,38,43,43,30,30,30,27,27,9,9,3,37,19,54,57,55,55,27,37,47,47,47,47,47,47,47,47,47,47,30,22,52,52,52,11,0,0],"gold":52,"neow_bonus":"THREE_RARE_CARDS","is_daily":false,"chose_seed":false,"campfire_upgraded":5,"win_rate":0.0,"timestamp":1610156737,"path_taken":["M","M","?","M","$","R","E","R","T","M","R","M","E","?","R","BOSS","M","M","?","M","M","R","E","M","T","E","R","M","R","M","R","BOSS","M","M","$","M","M","E","M","?","T","R","?","?","$","?","R","BOSS","BOSS","R","$","E","BOSS"],"items_purchased_type":["Card","Potion","Relic","Card","Relic","Potion","Potion"],"build_version":"2020-12-22","purchased_purges":0,"victory":false,"max_hp_per_floor":[60,60,65,65,65,65,65,65,65,65,65,65,65,65,65,65,65,65,65,65,65,65,65,65,65,65,65,65,65,65,65,65,65,65,65,65,65,65,65,65,65,65,65,65,62,62,62,62,62,62,62,62,62,62,62,62,62],"relic_stats":{"Regal Pillow":15,"counters":[28,144],"Astrolabe":["Flying Knee","Adrenaline","Dagger Spray"],"Juzu Bracelet":0,"Letter Opener":[40],"Orichalcum":[228],"War Paint":["Blade Dance","Defend_G"],"Boot":[90],"MawBank":72,"Mercury Hourglass":[503],"Centennial Puzzle":[12],"Shovel":4,"Shuriken":[21],"Tiny Chest":1,"obtain_stats":[{"Regal Pillow":30,"Astrolabe":34,"Omamori":7,"Juzu Bracelet":27,"Incense Burner":47,"Letter Opener":53,"Orichalcum":26,"War Paint":28,"Boot":17,"MawBank":48,"Mercury Hourglass":13,"Calling Bell":17,"Centennial Puzzle":40,"HornCleat":17,"Shovel":17,"DollysMirror":37,"Shuriken":44,"Tiny Chest":24,"Bag of Marbles":55,"Toy Ornithopter":9,"Ring of the Snake":0},{"Regal Pillow":16,"Astrolabe":18,"Omamori":4,"Juzu Bracelet":15,"Incense Burner":24,"Letter Opener":26,"Orichalcum":14,"War Paint":15,"Boot":8,"MawBank":24,"Mercury Hourglass":7,"Calling Bell":8,"Centennial Puzzle":23,"HornCleat":8,"Shovel":8,"DollysMirror":20,"Shuriken":24,"Tiny Chest":13,"Bag of Marbles":27,"Toy Ornithopter":4,"Ring of the Snake":0},{"Regal Pillow":72,"Astrolabe":85,"Omamori":18,"Juzu Bracelet":64,"Incense Burner":115,"Letter Opener":131,"Orichalcum":58,"War Paint":64,"Boot":32,"MawBank":115,"Mercury Hourglass":26,"Calling Bell":32,"Centennial Puzzle":109,"HornCleat":32,"Shovel":32,"DollysMirror":93,"Shuriken":115,"Tiny Chest":53,"Bag of Marbles":138,"Toy Ornithopter":18,"Ring of the Snake":0}],"Toy Ornithopter":115,"Ring of the Snake":[56]},"card_choices":[{"not_picked":["Doppelganger","Venomology"],"picked":"Phantasmal Killer","floor":0},{"not_picked":["Deflect","Slice"],"picked":"Blade Dance","floor":1},{"not_picked":["Dodge and Roll","Outmaneuver"],"picked":"Skewer","floor":2},{"not_picked":["Choke","Underhanded Strike","Backflip"],"picked":"SKIP","floor":4},{"not_picked":["Calculated Gamble","Noxious Fumes"],"picked":"Dagger Spray","floor":7},{"not_picked":["Sucker Punch","Poisoned Stab","Outmaneuver"],"picked":"SKIP","floor":10},{"not_picked":["Underhanded Strike","PiercingWail"],"picked":"Venomology","floor":12},{"not_picked":["Slice","Sucker Punch"],"picked":"Terror","floor":13},{"not_picked":["Malaise","A Thousand Cuts"],"picked":"Wraith Form v2","floor":16},{"not_picked":["Blur","Setup"],"picked":"Masterful Stab+1","floor":18},{"not_picked":["Heel Hook","Finisher","Dagger Spray"],"picked":"SKIP","floor":19},{"not_picked":["Acrobatics","Deadly Poison"],"picked":"Dodge and Roll+1","floor":21},{"not_picked":["Underhanded Strike","Riddle With Holes","Backflip"],"picked":"SKIP","floor":22},{"not_picked":["Caltrops","Doppelganger"],"picked":"Accuracy","floor":24},{"not_picked":["Eviscerate","Leg Sweep"],"picked":"PiercingWail+1","floor":25},{"not_picked":["All Out Attack","Blade Dance","Dagger Spray"],"picked":"SKIP","floor":27},{"not_picked":["Terror+1","Underhanded Strike"],"picked":"Well Laid Plans","floor":29},{"not_picked":["Caltrops","Dagger Throw"],"picked":"Acrobatics","floor":31},{"not_picked":["Envenom","Corpse Explosion"],"picked":"Burst","floor":33},{"not_picked":["Blade Dance+1","Outmaneuver"],"picked":"Accuracy+1","floor":35},{"not_picked":["Dodge and Roll","Backflip"],"picked":"Blur","floor":36},{"not_picked":["Cloak And Dagger","Outmaneuver"],"picked":"PiercingWail","floor":38},{"not_picked":["Burst","Catalyst"],"picked":"Acrobatics+1","floor":39},{"not_picked":["Dagger Throw","Riddle With Holes","Backflip"],"picked":"SKIP","floor":40},{"not_picked":["Expertise","Quick Slash","Outmaneuver"],"picked":"SKIP","floor":41},{"not_picked":["Tactician+1","All Out Attack","Concentrate"],"picked":"SKIP","floor":55}],"player_experience":1196125,"relics_obtained":[{"floor":7,"key":"Omamori"},{"floor":9,"key":"Toy Ornithopter"},{"floor":13,"key":"Mercury Hourglass"},{"floor":17,"key":"Boot"},{"floor":17,"key":"HornCleat"},{"floor":17,"key":"Shovel"},{"floor":24,"key":"Tiny Chest"},{"floor":26,"key":"Orichalcum"},{"floor":27,"key":"Juzu Bracelet"},{"floor":28,"key":"War Paint"},{"floor":30,"key":"Regal Pillow"},{"floor":40,"key":"Centennial Puzzle"},{"floor":44,"key":"Shuriken"},{"floor":48,"key":"MawBank"},{"floor":53,"key":"Letter Opener"},{"floor":55,"key":"Bag of Marbles"}],"event_choices":[{"damage_healed":0,"gold_gain":0,"player_choice":"Donut","damage_taken":0,"max_hp_gain":5,"max_hp_loss":0,"event_name":"Big Fish","floor":3,"gold_loss":0},{"damage_healed":0,"gold_gain":0,"player_choice":"Ignored","damage_taken":0,"max_hp_gain":0,"max_hp_loss":0,"event_name":"Liars Game","floor":14,"gold_loss":0},{"damage_healed":0,"gold_gain":0,"cards_transformed":["Strike_G","Strike_G"],"player_choice":"Became Test Subject","damage_taken":0,"max_hp_gain":0,"max_hp_loss":0,"event_name":"Drug Dealer","floor":20,"gold_loss":0,"cards_obtained":["Flechettes","Doppelganger"]},{"cards_removed":["Masterful Stab"],"damage_healed":0,"gold_gain":0,"player_choice":"Removed Attack","damage_taken":0,"max_hp_gain":0,"max_hp_loss":0,"event_name":"Falling","floor":42,"gold_loss":0},{"damage_healed":0,"gold_gain":0,"player_choice":"Max HP","damage_taken":0,"max_hp_gain":0,"max_hp_loss":3,"event_name":"Winding Halls","floor":45,"gold_loss":0},{"damage_healed":0,"gold_gain":0,"player_choice":"Ignored","damage_taken":0,"max_hp_gain":0,"max_hp_loss":0,"event_name":"Mysterious Sphere","floor":46,"gold_loss":0}],"is_beta":false,"boss_relics":[{"not_picked":["Philosopher\u0027s Stone","Coffee Dripper"],"picked":"Calling Bell"},{"not_picked":["WristBlade","Cursed Key"],"picked":"Astrolabe"}],"items_purged_floors":[],"is_endless":false,"potions_floor_spawned":[7,10,16,18,22,27,29,31,35,39],"killed_by":"The Heart","ascension_level":20}}