{"host":"uxq2rly8rxtwffuf","time":1610205335,"event":{"mods":["BaseMod","Koishi","Minty Spire (QoL Compilation)","StSLib","The Judge","The Servant 0.9.4"],"gold_per_floor":[112,112,124,140,152,152,152,152,176,176,28,58,58,73,73,174,174,184,41,60,72,84,84,84,84],"floor_reached":24,"playtime":939,"items_purged":[],"score":317,"play_id":"8d9dc79b-2cc0-4114-b816-72673b400b33","local_time":"20210109181535","is_ascension_mode":true,"campfire_choices":[{"data":"Phantasmal Killer","floor":6,"key":"SMITH"},{"data":"Skewer","floor":8,"key":"SMITH"},{"data":"All Out Attack","floor":10,"key":"SMITH"},{"floor":13,"key":"REST"},{"data":"Terror","floor":15,"key":"SMITH"},{"floor":23,"key":"REST"}],"circlet_count":0,"master_deck":["AscendersBane","Strike_G+1","Strike_G+1","Strike_G","Defend_G","Defend_G","Defend_G","Defend_G","Survivor","Neutralize","Phantasmal Killer+1","All Out Attack","All Out Attack+1","Skewer+1","Flying Knee","Terror+1","Die Die Die","Phantasmal Killer+1","Envenom+1","Distraction+1","Blur+1","Cloak And Dagger","All Out Attack","Masterful Stab+1"],"relics":["Ring of the Snake","Blood Vial","ClockworkSouvenir","Snake Skull","Astrolabe","HandDrill"],"acts_visited":["Exordium","TheCity"],"potions_floor_usage":[5,16,21,24],"damage_taken":[{"damage":5,"enemies":"Cultist","floor":1,"turns":4},{"damage":1,"enemies":"2 Louse","floor":3,"turns":2},{"damage":0,"enemies":"Small Slimes","floor":4,"turns":2},{"damage":10,"enemies":"2 Fungi Beasts","floor":5,"turns":4},{"damage":22,"enemies":"3 Sentries","floor":12,"turns":5},{"damage":2,"enemies":"Exordium Thugs","floor":14,"turns":4},{"damage":31,"enemies":"Hexaghost","floor":16,"turns":6},{"damage":23,"enemies":"Spheric Guardian","floor":18,"turns":4},{"damage":0,"enemies":"Chosen","floor":20,"turns":2},{"damage":13,"enemies":"Shelled Parasite and Fungi","floor":21,"turns":5},{"damage":10,"enemies":"Snake Plant","floor":22,"turns":4},{"damage":55,"enemies":"Gremlin Leader","floor":24,"turns":5}],"seed_played":"-838616366318392403","potions_obtained":[{"floor":4,"key":"PowerPotion"},{"floor":5,"key":"Energy Potion"},{"floor":14,"key":"AttackPotion"},{"floor":18,"key":"Dexterity Potion"},{"floor":21,"key":"Block Potion"}],"is_trial":false,"path_per_floor":["M","?","M","M","M","R","?","R","T","R","$","E","R","M","R","B",null,"M","$","M","M","M","R","E"],"character_chosen":"THE_SILENT","items_purchased":["ClockworkSouvenir","HandDrill"],"campfire_rested":2,"item_purchase_floors":[11,19],"current_hp_per_floor":[58,44,43,43,33,33,38,38,38,38,38,18,40,40,40,11,59,38,38,40,29,21,43,0,0],"gold":84,"neow_bonus":"ONE_RANDOM_RARE_CARD","is_daily":false,"chose_seed":false,"campfire_upgraded":4,"win_rate":0.0,"timestamp":1610205335,"path_taken":["M","?","M","M","M","R","?","R","T","R","$","E","R","M","R","BOSS","M","$","M","M","M","R","E"],"items_purchased_type":["Relic","Relic"],"build_version":"2020-12-22","purchased_purges":0,"victory":false,"max_hp_per_floor":[70,70,70,70,70,70,75,75,75,75,75,75,75,75,75,75,75,75,75,75,75,75,75,75,75],"card_choices":[{"not_picked":["Deadly Poison","Accuracy"],"picked":"All Out Attack","floor":1},{"not_picked":["PiercingWail","Underhanded Strike"],"picked":"All Out Attack","floor":3},{"not_picked":["Acrobatics","Concentrate","Deadly Poison"],"picked":"SKIP","floor":4},{"not_picked":["Calculated Gamble","Dodge and Roll"],"picked":"Skewer","floor":5},{"not_picked":["Tactician","Night Terror"],"picked":"Flying Knee","floor":12},{"not_picked":["Quick Slash","Choke"],"picked":"Terror","floor":14},{"not_picked":["Envenom","Corpse Explosion"],"picked":"Die Die Die","floor":16},{"not_picked":["PiercingWail","Reflex"],"picked":"Blur+1","floor":18},{"not_picked":["Well Laid Plans+1","Poisoned Stab"],"picked":"Cloak And Dagger","floor":20},{"not_picked":["Blur","Dodge and Roll"],"picked":"All Out Attack","floor":21},{"not_picked":["Unload","Riddle With Holes"],"picked":"Masterful Stab+1","floor":22}],"player_experience":1393228,"relics_obtained":[{"floor":9,"key":"Blood Vial"},{"floor":12,"key":"Snake Skull"}],"event_choices":[{"damage_healed":0,"gold_gain":0,"player_choice":"Entered Light","damage_taken":14,"max_hp_gain":0,"max_hp_loss":0,"event_name":"Shining Light","floor":2,"gold_loss":0,"cards_upgraded":["Strike_G","Strike_G"]},{"damage_healed":0,"gold_gain":0,"player_choice":"Donut","damage_taken":0,"max_hp_gain":5,"max_hp_loss":0,"event_name":"Big Fish","floor":7,"gold_loss":0}],"is_beta":false,"boss_relics":[{"not_picked":["Coffee Dripper","Black Star"],"picked":"Astrolabe"}],"items_purged_floors":[],"is_endless":false,"potions_floor_spawned":[4,5,14,18,21],"killed_by":"Gremlin Leader","ascension_level":12}}