{"host":"Lincoln","time":1610233242,"event":{"mods":["AchievementEnabler","BaseMod","Better Third Choice","Downfall","Minty Spire (QoL Compilation)","StSLib"],"gold_per_floor":[99,116,145,158,35,52,52,52,52,52,37,55,5,5,17,118,118,118,118,118,146,37,65,144,171,191,191,4,20,40,60,79,179,179,179,211,222,222,236,246,246,44,73,83,102,118,118,136,146,146],"floor_reached":51,"playtime":4435,"items_purged":["Slimebound:Defend_Slimebound"],"score":675,"play_id":"f88a0d37-20ba-484a-9418-94053f4cb1ad","local_time":"20210109180042","is_ascension_mode":true,"campfire_choices":[{"data":"Slimebound:CorrosiveSpit","floor":1.0,"key":"SMITH"},{"data":"Regret","floor":10.0,"key":"PURGE"},{"data":"Slimebound:SlimeSlap","floor":18.0,"key":"SMITH"},{"data":"Slimebound:SamplingLick","floor":20.0,"key":"SMITH"},{"data":"Slimebound:HauntingLick","floor":27.0,"key":"SMITH"},{"data":"Slimebound:OneTwoCombo","floor":35.0,"key":"PURGE"},{"data":"expansioncontent:StudyTheSpire","floor":47,"key":"SMITH"}],"circlet_count":0,"master_deck":["Slimebound:Strike_Slimebound","Slimebound:Strike_Slimebound","Slimebound:Tackle","Slimebound:Defend_Slimebound","Slimebound:Defend_Slimebound","Slimebound:Defend_Slimebound+1","Slimebound:Split+1","Slimebound:CorrosiveSpit+1","Slimebound:MassFeed","Slimebound:SamplingLick+1","Slimebound:HauntingLick+1","Slimebound:ComboTackle","Slimebound:SplitMire","Flash of Steel","Slimebound:MegaLick+1","Slimebound:SlimeBrawl","Slimebound:SlimeSlap+1","Slimebound:SlimeSpikes+1","Slimebound:SlimeBarrage","expansioncontent:StudyTheSpire+1","expansioncontent:LastStand","Slimebound:DisruptingSlam+1","Slimebound:TongueLash+1","Slimebound:GoopSpray","Slimebound:SamplingLick","Slimebound:Darklings","Slimebound:RainOfGoop+1","Slimebound:GoopSpray+1","Slimebound:MassFeed","Slimebound:LeechEnergy+1","Slimebound:FirmFortitude+1","Slimebound:ComboTackle+1","Slimebound:LeechingTouch","Slimebound:SlimeSpikes"],"relics":["Slimebound:AbsorbEndCombatUpgraded","Matryoshka","Letter Opener","Slimebound:ScrapOozeRelic","Runic Pyramid","War Paint","PreservedInsect","Ancient Tea Set","Bottled Lightning","TungstenRod","Membership Card","Akabeko","Torii","Mummified Hand","Lee\u0027s Waffle","Strawberry"],"acts_visited":[],"potions_floor_usage":[46],"damage_taken":[{"damage":0.0,"enemies":"2 Louse","floor":2.0,"turns":2.0},{"damage":63.0,"enemies":"Gremlin Nob","floor":3.0,"turns":5.0},{"damage":5.0,"enemies":"Jaw Worm","floor":4.0,"turns":3.0},{"damage":7.0,"enemies":"downfall:FleeingMerchant","floor":5.0,"turns":4.0},{"damage":7.0,"enemies":"Cultist","floor":6.0,"turns":3.0},{"damage":18.0,"enemies":"downfall:FleeingMerchant","floor":11.0,"turns":4.0},{"damage":12.0,"enemies":"Exordium Thugs","floor":12.0,"turns":3.0},{"damage":14.0,"enemies":"downfall:FleeingMerchant","floor":13.0,"turns":4.0},{"damage":15.0,"enemies":"Gremlin Gang","floor":15.0,"turns":3.0},{"damage":37.0,"enemies":"downfall:CharBossIronclad","floor":16.0,"turns":7.0},{"damage":45.0,"enemies":"Slavers","floor":21.0,"turns":5.0},{"damage":13.0,"enemies":"downfall:FleeingMerchant","floor":22.0,"turns":4.0},{"damage":33.0,"enemies":"Book of Stabbing","floor":23.0,"turns":5.0},{"damage":31.0,"enemies":"Slavers","floor":25.0,"turns":2.0},{"damage":6.0,"enemies":"Spheric Guardian","floor":26.0,"turns":3.0},{"damage":19.0,"enemies":"Shell Parasite","floor":29.0,"turns":3.0},{"damage":6.0,"enemies":"3 Cultists","floor":30.0,"turns":4.0},{"damage":16.0,"enemies":"Cultist and Chosen","floor":31.0,"turns":3.0},{"damage":6.0,"enemies":"Chosen and Byrds","floor":32.0,"turns":3.0},{"damage":54.0,"enemies":"downfall:CharBossDefect","floor":33.0,"turns":7.0},{"damage":50.0,"enemies":"Giant Head","floor":36.0,"turns":6.0},{"damage":15.0,"enemies":"3 Shapes","floor":37.0,"turns":4.0},{"damage":50.0,"enemies":"3 Darklings","floor":39.0,"turns":8.0},{"damage":22.0,"enemies":"Spire Growth","floor":40.0,"turns":4.0},{"damage":50.0,"enemies":"Reptomancer","floor":43.0,"turns":5.0},{"damage":29.0,"enemies":"Writhing Mass","floor":44.0,"turns":5.0},{"damage":3.0,"enemies":"3 Darklings","floor":45.0,"turns":3.0},{"damage":14,"enemies":"Sphere and 2 Shapes","floor":46,"turns":4},{"damage":17,"enemies":"4 Shapes","floor":48,"turns":4},{"damage":3,"enemies":"Transient","floor":49,"turns":5},{"damage":6,"enemies":"downfall:CharBossSilent","floor":50,"turns":1}],"seed_played":"-5184096186759977733","potions_obtained":[{"floor":2.0,"key":"Energy Potion"},{"floor":3.0,"key":"BlessingOfTheForge"},{"floor":12.0,"key":"SkillPotion"},{"floor":15.0,"key":"SpeedPotion"},{"floor":25.0,"key":"CultistPotion"},{"floor":43.0,"key":"PowerPotion"},{"floor":44.0,"key":"SkillPotion"},{"floor":49,"key":"champ:CounterPotion"}],"is_trial":false,"path_per_floor":["R","M","E","M","$","M","T","?","?","R","$","M","$","?","M","B",null,"R","?","R","E","$","E","T","E","M","R","$","M","M","M","M","B",null,"R","E","M","?","M","M","T","$","E","M","M","M","R","M","M","B",null],"character_chosen":"SLIMEBOUND","items_purchased":["Slimebound:SplitMire","Flash of Steel","Slimebound:SlimeBrawl","Slimebound:SlimeBarrage","expansioncontent:StudyTheSpire","expansioncontent:LastStand","Slimebound:SlimedPotion","AttackPotion","Membership Card","Mummified Hand","Lee\u0027s Waffle"],"campfire_rested":0,"item_purchase_floors":[5,5,13,22,22,22,22,22,28,42,42],"current_hp_per_floor":[60,63,12,21,24,29,29,29,29,29,29,33,39,39,34,34,70,70,70,70,46,57,38,38,29,35,35,35,37,49,51,66,34,85,85,63,71,71,61,66,66,101,87,82,99,96,96,116,123,123],"gold":146,"neow_bonus":"THREE_RARE_CARDS","is_daily":false,"chose_seed":false,"campfire_upgraded":5,"win_rate":0.0,"timestamp":1610233242,"path_taken":["R","M","E","M","$","M","T","?","?","R","?","?","$","?","M","BOSS","R","?","R","E","$","E","T","E","M","R","$","M","M","?","M","BOSS","R","E","M","?","?","M","T","$","E","M","M","M","R","M","M","BOSS"],"items_purchased_type":["Card","Card","Card","Card","Card","Card","Potion","Potion","Relic","Relic","Relic"],"build_version":"2020-12-18","purchased_purges":1,"victory":true,"max_hp_per_floor":[60,63,63,67,67,67,67,67,67,67,67,67,67,67,67,70,70,70,70,70,73,73,73,73,79,79,79,79,82,82,82,85,85,85,85,88,91,91,91,94,94,101,111,111,111,114,114,123,123,123],"card_choices":[{"not_picked":["Slimebound:PrepareCrush","Slimebound:WasteNot"],"picked":"Slimebound:MassFeed","floor":0.0},{"not_picked":["Slimebound:LeechingTouch","Slimebound:SlimeBrawl"],"picked":"Slimebound:SamplingLick","floor":2.0},{"not_picked":["Slimebound:SlimeSpikes","Slimebound:SplitBruiser"],"picked":"Slimebound:HauntingLick","floor":3.0},{"not_picked":["Slimebound:Gluttony","Slimebound:PressTheAttack"],"picked":"Slimebound:ComboTackle","floor":4.0},{"not_picked":["Slimebound:SlimeBrawl","Slimebound:RollThrough"],"picked":"Slimebound:MegaLick","floor":6.0},{"not_picked":["Slimebound:SplitAcid","Slimebound:SamplingLick","Slimebound:SplitMire"],"picked":"SKIP","floor":12.0},{"not_picked":["Slimebound:ServeAndProtect","Slimebound:SlimeSpikes","Slimebound:ProtectTheBoss"],"picked":"SKIP","floor":15.0},{"not_picked":["Slimebound:CheckThePlaybook","Slimebound:WasteNot"],"picked":"Slimebound:SlimeSlap","floor":16.0},{"not_picked":["Slimebound:Repurpose","Slimebound:SamplingLick"],"picked":"Slimebound:SlimeSpikes+1","floor":21.0},{"not_picked":["Slimebound:FinishingTackle","Slimebound:ServeAndProtect"],"picked":"Slimebound:DisruptingSlam+1","floor":23.0},{"not_picked":["Slimebound:SlimeBrawl","Slimebound:SplitLeeching","Slimebound:FinishingTackle"],"picked":"SKIP","floor":25.0},{"not_picked":["Slimebound:PressTheAttack+1","Slimebound:ServeAndProtect+1"],"picked":"Slimebound:TongueLash+1","floor":26.0},{"not_picked":["Slimebound:LevelUp+1","Slimebound:LeechEnergy+1"],"picked":"Slimebound:OneTwoCombo","floor":29.0},{"not_picked":["Slimebound:SplitBruiser","Slimebound:SlimeTap"],"picked":"Slimebound:GoopSpray","floor":30.0},{"not_picked":["Slimebound:SamplingLick","Slimebound:Schlurp","Slimebound:Repurpose"],"picked":"SKIP","floor":31.0},{"not_picked":["Slimebound:Schlurp","Slimebound:Repurpose"],"picked":"Slimebound:SamplingLick","floor":31.0},{"not_picked":["Slimebound:SplitBruiser+1","Slimebound:ServeAndProtect","Slimebound:Equalize+1"],"picked":"SKIP","floor":32.0},{"not_picked":["Slimebound:OneTwoCombo","Slimebound:Overexert"],"picked":"Slimebound:Darklings","floor":33.0},{"not_picked":["Slimebound:FormOfPuddle","Slimebound:SplitMire+1"],"picked":"Slimebound:RainOfGoop+1","floor":36.0},{"not_picked":["Slimebound:Prepare+1","Slimebound:ServeAndProtect"],"picked":"Slimebound:GoopSpray+1","floor":37.0},{"not_picked":["Slimebound:SplitMire+1","Slimebound:ServeAndProtect","Slimebound:FinishingTackle+1"],"picked":"SKIP","floor":39.0},{"not_picked":["Slimebound:FlameTackle","Slimebound:RejuvenatingLick+1"],"picked":"Slimebound:LeechEnergy+1","floor":40.0},{"not_picked":["Slimebound:LeechEnergy+1","Slimebound:GoopSpray","Slimebound:Darklings"],"picked":"SKIP","floor":43.0},{"not_picked":["Slimebound:Replication+1","Slimebound:Equalize+1"],"picked":"Slimebound:FirmFortitude+1","floor":44.0},{"not_picked":["Slimebound:GrowthPunch+1","Slimebound:Chomp"],"picked":"Slimebound:ComboTackle+1","floor":45.0},{"not_picked":["Slimebound:RollThrough+1","Slimebound:SamplingLick"],"picked":"Slimebound:LeechingTouch","floor":46},{"not_picked":["Slimebound:FlameTackle","Slimebound:RollThrough","Slimebound:GrowthPunch+1"],"picked":"SKIP","floor":48},{"not_picked":["Slimebound:FirmFortitude+1","Slimebound:Schlurp+1"],"picked":"Slimebound:SlimeSpikes","floor":49}],"player_experience":2214883,"relics_obtained":[{"floor":3.0,"key":"Matryoshka"},{"floor":7.0,"key":"Toy Ornithopter"},{"floor":7.0,"key":"Letter Opener"},{"floor":21.0,"key":"War Paint"},{"floor":23.0,"key":"PreservedInsect"},{"floor":24.0,"key":"Ancient Tea Set"},{"floor":24.0,"key":"Bottled Lightning"},{"floor":25.0,"key":"TungstenRod"},{"floor":36.0,"key":"Akabeko"},{"floor":41.0,"key":"Torii"},{"floor":43.0,"key":"Strawberry"}],"event_choices":[{"damage_healed":0.0,"max_hp_gain":0.0,"max_hp_loss":0.0,"gold_gain":0.0,"event_name":"Living Wall","player_choice":"Grow","floor":14.0,"gold_loss":0.0,"damage_taken":0.0,"cards_upgraded":["Slimebound:Split"]},{"damage_healed":0.0,"max_hp_gain":0.0,"max_hp_loss":0.0,"gold_gain":0.0,"event_name":"Duplicator","player_choice":"Copied","floor":38.0,"gold_loss":0.0,"damage_taken":0.0,"cards_obtained":["Slimebound:MassFeed"]}],"is_beta":true,"boss_relics":[{"not_picked":["Cursed Key","Black Star"],"picked":"Runic Pyramid"},{"not_picked":["Astrolabe","Empty Cage"],"picked":"Slimebound:AbsorbEndCombatUpgraded"}],"items_purged_floors":[28],"is_endless":false,"potions_floor_spawned":[2,3,12,15,25,29,30,43,44,45,49],"ascension_level":1}}