{"host":"artti7o26te9gn1a","time":1610203336,"event":{"mods":["AchievementEnabler","BaseMod","Beaked The Cultist","BetterRewards","Downfall","Minty Spire (QoL Compilation)","StSLib","Trackpad"],"gold_per_floor":[112,129,146,146,221,254,254,287,287,287,299,299,327,76,76,150,150,169,182,201,29,44,44,44,44,44,74,20,45,57,57,57],"floor_reached":31,"playtime":1255,"items_purged":["Strike_R"],"score":747,"play_id":"ab145162-c951-44be-9ca2-d53805b0260b","local_time":"20210109154216","is_ascension_mode":true,"campfire_choices":[{"floor":7,"key":"REST"},{"floor":10,"key":"REST"},{"floor":12,"key":"REST"},{"data":"Fire Breathing","floor":15,"key":"SMITH"},{"floor":23,"key":"REST"},{"data":"Barricade","floor":25,"key":"SMITH"}],"circlet_count":0,"master_deck":["AscendersBane","Defend_R","Defend_R","Defend_R","Defend_R","Bash","Anger","Armaments","Headbutt","Evolve","Headbutt","Demon Form","Impervious","Power Through","Second Wind","Fire Breathing+1","Juggernaut","Pommel Strike","Entrench+1","Barricade+1","Power Through","Dark Embrace+1"],"relics":["Burning Blood","trackpad:ByrdBGone","Bottled Tornado","trackpad:FieryHotPepper","WingedGreaves","Art of War","trackpad:CultistFigurine","trackpad:StolenKidneys","Medical Kit","Frozen Egg 2","MealTicket","Gremlin Horn"],"acts_visited":["Exordium","TheCity"],"potions_floor_usage":[6,22,27,29,29],"damage_taken":[{"damage":6,"enemies":"Cultist","floor":1,"turns":4},{"damage":2,"enemies":"2 Louse","floor":2,"turns":3},{"damage":9,"enemies":"Small Slimes","floor":3,"turns":4},{"damage":35,"enemies":"Lagavulin","floor":6,"turns":6},{"damage":32,"enemies":"Gremlin Nob","floor":8,"turns":4},{"damage":0,"enemies":"3 Louse","floor":11,"turns":3},{"damage":7,"enemies":"Lagavulin","floor":13,"turns":6},{"damage":26,"enemies":"Slime Boss","floor":16,"turns":6},{"damage":5,"enemies":"Spheric Guardian","floor":18,"turns":5},{"damage":26,"enemies":"Shell Parasite","floor":19,"turns":6},{"damage":18,"enemies":"Chosen and Byrds","floor":20,"turns":5},{"damage":19,"enemies":"Shelled Parasite and Fungi","floor":22,"turns":7},{"damage":27,"enemies":"Book of Stabbing","floor":27,"turns":5},{"damage":40,"enemies":"Gremlin Leader","floor":29,"turns":6},{"damage":1,"enemies":"Centurion and Healer","floor":30,"turns":6},{"damage":27,"enemies":"Book of Stabbing","floor":31,"turns":4}],"seed_played":"-3097400088488343716","potions_obtained":[{"floor":2,"key":"champ:CounterPotion"},{"floor":6,"key":"SkillPotion"},{"floor":16,"key":"Weak Potion"},{"floor":19,"key":"Slimebound:ThreeZeroPotion"},{"floor":22,"key":"Weak Potion"},{"floor":27,"key":"Strength Potion"}],"is_trial":false,"path_per_floor":["M","M","M","?","?","E","R","E","T","R","M","R","E","$","R","B",null,"M","M","M","$","M","R","$","R","T","E","$","E","M","E"],"character_chosen":"IRONCLAD","items_purchased":["trackpad:ByrdBGone","Anger","Explosive Potion","Armaments","Fire Breathing","trackpad:CultistFigurine","Medical Kit","BloodPotion"],"campfire_rested":4,"item_purchase_floors":[0,0,0,0,14,14,21,28],"current_hp_per_floor":[68,72,69,62,51,22,44,18,18,40,46,68,67,67,67,47,68,69,49,37,37,24,46,46,46,46,25,40,21,26,0,0],"gold":57,"neow_bonus":"","is_daily":false,"chose_seed":false,"campfire_upgraded":2,"win_rate":0.0,"timestamp":1610203336,"path_taken":["M","M","M","?","?","E","R","E","T","R","M","R","E","$","R","BOSS","M","M","M","$","M","R","$","R","T","E","$","E","M","E"],"items_purchased_type":["Relic","Card","Potion","Card","Card","Relic","Relic","Potion"],"build_version":"2020-12-22","purchased_purges":1,"victory":false,"max_hp_per_floor":[75,75,75,75,75,75,75,75,75,75,75,75,75,75,75,75,75,75,75,75,75,75,75,75,75,75,75,75,75,75,75,75],"card_choices":[{"not_picked":["Havoc","Clash"],"picked":"Headbutt","floor":1},{"not_picked":["Twin Strike","Cleave"],"picked":"Evolve","floor":2},{"not_picked":["Warcry","Sword Boomerang"],"picked":"Headbutt","floor":3},{"not_picked":["Headbutt","Iron Wave"],"picked":"Demon Form","floor":6},{"not_picked":["Rupture","Sentinel"],"picked":"Impervious","floor":8},{"not_picked":["Iron Wave","Wild Strike"],"picked":"Power Through","floor":11},{"not_picked":["Dual Wield","Searing Blow"],"picked":"Second Wind","floor":13},{"not_picked":["Demon Form","Fiend Fire"],"picked":"Juggernaut","floor":16},{"not_picked":["Evolve","Infernal Blade"],"picked":"Pommel Strike","floor":18},{"not_picked":["Warcry+1","Pummel"],"picked":"Entrench+1","floor":19},{"not_picked":["Wild Strike","Clash"],"picked":"Barricade","floor":20},{"not_picked":["Dropkick","Bloodletting","Sword Boomerang+1"],"picked":"SKIP","floor":22},{"not_picked":["Dropkick","Combust+1"],"picked":"Power Through","floor":27},{"not_picked":["Heavy Blade","Intimidate"],"picked":"Dark Embrace+1","floor":29},{"not_picked":["Anger+1","Clothesline","Clash"],"picked":"SKIP","floor":30}],"player_experience":773734,"relics_obtained":[{"floor":6,"key":"Bottled Tornado"},{"floor":8,"key":"trackpad:FieryHotPepper"},{"floor":9,"key":"WingedGreaves"},{"floor":13,"key":"Art of War"},{"floor":26,"key":"Frozen Egg 2"},{"floor":27,"key":"MealTicket"},{"floor":29,"key":"Gremlin Horn"}],"event_choices":[{"cards_removed":["Strike_R"],"damage_healed":0,"gold_gain":0,"player_choice":"Card Removal","damage_taken":7,"max_hp_gain":0,"max_hp_loss":0,"event_name":"Golden Wing","floor":4,"gold_loss":0},{"damage_healed":0,"gold_gain":75,"player_choice":"Gather Gold","damage_taken":11,"max_hp_gain":0,"max_hp_loss":0,"event_name":"World of Goop","floor":5,"gold_loss":0}],"is_beta":false,"boss_relics":[{"not_picked":["Empty Cage","trackpad:Trackpad"],"picked":"trackpad:StolenKidneys"}],"items_purged_floors":[0],"is_endless":false,"potions_floor_spawned":[2,6,8,16,19,22,27],"killed_by":"Book of Stabbing","ascension_level":18}}