{"host":"6jrnojxwearbrjzo","time":1610224350,"event":{"mods":["BaseMod","Colored Map","Conspire","Downfall","Highlight Path","Marisa£®ÏF”Í°°ƒß¿Ì…≥£©","Minty Spire (QoL Compilation)","Quick Restart","Replay The Spire","Shop Mod","Spicy Shops","StSLib","SuperFastMode","TestMod","The Construct","The Cursed","The Servant 0.9.4","Yuyuko","vexMod"],"gold_per_floor":[118,136,156,7,7,52,52],"floor_reached":6,"playtime":320,"items_purged":["Defend_G"],"score":36,"play_id":"52307c1d-96fd-4fa4-8d5d-edeb33e2ce8c","local_time":"20210110043230","is_ascension_mode":false,"campfire_choices":[],"circlet_count":0,"master_deck":["Strike_G","Strike_G","Strike_G","Strike_G","Strike_G","Defend_G","Defend_G","Defend_G","Defend_G","Survivor","Neutralize","Acrobatics","Replay:Poison Smokescreen","Tactician","Mind Blast","Guardian:Aged"],"relics":["testmod-TestBox","ChewingGum","testmod-Alchemist","testmod-Faith","BargainBundle","ReplayTheSpireMod:Ring of Collecting","ReplayTheSpireMod:Ring of Challenge"],"acts_visited":["Exordium"],"potions_floor_usage":[6,6],"damage_taken":[{"damage":2,"enemies":"Cultist","floor":1,"turns":5},{"damage":2,"enemies":"Jaw Worm","floor":2,"turns":4},{"damage":1,"enemies":"Small Slimes","floor":3,"turns":3},{"damage":95,"enemies":"3 Sentries","floor":6,"turns":12}],"seed_played":"6991226519747574236","potions_obtained":[{"floor":2,"key":"Swift Potion"}],"is_trial":false,"path_per_floor":["M","M","M","$","?","E"],"character_chosen":"THE_SILENT","items_purchased":["testmod-Faith","BargainBundle","Poison Potion","Mind Blast","GamblersBrew","FairyPotion"],"campfire_rested":0,"item_purchase_floors":[4,4,4,4,4,4],"current_hp_per_floor":[68,66,65,65,65,0,0],"gold":52,"neow_bonus":"BOSS_RELIC","is_daily":false,"chose_seed":false,"campfire_upgraded":0,"win_rate":0.0,"timestamp":1610224350,"path_taken":["M","M","M","$","?","E"],"items_purchased_type":["Relic","Relic","Potion","Card","Potion","Potion"],"build_version":"2020-12-22","purchased_purges":1,"victory":false,"max_hp_per_floor":[70,70,70,70,70,70,70],"card_choices":[{"not_picked":["Well Laid Plans","Sucker Punch"],"picked":"Acrobatics","floor":1},{"not_picked":["conspire:PoisonWeapons","Slice"],"picked":"Replay:Poison Smokescreen","floor":2},{"not_picked":["Fluid Movement","PiercingWail"],"picked":"Tactician","floor":3}],"player_experience":50209,"relics_obtained":[{"floor":5,"key":"ReplayTheSpireMod:Ring of Collecting"},{"floor":5,"key":"ReplayTheSpireMod:Ring of Challenge"}],"event_choices":[],"is_beta":false,"boss_relics":[],"items_purged_floors":[4],"is_endless":false,"potions_floor_spawned":[2],"killed_by":"3 Sentries","ascension_level":0}}