{"host":"oigynbtg272c19pw","time":1610221561,"event":{"mods":["BaseMod","Colored Map","Minty Spire (QoL Compilation)","Relic Stats","StSLib"],"gold_per_floor":[115,190,190,190,210,210,210,226,226,269,269,304,304,56,56,149,149,168,168,183,16,32,32,72,87,168,208,36,54,85,100,100,100,100],"floor_reached":33,"playtime":1502,"items_purged":[],"score":676,"play_id":"3fb7ef24-c1a9-43dc-99b0-f6a9e73c2651","local_time":"20210109204601","is_ascension_mode":true,"campfire_choices":[{"data":"Trip","floor":6.0,"key":"SMITH"},{"data":"Inflame","floor":11.0,"key":"SMITH"},{"data":"Bludgeon","floor":13.0,"key":"SMITH"},{"data":"Carnage","floor":15.0,"key":"SMITH"},{"data":"Perfected Strike","floor":23.0,"key":"SMITH"},{"data":"Feed","floor":32.0,"key":"SMITH"}],"circlet_count":0,"master_deck":["AscendersBane","Strike_R","Strike_R","Strike_R+1","Strike_R","Strike_R","Defend_R+1","Defend_R","Defend_R","Defend_R","Bash","Trip+1","Spot Weakness","Power Through","Anger","Inflame+1","Bludgeon+1","Carnage+1","Feed+1","Perfected Strike+1","Ghostly","Ghostly","Ghostly","Clothesline","Uppercut+1","Feel No Pain+1","Armaments+1"],"relics":["Burning Blood","Golden Idol","Eternal Feather","Meat on the Bone","Mercury Hourglass","Self Forming Clay","Orichalcum","Snecko Eye","OrangePellets","Turnip","White Beast Statue","Boot","Toolbox","Juzu Bracelet"],"acts_visited":["Exordium","TheCity"],"potions_floor_usage":[33],"damage_taken":[{"damage":0.0,"enemies":"2 Louse","floor":1.0,"turns":3.0},{"damage":7.0,"enemies":"Small Slimes","floor":5.0,"turns":4.0},{"damage":1.0,"enemies":"Cultist","floor":8.0,"turns":3.0},{"damage":25.0,"enemies":"Lagavulin","floor":10.0,"turns":6.0},{"damage":5.0,"enemies":"3 Sentries","floor":12.0,"turns":7.0},{"damage":23.0,"enemies":"The Guardian","floor":16.0,"turns":7.0},{"damage":4.0,"enemies":"Chosen","floor":18.0,"turns":4.0},{"damage":0.0,"enemies":"Spheric Guardian","floor":20.0,"turns":1.0},{"damage":22.0,"enemies":"3 Cultists","floor":22.0,"turns":6.0},{"damage":9.0,"enemies":"Book of Stabbing","floor":24.0,"turns":4.0},{"damage":0.0,"enemies":"Centurion and Healer","floor":25.0,"turns":7.0},{"damage":0.0,"enemies":"Gremlin Leader","floor":27.0,"turns":4.0},{"damage":0.0,"enemies":"Snake Plant","floor":29.0,"turns":4.0},{"damage":33.0,"enemies":"Slavers","floor":30.0,"turns":7.0},{"damage":11.0,"enemies":"Snecko","floor":31.0,"turns":6.0},{"damage":73,"enemies":"Automaton","floor":33,"turns":6}],"seed_played":"-4454021093749980070","potions_obtained":[{"floor":1.0,"key":"Fire Potion"},{"floor":16.0,"key":"Ancient Potion"},{"floor":20.0,"key":"DistilledChaos"},{"floor":24.0,"key":"AttackPotion"},{"floor":29.0,"key":"Fire Potion"},{"floor":30.0,"key":"FearPotion"},{"floor":31.0,"key":"SkillPotion"}],"is_trial":false,"path_per_floor":["M","?","?","?","M","R","T","M","T","E","R","E","R","$","R","B",null,"M","?","M","$","M","R","E","M","T","E","$","M","E","M","R","B"],"character_chosen":"IRONCLAD","items_purchased":["Orichalcum","Carnage","OrangePellets","Toolbox"],"campfire_rested":0,"item_purchase_floors":[14,14,21,28],"current_hp_per_floor":[74,63,40,40,39,39,39,44,44,37,46,47,56,56,65,48,63,68,35,35,35,34,38,35,41,41,44,44,47,35,33,48,0,0],"gold":100,"neow_bonus":"RANDOM_COLORLESS","is_daily":false,"chose_seed":false,"campfire_upgraded":6,"win_rate":0.0,"timestamp":1610221561,"path_taken":["M","?","?","?","M","R","?","M","T","E","R","E","R","$","R","BOSS","M","?","M","$","M","R","E","M","T","E","$","M","E","M","R","BOSS"],"items_purchased_type":["Relic","Card","Relic","Relic"],"build_version":"2020-12-13","purchased_purges":0,"victory":false,"max_hp_per_floor":[75,75,75,68,68,68,68,68,68,68,68,68,68,68,68,68,68,71,35,35,35,38,38,38,41,41,44,44,47,50,53,53,53,53],"relic_stats":{"counters":[16,79],"Golden Idol":84,"Self Forming Clay":[57],"Eternal Feather":46,"Juzu Bracelet":0,"Orichalcum":[138],"Boot":[0],"Burning Blood":69,"Mercury Hourglass":[289],"OrangePellets":[4],"Snecko Eye":[54,52,48,56],"Turnip":[3],"obtain_stats":[{"Golden Idol":4,"Self Forming Clay":12,"Eternal Feather":7,"Juzu Bracelet":30,"Orichalcum":14,"Boot":27,"Burning Blood":0,"White Beast Statue":26,"Mercury Hourglass":10,"OrangePellets":21,"Snecko Eye":17,"Toolbox":28,"Turnip":24,"Meat on the Bone":9},{"Golden Idol":1,"Self Forming Clay":5,"Eternal Feather":2,"Juzu Bracelet":14,"Orichalcum":5,"Boot":12,"Burning Blood":0,"White Beast Statue":11,"Mercury Hourglass":4,"OrangePellets":8,"Snecko Eye":6,"Toolbox":12,"Turnip":10,"Meat on the Bone":3},{"Golden Idol":3,"Self Forming Clay":23,"Eternal Feather":7,"Juzu Bracelet":67,"Orichalcum":23,"Boot":56,"Burning Blood":0,"White Beast Statue":52,"Mercury Hourglass":16,"OrangePellets":35,"Snecko Eye":30,"Toolbox":56,"Turnip":45,"Meat on the Bone":10}],"Meat on the Bone":36},"card_choices":[{"not_picked":["Forethought","Blind"],"picked":"Trip","floor":0.0},{"not_picked":["Warcry","Havoc"],"picked":"Spot Weakness","floor":1.0},{"not_picked":["Wild Strike","Iron Wave"],"picked":"Power Through","floor":5.0},{"not_picked":["Headbutt","Flex"],"picked":"Anger","floor":8.0},{"not_picked":["Headbutt","Cleave"],"picked":"Inflame","floor":10.0},{"not_picked":["Sentinel","Iron Wave"],"picked":"Bludgeon","floor":12.0},{"not_picked":["Impervious","Offering"],"picked":"Feed","floor":16.0},{"not_picked":["Thunderclap","True Grit"],"picked":"Perfected Strike","floor":18.0},{"not_picked":["Combust","Headbutt+1"],"picked":"Clothesline","floor":20.0},{"not_picked":["Armaments","Sword Boomerang","True Grit"],"picked":"SKIP","floor":22.0},{"not_picked":["Infernal Blade","Rampage+1"],"picked":"Uppercut+1","floor":24.0},{"not_picked":["Clothesline","Twin Strike"],"picked":"Feel No Pain+1","floor":25.0},{"not_picked":["Sword Boomerang","Rage","Rupture+1"],"picked":"SKIP","floor":27.0},{"not_picked":["Perfected Strike","Spot Weakness","Combust"],"picked":"SKIP","floor":29.0},{"not_picked":["Offering","Carnage"],"picked":"Armaments+1","floor":30.0},{"not_picked":["Twin Strike","Searing Blow","Spot Weakness"],"picked":"SKIP","floor":31.0}],"player_experience":1355035,"relics_obtained":[{"floor":7.0,"key":"Eternal Feather"},{"floor":9.0,"key":"Meat on the Bone"},{"floor":10.0,"key":"Mercury Hourglass"},{"floor":12.0,"key":"Self Forming Clay"},{"floor":24.0,"key":"Turnip"},{"floor":26.0,"key":"White Beast Statue"},{"floor":27.0,"key":"Boot"},{"floor":30.0,"key":"Juzu Bracelet"}],"event_choices":[{"damage_healed":0.0,"max_hp_gain":0.0,"max_hp_loss":0.0,"gold_gain":75.0,"event_name":"World of Goop","player_choice":"Gather Gold","floor":2.0,"gold_loss":0.0,"damage_taken":11.0},{"damage_healed":0.0,"max_hp_gain":0.0,"max_hp_loss":0.0,"gold_gain":0.0,"event_name":"Shining Light","player_choice":"Entered Light","floor":3.0,"gold_loss":0.0,"damage_taken":23.0,"cards_upgraded":["Strike_R","Defend_R"]},{"damage_healed":0.0,"max_hp_gain":0.0,"max_hp_loss":7.0,"gold_gain":0.0,"event_name":"Golden Idol","player_choice":"Lose Max HP","floor":4.0,"gold_loss":0.0,"damage_taken":0.0,"relics_obtained":["Golden Idol"]},{"damage_healed":0.0,"max_hp_gain":0.0,"max_hp_loss":36.0,"gold_gain":0.0,"event_name":"Ghosts","player_choice":"Became a Ghost","floor":19.0,"gold_loss":0.0,"damage_taken":0.0,"cards_obtained":["Ghostly","Ghostly","Ghostly"]}],"is_beta":false,"boss_relics":[{"not_picked":["Black Star","Black Blood"],"picked":"Snecko Eye"}],"items_purged_floors":[],"is_endless":false,"potions_floor_spawned":[1,16,20,24,27,29,30,31],"killed_by":"Automaton","ascension_level":20}}