{"host":"mmyob72dycyg5z21","time":1610171462,"event":{"mods":["AchievementEnabler","Act Like it!","Alarm Clock","Aspiration","BaseMod","Bestiary","Better Note","Better Third Choice","Better Vampires","Colored Powertips","Gold Saver","Gremlin Skip","Luminous","Marked Mod","Minty Spire (QoL Compilation)","Poor People Problems","Rare Cards Sparkle","Spicy Shops","StSLib","SuperFastMode","The Hierophant","Yuyuko","[功能]功能增强和修复MOD","【功能Mod】精心准备","【遗物Mod】死灵法师NEW","【遗物卡牌】REMEMod","篝火指南"],"gold_per_floor":[3829,3846,2657,2657,2657,2631,2631,2628,2652,2582,2570,2525,1667,1650,1650,1576,1576,1510,732,660,224,224,188,188,157,157,157,157,180,230,248,260,310,322,295,307,319,340,352,364,470,482,494,506,119,415,116,199,199,119,119,119,119,164,24],"floor_reached":56,"playtime":2776,"items_purged":["hierophant:Strike_Hierophant","hierophant:Strike_Hierophant","hierophant:Strike_Hierophant","hierophant:Strike_Hierophant","hierophant:Defend_Hierophant","hierophant:ArchangelShield"],"score":1573,"play_id":"26f8c4e7-1169-4cec-bfb9-a928f9dd2cf2","local_time":"20210109135102","is_ascension_mode":true,"campfire_choices":[{"data":"hierophant:SolarFlare","floor":7.0,"key":"SMITH"},{"data":"Entrench","floor":15.0,"key":"SMITH"},{"data":"Immolate","floor":27.0,"key":"SMITH"},{"floor":32.0,"key":"REST"},{"floor":40.0,"key":"RECALL"},{"data":"REME_FirmDetermination","floor":42.0,"key":"SMITH"},{"data":"Searing Blow","floor":44.0,"key":"SMITH"},{"data":"Searing Blow+2","floor":49,"key":"SMITH"},{"data":"Searing Blow+3","floor":52,"key":"SMITH"}],"circlet_count":0,"master_deck":["hierophant:Punish","hierophant:Defend_Hierophant","hierophant:Defend_Hierophant+1","hierophant:Defend_Hierophant+1","hierophant:ChurchCoffers","Entrench+1","hierophant:SolarFlare+1","REME_ProfessionalPlagiarism","hierophant:OrnateBuckler+1","hierophant:Levitation+1","hierophant:Racketeering+1","hierophant:ThreeLashes+1","REME_MagicPocketWatch+1","hierophant:OrnateBuckler+1","hierophant:HolyVerse+1","Burning Pact+1","Sadistic Nature","Feel No Pain+1","Shrug It Off+1","REME_BuildACard+1","Immolate+1","Searing Blow+4","REME_ACTH+1","hierophant:Doomsaying+1","REME_FirmDetermination+1","hierophant:Cornucopia+1"],"relics":["REME_OnlineShoppingPlatform","Philosopher\u0027s Stone","Omamori","REME_HourglassOfDeath","Question Card","Golden Idol","Toxic Egg 2","Tiny Chest","Potion Belt","War Paint","Regal Pillow","SumDragon","Strawberry","Ornamental Fan","HandDrill","aspiration:IroncladSkillbook","Bronze Scales","Cauldron","aspiration:StickyExplosives","Dead Branch","Ancient Tea Set","CeramicFish","Enchiridion","MawBank","REME_LowDesire","PreservedInsect","aspiration:HiddenCompartment","Torii","Pantograph","Sundial","aspiration:SeaSaltIceCream","Golden Idol","Oddly Smooth Stone","Old Coin","Whetstone","Strange Spoon","Art of War"],"acts_visited":["Exordium","TheCity","TheBeyond","TheEnding"],"potions_floor_usage":[55,55],"damage_taken":[{"damage":0.0,"enemies":"2 Louse","floor":1.0,"turns":2.0},{"damage":0.0,"enemies":"Jaw Worm","floor":2.0,"turns":4.0},{"damage":0.0,"enemies":"3 Sentries","floor":6.0,"turns":4.0},{"damage":29.0,"enemies":"Gremlin Nob","floor":8.0,"turns":4.0},{"damage":11.0,"enemies":"3 Sentries","floor":10.0,"turns":9.0},{"damage":0.0,"enemies":"Cultist","floor":11.0,"turns":2.0},{"damage":0.0,"enemies":"Gremlin Nob","floor":12.0,"turns":3.0},{"damage":5.0,"enemies":"2 Fungi Beasts","floor":14.0,"turns":2.0},{"damage":0.0,"enemies":"Hexaghost","floor":16.0,"turns":7.0},{"damage":0.0,"enemies":"Shell Parasite","floor":18.0,"turns":6.0},{"damage":2.0,"enemies":"Chosen","floor":20.0,"turns":3.0},{"damage":46.0,"enemies":"Book of Stabbing","floor":23.0,"turns":5.0},{"damage":6.0,"enemies":"Slavers","floor":25.0,"turns":5.0},{"damage":0.0,"enemies":"3 Cultists","floor":30.0,"turns":3.0},{"damage":16.0,"enemies":"Snake Plant","floor":31.0,"turns":4.0},{"damage":0.0,"enemies":"Champ","floor":33.0,"turns":7.0},{"damage":10.0,"enemies":"3 Shapes","floor":35.0,"turns":3.0},{"damage":0.0,"enemies":"Giant Head","floor":41.0,"turns":6.0},{"damage":0,"enemies":"Nemesis","floor":46,"turns":2},{"damage":0,"enemies":"Orb Walker","floor":48,"turns":4},{"damage":26,"enemies":"Time Eater","floor":50,"turns":10},{"damage":0,"enemies":"Shield and Spear","floor":54,"turns":5},{"damage":47,"enemies":"The Heart","floor":55,"turns":8}],"seed_played":"6250860717293862959","potions_obtained":[{"floor":11.0,"key":"FearPotion"}],"is_trial":false,"path_per_floor":["M","M","$","?","?","E","R","E","T","E","M","E","$","M","R","B",null,"M","$","M","$","?","E","?","E","T","R","?","T","M","M","R","B",null,"M","?","$","?","T","R","E","R","T","R","$","E","$","M","R","B",null,"R","$","E","B",null],"character_chosen":"HIEROPHANT","items_purchased":["Omamori","REME_HourglassOfDeath","hierophant:SolarFlare","REME_ProfessionalPlagiarism","Question Card","SumDragon","Strawberry","REME_MagicPocketWatch+1","Ornamental Fan","HandDrill","Bronze Scales","Burning Pact+1","Cauldron","Sadistic Nature","Shrug It Off+1","REME_BuildACard+1","aspiration:StickyExplosives","aspiration:SeaSaltIceCream","Oddly Smooth Stone","Whetstone","Strange Spoon"],"campfire_rested":1,"item_purchase_floors":[3,3,3,3,3,13,13,13,13,13,19,19,19,19,21,21,21,45,45,47,47],"current_hp_per_floor":[75,75,75,57,57,57,57,28,28,17,17,17,24,19,19,19,82,82,82,82,82,82,40,40,38,38,38,22,22,26,14,53,57,82,76,76,76,76,76,76,80,80,80,80,80,82,82,82,82,64,84,84,84,84,41],"gold":24,"neow_bonus":"BOSS_RELIC","is_daily":false,"chose_seed":false,"campfire_upgraded":7,"win_rate":0.0,"timestamp":1610171462,"path_taken":["M","M","$","?","?","E","R","E","T","E","M","E","$","M","R","BOSS","M","$","M","$","?","E","?","E","T","R","?","?","?","M","R","BOSS","M","?","$","?","?","R","E","R","T","R","$","E","$","M","R","BOSS","R","$","E","BOSS"],"items_purchased_type":["Relic","Relic","Card","Card","Relic","Relic","Relic","Card","Relic","Relic","Relic","Card","Relic","Card","Card","Card","Relic","Relic","Relic","Relic","Relic"],"build_version":"2020-12-22","purchased_purges":6,"victory":true,"max_hp_per_floor":[75,75,75,75,75,75,75,75,75,75,75,75,82,82,82,82,82,82,82,82,82,82,82,82,82,82,82,82,82,82,82,82,82,82,82,82,82,82,82,82,82,82,82,82,82,82,82,82,82,84,84,84,84,84,84],"card_choices":[{"not_picked":["hierophant:FlamingChariot","hierophant:Prophecy","hierophant:MorningPrayer"],"picked":"SKIP","floor":1.0},{"not_picked":["hierophant:SealAway","hierophant:Empathy","hierophant:Sermon"],"picked":"SKIP","floor":2.0},{"not_picked":["hierophant:Doubloon+1","hierophant:Endure+1","hierophant:DisplayOfPower"],"picked":"hierophant:OrnateBuckler+1","floor":6.0},{"not_picked":["hierophant:OrnateBuckler+1","hierophant:DivineIntervention+1","hierophant:RepressedViolence"],"picked":"hierophant:Levitation+1","floor":8.0},{"not_picked":["hierophant:Sermon+1","hierophant:Patience+1","hierophant:DeathKnell+1"],"picked":"hierophant:Racketeering+1","floor":10.0},{"not_picked":["hierophant:Remorse","hierophant:PassingBell","hierophant:Smite"],"picked":"hierophant:ThreeLashes","floor":11.0},{"not_picked":["hierophant:RustyCrate+1","hierophant:TollTheBells+1","hierophant:Prophecy+1"],"picked":"hierophant:ArchangelShield","floor":12.0},{"not_picked":["hierophant:FieryStrike","hierophant:PristineSoul+1","hierophant:DisplayOfPower"],"picked":"hierophant:OrnateBuckler+1","floor":14.0},{"not_picked":["hierophant:AuricBeam","Sword Boomerang","Hemokinesis","hierophant:SolarFlare"],"picked":"hierophant:HolyVerse+1","floor":18.0},{"not_picked":["hierophant:Smite","hierophant:TollTheBells+1","Twin Strike","hierophant:AuricShield+1"],"picked":"Feel No Pain+1","floor":20.0},{"not_picked":["Rupture","hierophant:Anathema","Searing Blow","hierophant:SealAway","Cleave+1"],"picked":"SKIP","floor":23.0},{"not_picked":["Metallicize","hierophant:MorningPrayer+1","Pummel+1","REME_SingleHolding+1"],"picked":"Immolate","floor":25.0},{"not_picked":["hierophant:FlamingChariot+1","Flex+1","Disarm+1","Sever Soul+1"],"picked":"Searing Blow","floor":30.0},{"not_picked":["Flex+1","Combust","Clash","hierophant:TollTheBells+1","hierophant:Sermon+1"],"picked":"SKIP","floor":31.0},{"not_picked":["hierophant:Generosity","Exhume+1","Berserk","hierophant:Kindle+1"],"picked":"REME_ACTH+1","floor":33.0},{"not_picked":["hierophant:AuricBeam+1","Clash","hierophant:Generosity","hierophant:Alms+1","Jack Of All Trades+1"],"picked":"hierophant:Doomsaying+1","floor":35.0},{"not_picked":["REME_HeartOfCthun","Trip+1","Panacea+1","REME_MagicPocketWatch+1"],"picked":"REME_FirmDetermination","floor":38.0},{"not_picked":["Intimidate+1","hierophant:Kindle+1","hierophant:SealAway","Evolve","hierophant:Mercenaries+1","REME_ShortnessOfBreath+1"],"picked":"SKIP","floor":41.0},{"not_picked":["hierophant:SealAway+1","Warcry+1","hierophant:Empathy+1","Burning Pact+1","Secret Technique+1"],"picked":"hierophant:Cornucopia+1","floor":46},{"not_picked":["hierophant:RustyCrate+1","hierophant:RepressedViolence","Clash+1","Anger","hierophant:Encroach+1","HandOfGreedLower"],"picked":"SKIP","floor":48},{"not_picked":["Clothesline+1","Inflame","hierophant:Doomsaying+1","hierophant:Shelter+1","hierophant:Doubloon+1","HandOfGreed"],"picked":"SKIP","floor":54}],"player_experience":395462,"relics_obtained":[{"floor":6.0,"key":"Tiny Chest"},{"floor":8.0,"key":"Potion Belt"},{"floor":10.0,"key":"War Paint"},{"floor":12.0,"key":"Regal Pillow"},{"floor":23.0,"key":"Dead Branch"},{"floor":25.0,"key":"Ancient Tea Set"},{"floor":26.0,"key":"CeramicFish"},{"floor":28.0,"key":"Enchiridion"},{"floor":29.0,"key":"MawBank"},{"floor":34.0,"key":"PreservedInsect"},{"floor":34.0,"key":"aspiration:HiddenCompartment"},{"floor":39.0,"key":"Torii"},{"floor":41.0,"key":"Pantograph"},{"floor":43.0,"key":"Sundial"},{"floor":46,"key":"Old Coin"},{"floor":54,"key":"Art of War"}],"event_choices":[{"damage_healed":0.0,"max_hp_gain":0.0,"max_hp_loss":0.0,"gold_gain":0.0,"event_name":"Golden Idol","player_choice":"Take Damage","floor":4.0,"gold_loss":0.0,"damage_taken":18.0,"relics_obtained":["Golden Idol"]},{"cards_removed":["Sadistic Nature"],"damage_healed":0.0,"max_hp_gain":0.0,"max_hp_loss":0.0,"gold_gain":0.0,"event_name":"betterNote:BetterNote","player_choice":"Give","floor":22.0,"gold_loss":0.0,"damage_taken":0.0,"cards_obtained":["Bouncing Flask"]},{"damage_healed":0.0,"max_hp_gain":0.0,"max_hp_loss":0.0,"gold_gain":0.0,"event_name":"Vampires","player_choice":"Ignored","floor":24.0,"gold_loss":0.0,"damage_taken":0.0},{"damage_healed":0.0,"max_hp_gain":0.0,"max_hp_loss":0.0,"gold_gain":0.0,"event_name":"Cursed Tome","player_choice":"Obtained Book","floor":28.0,"gold_loss":0.0,"damage_taken":16.0},{"damage_healed":0.0,"max_hp_gain":0.0,"max_hp_loss":0.0,"gold_gain":0.0,"event_name":"Tomb of Lord Red Mask","player_choice":"Ignored","floor":36.0,"gold_loss":0.0,"damage_taken":0.0},{"damage_healed":0.0,"max_hp_gain":0.0,"max_hp_loss":0.0,"gold_gain":0.0,"event_name":"SensoryStone","player_choice":"Memory 1","floor":38.0,"gold_loss":0.0,"damage_taken":0.0}],"is_beta":false,"boss_relics":[{"not_picked":["REME_DemonsWealth","EctoplasmExtend"],"picked":"aspiration:IroncladSkillbook"},{"not_picked":["SlaversCollar","REME_ChargedStone"],"picked":"REME_LowDesire"}],"items_purged_floors":[3,3,3,3,13,19],"is_endless":false,"potions_floor_spawned":[1,2,6,11,12,14,16,20,23,25,25,25,30,33,46],"ascension_level":1}}