{"host":"3y2rtlgteqp2nuo3","time":1610210613,"event":{"mods":["2.2 Compatiblity","AchievementEnabler","BaseMod","Colored Map","DeckTracker","Highlight Path","Keyboard Shortcuts","Minty Spire (QoL Compilation)","Permanent Neow","Quick Restart","StSLib","SuperFastMode","everything is the same but u backflip on backflip"],"gold_per_floor":[111,129,149,160,59,59,88,104,104,104,114,114,114,124,124,220,220,233,258,276,289,112,112,129,149,175,187,199,140,140,156,156,258,258,277,290,304,351,573,573,606,606,606,656,656,152,166,181,181,181],"floor_reached":51,"playtime":1420,"items_purged":["Strike_G","Defend_G"],"score":837,"play_id":"eea8aa79-3f03-4991-80cf-040a2656658a","local_time":"20210110014333","is_ascension_mode":true,"campfire_choices":[{"data":"Deadly Poison","floor":6.0,"key":"SMITH"},{"data":"Poisoned Stab","floor":10.0,"key":"SMITH"},{"data":"Neutralize","floor":12.0,"key":"SMITH"},{"data":"Catalyst","floor":15.0,"key":"SMITH"},{"data":"Noxious Fumes","floor":23.0,"key":"SMITH"},{"floor":28.0,"key":"REST"},{"data":"Catalyst","floor":32.0,"key":"SMITH"},{"data":"Adrenaline","floor":40.0,"key":"SMITH"},{"floor":42,"key":"REST"},{"floor":49,"key":"REST"}],"circlet_count":0,"master_deck":["Defend_G","Defend_G","Defend_G","Survivor","Neutralize+1","Leg Sweep","Poisoned Stab+1","Dodge and Roll","Deadly Poison+1","Malaise","Catalyst+1","Die Die Die","Calculated Gamble+1","Dagger Spray+1","Outmaneuver+1","Catalyst+1","Noxious Fumes+1","Dash+1","Glass Knife","Crippling Poison","Adrenaline+1","Deflect","Corpse Explosion","Deflect+1","Acrobatics","Footwork+1","Well Laid Plans","Deep Breath","Catalyst+1","PiercingWail","Footwork+1"],"relics":["Ring of the Snake","Potion Belt","Thread and Needle","Astrolabe","Red Mask","MawBank","Cursed Key","Pocketwatch","StoneCalendar","Calipers","DollysMirror","Bird Faced Urn"],"acts_visited":["Exordium","TheCity","TheBeyond"],"potions_floor_usage":[41,50,50,50,50],"damage_taken":[{"damage":0.0,"enemies":"2 Louse","floor":1.0,"turns":5.0},{"damage":0.0,"enemies":"Small Slimes","floor":2.0,"turns":5.0},{"damage":0.0,"enemies":"Jaw Worm","floor":3.0,"turns":7.0},{"damage":0.0,"enemies":"3 Louse","floor":4.0,"turns":4.0},{"damage":20.0,"enemies":"Gremlin Nob","floor":7.0,"turns":5.0},{"damage":9.0,"enemies":"Exordium Wildlife","floor":8.0,"turns":7.0},{"damage":0.0,"enemies":"Large Slime","floor":11.0,"turns":6.0},{"damage":0.0,"enemies":"Looter","floor":14.0,"turns":3.0},{"damage":11.0,"enemies":"The Guardian","floor":16.0,"turns":9.0},{"damage":0.0,"enemies":"Chosen","floor":18.0,"turns":4.0},{"damage":0.0,"enemies":"Masked Bandits","floor":19.0,"turns":3.0},{"damage":0.0,"enemies":"Shell Parasite","floor":20.0,"turns":5.0},{"damage":4.0,"enemies":"3 Cultists","floor":21.0,"turns":5.0},{"damage":0.0,"enemies":"Snecko","floor":24.0,"turns":3.0},{"damage":23.0,"enemies":"Sentry and Sphere","floor":25.0,"turns":5.0},{"damage":4.0,"enemies":"Chosen and Byrds","floor":31.0,"turns":4.0},{"damage":40.0,"enemies":"Collector","floor":33.0,"turns":5.0},{"damage":0.0,"enemies":"3 Darklings","floor":35.0,"turns":2.0},{"damage":0.0,"enemies":"Orb Walker","floor":36.0,"turns":3.0},{"damage":0.0,"enemies":"Jaw Worm Horde","floor":37.0,"turns":2.0},{"damage":11.0,"enemies":"2 Orb Walkers","floor":38.0,"turns":5.0},{"damage":13,"enemies":"Reptomancer","floor":41,"turns":4},{"damage":0,"enemies":"Mind Bloom Boss Battle","floor":44,"turns":6},{"damage":15,"enemies":"Spire Growth","floor":47,"turns":7},{"damage":7,"enemies":"Sphere and 2 Shapes","floor":48,"turns":5},{"damage":14,"enemies":"Donu and Deca","floor":50,"turns":5}],"seed_played":"-4061274538402718367","potions_obtained":[{"floor":3.0,"key":"SpeedPotion"},{"floor":7.0,"key":"ColorlessPotion"},{"floor":16.0,"key":"LiquidBronze"},{"floor":19.0,"key":"Dexterity Potion"},{"floor":20.0,"key":"BlessingOfTheForge"},{"floor":25.0,"key":"ColorlessPotion"},{"floor":33.0,"key":"Poison Potion"},{"floor":35.0,"key":"DuplicationPotion"},{"floor":38.0,"key":"Dexterity Potion"},{"floor":41,"key":"Fire Potion"}],"is_trial":false,"path_per_floor":["M","M","M","M","$","R","E","M","T","R","M","R","?","M","R","B",null,"M","?","M","M","$","R","M","M","T","?","R","$","?","M","R","B",null,"M","M","M","?","?","R","E","R","T","?","?","$","M","M","R","B",null],"character_chosen":"THE_SILENT","items_purchased":["Deadly Poison","Noxious Fumes","Adrenaline","DollysMirror","Bird Faced Urn","PiercingWail"],"campfire_rested":3,"item_purchase_floors":[5,22,29,46,46,46],"current_hp_per_floor":[63,63,63,63,63,63,43,34,34,34,34,34,34,34,34,23,63,63,63,63,59,59,59,59,36,36,36,54,54,54,50,50,10,63,63,63,63,52,52,52,39,57,57,57,47,47,38,35,53,47],"gold":181,"neow_bonus":"REMOVE_TWO","is_daily":false,"chose_seed":false,"campfire_upgraded":7,"win_rate":0.0,"timestamp":1610210613,"path_taken":["M","M","M","M","$","R","E","M","T","R","M","R","?","M","R","BOSS","M","?","M","M","$","R","M","M","T","?","R","$","?","M","R","BOSS","M","M","M","?","?","R","E","R","T","?","?","$","M","M","R","BOSS"],"items_purchased_type":["Card","Card","Card","Relic","Relic","Card"],"build_version":"2020-12-22","purchased_purges":2,"victory":true,"max_hp_per_floor":[63,63,63,63,63,63,63,63,63,63,63,63,63,63,63,63,63,63,63,63,63,63,63,63,63,63,63,63,63,63,63,63,63,63,63,63,63,63,63,63,63,63,63,63,63,63,63,63,63,63],"card_choices":[{"not_picked":["Outmaneuver","Heel Hook"],"picked":"Leg Sweep","floor":1.0},{"not_picked":["Concentrate","Predator"],"picked":"Underhanded Strike","floor":2.0},{"not_picked":["Dodge and Roll","Expertise"],"picked":"Poisoned Stab","floor":3.0},{"not_picked":["Finisher","Skewer"],"picked":"Dodge and Roll","floor":4.0},{"not_picked":["Cloak And Dagger","Blade Dance"],"picked":"Malaise","floor":7.0},{"not_picked":["Cloak And Dagger","Sucker Punch","Deflect"],"picked":"SKIP","floor":8.0},{"not_picked":["Underhanded Strike","Finisher"],"picked":"Dagger Spray","floor":11.0},{"not_picked":["Eviscerate","Predator"],"picked":"Catalyst","floor":14.0},{"not_picked":["Bullet Time","Unload"],"picked":"Die Die Die","floor":16.0},{"not_picked":["Flying Knee","Dagger Spray","Distraction"],"picked":"SKIP","floor":18.0},{"not_picked":["Leg Sweep","Slice"],"picked":"Catalyst","floor":20.0},{"not_picked":["Reflex","Quick Slash","Eviscerate"],"picked":"SKIP","floor":21.0},{"not_picked":["Tactician","Blur","Blade Dance"],"picked":"SKIP","floor":24.0},{"not_picked":["Distraction","Accuracy"],"picked":"Dash+1","floor":25.0},{"not_picked":["Quick Slash","Outmaneuver"],"picked":"Deflect","floor":31.0},{"not_picked":["Glass Knife","Envenom"],"picked":"Corpse Explosion","floor":33.0},{"not_picked":["Blade Dance","Calculated Gamble"],"picked":"Deflect+1","floor":35.0},{"not_picked":["Dagger Throw+1","Tactician"],"picked":"Acrobatics","floor":36.0},{"not_picked":["Slice+1","Deadly Poison","Caltrops+1"],"picked":"SKIP","floor":37.0},{"not_picked":["Caltrops","Deadly Poison+1"],"picked":"Footwork+1","floor":38.0},{"not_picked":["Expertise+1","Riddle With Holes","Quick Slash+1"],"picked":"SKIP","floor":41},{"not_picked":["Dagger Spray","Unload"],"picked":"Well Laid Plans","floor":44},{"not_picked":["Good Instincts","Flash of Steel"],"picked":"Deep Breath","floor":45},{"not_picked":["Sucker Punch+1","Choke+1","Skewer+1"],"picked":"SKIP","floor":47},{"not_picked":["Crippling Poison+1","Expertise"],"picked":"Footwork+1","floor":48}],"player_experience":660982,"relics_obtained":[{"floor":7.0,"key":"Potion Belt"},{"floor":9.0,"key":"Thread and Needle"},{"floor":19.0,"key":"Red Mask"},{"floor":26.0,"key":"MawBank"},{"floor":38.0,"key":"Pocketwatch"},{"floor":41,"key":"StoneCalendar"},{"floor":44,"key":"Calipers"}],"event_choices":[{"damage_healed":0.0,"max_hp_gain":0.0,"max_hp_loss":0.0,"gold_gain":0.0,"event_name":"Shining Light","player_choice":"Ignored","floor":13.0,"gold_loss":0.0,"damage_taken":0.0},{"damage_healed":0.0,"max_hp_gain":0.0,"max_hp_loss":0.0,"gold_gain":0.0,"event_name":"Masked Bandits","player_choice":"Fought Bandits","floor":19.0,"gold_loss":0.0,"damage_taken":0.0},{"damage_healed":0.0,"max_hp_gain":0.0,"max_hp_loss":0.0,"gold_gain":0.0,"cards_transformed":["Underhanded Strike","Dagger Spray"],"event_name":"Drug Dealer","player_choice":"Became Test Subject","floor":27.0,"gold_loss":0.0,"damage_taken":0.0,"cards_obtained":["Glass Knife","Crippling Poison"]},{"damage_healed":0.0,"max_hp_gain":0.0,"max_hp_loss":0.0,"gold_gain":0.0,"event_name":"Ghosts","player_choice":"Ignored","floor":30.0,"gold_loss":0.0,"damage_taken":0.0},{"damage_healed":0.0,"max_hp_gain":0.0,"max_hp_loss":0.0,"gold_gain":0.0,"event_name":"Mysterious Sphere","player_choice":"Fight","floor":38.0,"gold_loss":0.0,"damage_taken":0.0},{"damage_healed":0.0,"max_hp_gain":0.0,"max_hp_loss":0.0,"gold_gain":222.0,"event_name":"Tomb of Lord Red Mask","player_choice":"Wore Mask","floor":39.0,"gold_loss":0.0,"damage_taken":0.0},{"damage_healed":0,"gold_gain":0,"player_choice":"Fight","damage_taken":0,"max_hp_gain":0,"max_hp_loss":0,"event_name":"MindBloom","floor":44,"gold_loss":0},{"damage_healed":0,"gold_gain":0,"player_choice":"Memory 3","damage_taken":10,"max_hp_gain":0,"max_hp_loss":0,"event_name":"SensoryStone","floor":45,"gold_loss":0}],"is_beta":false,"boss_relics":[{"not_picked":["Sozu","Snecko Eye"],"picked":"Astrolabe"},{"not_picked":["HoveringKite","Ring of the Serpent"],"picked":"Cursed Key"}],"items_purged_floors":[5,22],"is_endless":false,"potions_floor_spawned":[3,7,16,19,20,25,33,35,37,38,41,47],"ascension_level":4}}