{"host":"3l94tha3a4jgu0q4","time":1610193018,"event":{"mods":["2.2 Compatiblity","AchievementEnabler","BaseMod","Colored Map","Colored Powertips","Highlight Path","Minty Spire (QoL Compilation)","Permanent Neow","StSLib","SuperFastMode"],"gold_per_floor":[117,67,82,82,7,7,32,44,44,78,90,102,52,412,412,514,514,526,526,626,642,562,562,589,589,671,771,791,819,581,581,581,678,678,691,691,741,651,15,15,27,54,54,68,68,87,87,119,119,119],"floor_reached":51,"playtime":996,"items_purged":["Decay","Strike_G","Strike_G","Strike_G"],"score":995,"play_id":"a670a5bc-757a-454a-bd73-c39c004faa43","local_time":"20210109035018","is_ascension_mode":false,"campfire_choices":[{"data":"Neutralize","floor":6.0,"key":"SMITH"},{"data":"Cloak And Dagger","floor":11.0,"key":"SMITH"},{"floor":15.0,"key":"REST"},{"data":"Accuracy","floor":23,"key":"SMITH"},{"data":"Finisher","floor":25,"key":"SMITH"},{"data":"Choke","floor":32,"key":"SMITH"},{"data":"Footwork","floor":40,"key":"SMITH"},{"data":"Accuracy","floor":49,"key":"SMITH"}],"circlet_count":0,"master_deck":["Defend_G","Defend_G","Defend_G","Defend_G","Defend_G","Survivor","Neutralize+1","Blade Dance+1","Cloak And Dagger+1","Blade Dance","Backstab","Accuracy+1","Blur","Infinite Blades","Finisher+1","A Thousand Cuts","Infinite Blades+1","Terror+1","Choke+1","Phantasmal Killer","Prepared","Footwork+1","Adrenaline","Well Laid Plans","Accuracy+1","PiercingWail","Blur","Infinite Blades+1"],"relics":["Black Star","Ninja Scroll","WingedGreaves","The Courier","Orichalcum","MawBank","Old Coin","Runic Pyramid","Lizard Tail","Nunchaku","InkBottle","Mummified Hand","Turnip","HornCleat","Blue Candle","Kunai","WristBlade","Peace Pipe","Akabeko","Pantograph","Bottled Lightning","FossilizedHelix","Shuriken","Dead Branch","Ornamental Fan"],"acts_visited":["Exordium","TheCity","TheBeyond"],"potions_floor_usage":[24,29,29,33,48],"damage_taken":[{"damage":2.0,"enemies":"Jaw Worm","floor":1.0,"turns":6.0},{"damage":0.0,"enemies":"Cultist","floor":3.0,"turns":4.0},{"damage":25.0,"enemies":"Gremlin Nob","floor":7.0,"turns":5.0},{"damage":1.0,"enemies":"2 Louse","floor":8.0,"turns":2.0},{"damage":17.0,"enemies":"Lagavulin","floor":10.0,"turns":9.0},{"damage":19.0,"enemies":"Lagavulin Event","floor":14.0,"turns":6.0},{"damage":27.0,"enemies":"Slime Boss","floor":16.0,"turns":8.0},{"damage":0.0,"enemies":"Chosen","floor":18.0,"turns":4.0},{"damage":4.0,"enemies":"Spheric Guardian","floor":21.0,"turns":3.0},{"damage":13,"enemies":"Book of Stabbing","floor":24,"turns":3},{"damage":17,"enemies":"Colosseum Slavers","floor":27,"turns":3},{"damage":19,"enemies":"Colosseum Nobs","floor":27,"turns":4},{"damage":5,"enemies":"Cultist and Chosen","floor":28,"turns":3},{"damage":0,"enemies":"Gremlin Leader","floor":29,"turns":3},{"damage":0,"enemies":"Champ","floor":33,"turns":5},{"damage":13,"enemies":"3 Darklings","floor":35,"turns":2},{"damage":15,"enemies":"Mind Bloom Boss Battle","floor":37,"turns":3},{"damage":0,"enemies":"3 Shapes","floor":41,"turns":3},{"damage":6,"enemies":"Nemesis","floor":42,"turns":3},{"damage":0,"enemies":"Maw","floor":44,"turns":4},{"damage":5,"enemies":"4 Shapes","floor":46,"turns":2},{"damage":0,"enemies":"Reptomancer","floor":48,"turns":3},{"damage":0,"enemies":"Time Eater","floor":50,"turns":6}],"seed_played":"1513429009323710850","potions_obtained":[{"floor":7.0,"key":"Ancient Potion"},{"floor":10.0,"key":"Poison Potion"},{"floor":14.0,"key":"Fruit Juice"},{"floor":16.0,"key":"SteroidPotion"},{"floor":18.0,"key":"Dexterity Potion"},{"floor":27,"key":"FearPotion"},{"floor":28,"key":"LiquidBronze"},{"floor":29,"key":"Swift Potion"},{"floor":37,"key":"Ancient Potion"},{"floor":42,"key":"DuplicationPotion"}],"is_trial":false,"path_per_floor":["M","$","M","?","$","R","E","M","T","E","R","?","$","?","R","B",null,"M","?","?","M","$","R","E","R","T","?","M","E","$","T","R","B",null,"M","?","?","?","$","R","M","E","T","M","T","M","?","E","R","B",null],"character_chosen":"THE_SILENT","items_purchased":["Cloak And Dagger","Infinite Blades","Adrenaline","Fruit Juice","Footwork","Adrenaline","Well Laid Plans","Accuracy","Akabeko","PiercingWail","Blur"],"campfire_rested":1,"item_purchase_floors":[2,13,30,30,39,39,39,39,39,39,39],"current_hp_per_floor":[68,68,68,68,68,68,43,42,42,25,25,25,25,6,27,5,75,75,75,75,71,71,71,58,58,58,22,17,17,17,17,17,22,80,67,67,52,52,52,52,52,46,46,46,46,41,41,41,41,66],"gold":119,"neow_bonus":"BOSS_RELIC","is_daily":false,"chose_seed":false,"campfire_upgraded":7,"win_rate":0.0,"timestamp":1610193018,"path_taken":["M","$","M","?","?","R","E","M","T","E","R","?","$","?","R","BOSS","M","?","?","?","?","R","E","R","T","?","M","E","$","?","R","BOSS","M","?","?","?","$","R","?","E","T","M","?","M","?","E","R","BOSS"],"items_purchased_type":["Card","Card","Card","Potion","Card","Card","Card","Card","Relic","Card","Card"],"build_version":"2020-12-22","purchased_purges":4,"victory":true,"max_hp_per_floor":[70,70,70,70,70,70,70,70,70,70,70,70,70,70,70,75,75,75,75,75,75,75,75,75,75,75,75,75,75,75,75,75,80,80,80,80,80,80,80,80,80,80,80,80,80,80,80,80,80,80],"card_choices":[{"not_picked":["Prepared","Acrobatics"],"picked":"Blade Dance","floor":1.0},{"not_picked":["Catalyst","Flying Knee"],"picked":"Blade Dance","floor":3.0},{"not_picked":["Bane","Setup"],"picked":"Backstab","floor":7.0},{"not_picked":["Catalyst","Footwork"],"picked":"Accuracy","floor":8.0},{"not_picked":["Acrobatics","PiercingWail"],"picked":"Blur","floor":10.0},{"not_picked":["All Out Attack","Skewer"],"picked":"Finisher","floor":14.0},{"not_picked":["Envenom","Bullet Time"],"picked":"A Thousand Cuts","floor":16.0},{"not_picked":["Flying Knee+1","Poisoned Stab"],"picked":"Infinite Blades+1","floor":18.0},{"not_picked":["Backstab","Dodge and Roll"],"picked":"Terror+1","floor":21},{"not_picked":["Flying Knee","Sucker Punch","Slice"],"picked":"SKIP","floor":24},{"not_picked":["Expertise","Deadly Poison","Dagger Throw"],"picked":"SKIP","floor":28},{"not_picked":["Outmaneuver","Quick Slash"],"picked":"Choke","floor":29},{"not_picked":["Grand Finale","Night Terror"],"picked":"Phantasmal Killer","floor":33},{"not_picked":["Poisoned Stab+1","Skewer"],"picked":"Prepared","floor":35},{"not_picked":["Deflect+1","Concentrate+1","Slice+1"],"picked":"SKIP","floor":41},{"not_picked":["Deflect+1","Concentrate+1","Slice+1"],"picked":"SKIP","floor":41},{"not_picked":["Flechettes+1","Concentrate+1","Terror+1"],"picked":"SKIP","floor":42},{"not_picked":["Well Laid Plans","Underhanded Strike","Setup"],"picked":"SKIP","floor":44},{"not_picked":["Noxious Fumes+1","Distraction","Outmaneuver"],"picked":"SKIP","floor":46},{"not_picked":["Outmaneuver+1","Tactician+1"],"picked":"Infinite Blades+1","floor":48}],"player_experience":1910779,"relics_obtained":[{"floor":7.0,"key":"Ninja Scroll"},{"floor":7.0,"key":"WingedGreaves"},{"floor":9.0,"key":"The Courier"},{"floor":10.0,"key":"Orichalcum"},{"floor":10.0,"key":"MawBank"},{"floor":14.0,"key":"Old Coin"},{"floor":24,"key":"Nunchaku"},{"floor":24,"key":"InkBottle"},{"floor":26,"key":"Mummified Hand"},{"floor":27,"key":"Turnip"},{"floor":27,"key":"HornCleat"},{"floor":29,"key":"Blue Candle"},{"floor":29,"key":"Kunai"},{"floor":37,"key":"Peace Pipe"},{"floor":42,"key":"Pantograph"},{"floor":42,"key":"Bottled Lightning"},{"floor":43,"key":"FossilizedHelix"},{"floor":45,"key":"Shuriken"},{"floor":48,"key":"Dead Branch"},{"floor":48,"key":"Ornamental Fan"}],"event_choices":[{"damage_healed":0.0,"max_hp_gain":0.0,"max_hp_loss":0.0,"gold_gain":0.0,"event_name":"Wheel of Change","player_choice":"Cursed","floor":4.0,"gold_loss":0.0,"damage_taken":0.0,"cards_obtained":["Decay"]},{"cards_removed":["Strike_G"],"damage_healed":0.0,"max_hp_gain":0.0,"max_hp_loss":0.0,"gold_gain":0.0,"event_name":"Living Wall","player_choice":"Forget","floor":12.0,"gold_loss":0.0,"damage_taken":0.0},{"damage_healed":0.0,"max_hp_gain":0.0,"max_hp_loss":0.0,"gold_gain":0.0,"event_name":"Dead Adventurer","player_choice":"Searched \u00271\u0027 times","floor":14.0,"gold_loss":0.0,"damage_taken":0.0},{"damage_healed":0.0,"max_hp_gain":0.0,"max_hp_loss":0.0,"gold_gain":0.0,"event_name":"The Mausoleum","player_choice":"Opened","floor":19.0,"gold_loss":0.0,"damage_taken":0.0,"relics_obtained":["Lizard Tail"]},{"damage_healed":0.0,"max_hp_gain":0.0,"max_hp_loss":0.0,"gold_gain":100.0,"event_name":"Golden Shrine","player_choice":"Pray","floor":20.0,"gold_loss":0.0,"damage_taken":0.0},{"damage_healed":0,"gold_gain":0,"player_choice":"Fight","damage_taken":0,"max_hp_gain":0,"max_hp_loss":0,"event_name":"Colosseum","floor":27,"gold_loss":0},{"damage_healed":0,"gold_gain":0,"player_choice":"Fought Nobs","damage_taken":0,"max_hp_gain":0,"max_hp_loss":0,"event_name":"Colosseum","floor":27,"gold_loss":0},{"cards_removed":["Adrenaline"],"damage_healed":0,"gold_gain":0,"player_choice":"Removed Skill","damage_taken":0,"max_hp_gain":0,"max_hp_loss":0,"event_name":"Falling","floor":36,"gold_loss":0},{"damage_healed":0,"gold_gain":0,"player_choice":"Fight","damage_taken":0,"max_hp_gain":0,"max_hp_loss":0,"event_name":"MindBloom","floor":37,"gold_loss":0},{"cards_removed":["Strike_G"],"damage_healed":0,"gold_gain":0,"player_choice":"Upgrade and Remove","damage_taken":0,"max_hp_gain":0,"max_hp_loss":0,"event_name":"Designer","floor":38,"gold_loss":90,"cards_upgraded":["Blade Dance"]},{"damage_healed":0,"gold_gain":0,"player_choice":"Memory 1","damage_taken":0,"max_hp_gain":0,"max_hp_loss":0,"event_name":"SensoryStone","floor":47,"gold_loss":0}],"is_beta":false,"boss_relics":[{"not_picked":["Snecko Eye","Velvet Choker"],"picked":"Runic Pyramid"},{"not_picked":["Busted Crown","Cursed Key"],"picked":"WristBlade"}],"items_purged_floors":[5,22,30,39],"is_endless":false,"potions_floor_spawned":[7,10,14,16,18,27,27,28,29,37,41,42,46],"ascension_level":0}}