{"host":"g01l53quoe6lrer0","time":1610235126,"event":{"mods":["2.2 Compatiblity","AchievementEnabler","BaseMod","Colored Map","Highlight Path","Keyboard Shortcuts","Minty Spire (QoL Compilation)","Permanent Neow","StSLib","SuperFastMode","everything is the same but u backflip on backflip"],"gold_per_floor":[359,379,67,82,97,97,111,111,138,138,173,183,195,208,208,208,208],"floor_reached":16,"playtime":327,"items_purged":[],"score":212,"play_id":"526bb73e-6066-465b-8f82-d1a52e0a131e","local_time":"20210110083206","is_ascension_mode":true,"campfire_choices":[{"data":"Perfected Strike","floor":6.0,"key":"SMITH"},{"data":"Perfected Strike","floor":8.0,"key":"SMITH"},{"floor":10.0,"key":"REST"},{"data":"Twin Strike","floor":15,"key":"SMITH"}],"circlet_count":0,"master_deck":["AscendersBane","Strike_R","Strike_R","Strike_R","Strike_R","Strike_R","Defend_R","Defend_R","Defend_R","Defend_R","Bash","Pommel Strike","Perfected Strike+1","Wild Strike","Evolve","Perfected Strike+1","Warcry","Twin Strike+1","Thunderclap"],"relics":["Burning Blood","StrikeDummy","Lantern","Oddly Smooth Stone"],"acts_visited":["Exordium"],"potions_floor_usage":[16],"damage_taken":[{"damage":2.0,"enemies":"Cultist","floor":1.0,"turns":4.0},{"damage":11.0,"enemies":"2 Louse","floor":2.0,"turns":3.0},{"damage":6.0,"enemies":"Small Slimes","floor":4.0,"turns":2.0},{"damage":11.0,"enemies":"Blue Slaver","floor":5.0,"turns":3.0},{"damage":18.0,"enemies":"Large Slime","floor":7.0,"turns":5.0},{"damage":35.0,"enemies":"Lagavulin","floor":11.0,"turns":6.0},{"damage":5,"enemies":"Looter","floor":12,"turns":2},{"damage":0,"enemies":"Blue Slaver","floor":13,"turns":1},{"damage":6,"enemies":"3 Louse","floor":14,"turns":2},{"damage":33,"enemies":"The Guardian","floor":16,"turns":6}],"seed_played":"8188669616989004119","potions_obtained":[{"floor":4.0,"key":"ColorlessPotion"},{"floor":7.0,"key":"Weak Potion"},{"floor":12,"key":"SkillPotion"},{"floor":13,"key":"SteroidPotion"}],"is_trial":false,"path_per_floor":["M","M","$","M","M","R","M","R","T","R","E","M","M","M","R","B"],"character_chosen":"IRONCLAD","items_purchased":["StrikeDummy","Wild Strike"],"campfire_rested":1,"item_purchase_floors":[3,3],"current_hp_per_floor":[54,49,49,49,44,44,32,32,32,54,25,26,32,32,32,0,0],"gold":208,"neow_bonus":"TWO_FIFTY_GOLD","is_daily":false,"chose_seed":false,"campfire_upgraded":3,"win_rate":0.0,"timestamp":1610235126,"path_taken":["M","M","$","M","M","R","?","R","T","R","E","M","M","M","R","BOSS"],"items_purchased_type":["Relic","Card"],"build_version":"2020-12-22","purchased_purges":0,"victory":false,"max_hp_per_floor":[75,75,75,75,75,75,75,75,75,75,75,75,75,75,75,75,75],"card_choices":[{"not_picked":["Flex","Shockwave"],"picked":"Pommel Strike","floor":1.0},{"not_picked":["Inflame","Dual Wield"],"picked":"Perfected Strike","floor":2.0},{"not_picked":["Shrug It Off","Warcry"],"picked":"Evolve","floor":4.0},{"not_picked":["Dropkick","Sentinel"],"picked":"Perfected Strike","floor":5.0},{"not_picked":["Havoc","Cleave"],"picked":"Warcry","floor":7.0},{"not_picked":["Feel No Pain","Ghostly Armor"],"picked":"Twin Strike","floor":11.0},{"not_picked":["Corruption","Sword Boomerang"],"picked":"Thunderclap","floor":12},{"not_picked":["Infernal Blade","Clothesline","Sword Boomerang"],"picked":"SKIP","floor":13},{"not_picked":["Sword Boomerang","Body Slam","Searing Blow"],"picked":"SKIP","floor":14}],"player_experience":125044,"relics_obtained":[{"floor":9.0,"key":"Lantern"},{"floor":11.0,"key":"Oddly Smooth Stone"}],"event_choices":[],"is_beta":false,"boss_relics":[],"items_purged_floors":[],"is_endless":false,"potions_floor_spawned":[4,7,12,13],"killed_by":"The Guardian","ascension_level":20}}