{"host":"resql42syj2vwpbb","time":1610169591,"event":{"mods":["BaseMod","BetterRewards","Colored Powertips","Minty Spire (QoL Compilation)","Quick Restart","StSLib","SuperFastMode"],"gold_per_floor":[114,114,127,2,18,18,30,48,99,130,130,142,142,142,142,247,247,267,267,279,194,194,224,241,272,272,272,306,325,354,26,26,121,121,140,140,190,205,205,205,232,232,232,246,246,256,256,283,283,283],"floor_reached":51,"playtime":2136,"items_purged":["Strike_G","Strike_G","Strike_G"],"score":956,"play_id":"7c0cc77e-0eb7-47b4-bf8a-82418307632b","local_time":"20210109131951","is_ascension_mode":true,"campfire_choices":[{"data":"Accuracy","floor":6.0,"key":"SMITH"},{"data":"Neutralize","floor":11.0,"key":"SMITH"},{"data":"Blade Dance","floor":15.0,"key":"SMITH"},{"floor":27.0,"key":"REST"},{"floor":32.0,"key":"REST"},{"data":"Survivor","floor":40.0,"key":"SMITH"},{"data":"Footwork","floor":42.0,"key":"SMITH"},{"data":"Storm of Steel","floor":49.0,"key":"SMITH"}],"circlet_count":0,"master_deck":["Strike_G+1","Strike_G+1","Defend_G","Defend_G","Defend_G","Defend_G","Defend_G","Survivor+1","Neutralize+1","Accuracy+1","Infinite Blades","Infinite Blades","Blade Dance+1","After Image+1","Cloak And Dagger","Trip","Cloak And Dagger","Blade Dance","Footwork+1","Storm of Steel+1","Cloak And Dagger+1","Infinite Blades+1","Blind"],"relics":["Ring of the Snake","TungstenRod","Molten Egg 2","Bag of Marbles","Paper Crane","SlaversCollar","Pen Nib","Matryoshka","Red Mask","Sundial","Blue Candle","Omamori","Whetstone","Letter Opener","Runic Pyramid","FossilizedHelix","Kunai","Bottled Lightning","Mercury Hourglass","Anchor"],"acts_visited":["Exordium","TheCity","TheBeyond"],"potions_floor_usage":[50,50],"damage_taken":[{"damage":0.0,"enemies":"Cultist","floor":1.0,"turns":3.0},{"damage":0.0,"enemies":"Jaw Worm","floor":3.0,"turns":4.0},{"damage":1.0,"enemies":"Small Slimes","floor":5.0,"turns":5.0},{"damage":0.0,"enemies":"Red Slaver","floor":7.0,"turns":4.0},{"damage":0.0,"enemies":"Looter","floor":8.0,"turns":4.0},{"damage":2.0,"enemies":"Lagavulin","floor":10.0,"turns":5.0},{"damage":0.0,"enemies":"Large Slime","floor":12.0,"turns":3.0},{"damage":8.0,"enemies":"Hexaghost","floor":16.0,"turns":7.0},{"damage":1.0,"enemies":"Chosen","floor":18.0,"turns":4.0},{"damage":4.0,"enemies":"Shell Parasite","floor":20.0,"turns":5.0},{"damage":0.0,"enemies":"Book of Stabbing","floor":23.0,"turns":5.0},{"damage":0.0,"enemies":"Snecko","floor":24.0,"turns":5.0},{"damage":20.0,"enemies":"Masked Bandits","floor":25.0,"turns":5.0},{"damage":17.0,"enemies":"Gremlin Leader","floor":28.0,"turns":6.0},{"damage":8.0,"enemies":"Sentry and Sphere","floor":29.0,"turns":4.0},{"damage":0.0,"enemies":"Book of Stabbing","floor":30.0,"turns":4.0},{"damage":2.0,"enemies":"Collector","floor":33.0,"turns":8.0},{"damage":0.0,"enemies":"Orb Walker","floor":35.0,"turns":2.0},{"damage":5.0,"enemies":"Mind Bloom Boss Battle","floor":37.0,"turns":4.0},{"damage":6.0,"enemies":"3 Darklings","floor":38.0,"turns":5.0},{"damage":0.0,"enemies":"Nemesis","floor":41.0,"turns":3.0},{"damage":12.0,"enemies":"Sphere and 2 Shapes","floor":44.0,"turns":5.0},{"damage":0.0,"enemies":"Transient","floor":46.0,"turns":5.0},{"damage":0.0,"enemies":"Giant Head","floor":48.0,"turns":5.0},{"damage":0,"enemies":"Donu and Deca","floor":50,"turns":7}],"seed_played":"7948532704551355304","potions_obtained":[{"floor":1.0,"key":"Explosive Potion"},{"floor":5.0,"key":"Dexterity Potion"},{"floor":10.0,"key":"Block Potion"},{"floor":14.0,"key":"EssenceOfSteel"},{"floor":29.0,"key":"FairyPotion"},{"floor":35.0,"key":"BlessingOfTheForge"},{"floor":41.0,"key":"BlessingOfTheForge"},{"floor":48.0,"key":"Dexterity Potion"}],"is_trial":false,"path_per_floor":["M","T","M","$","M","R","M","M","T","E","R","M","?","?","R","B",null,"M","?","M","?","?","E","M","?","T","R","E","M","E","$","R","B",null,"M","$","?","M","?","R","E","R","T","M","?","M","?","E","R","B",null],"character_chosen":"THE_SILENT","items_purchased":["Accuracy","Infinite Blades","Infinite Blades","Letter Opener","Footwork"],"campfire_rested":2,"item_purchase_floors":[0,0,0,31,31],"current_hp_per_floor":[63,63,63,63,62,62,62,62,62,60,60,60,60,60,60,52,70,69,57,53,53,43,43,43,23,23,45,28,20,20,20,42,40,75,75,75,70,64,64,64,64,64,64,52,52,52,52,52,52,52],"gold":283,"neow_bonus":"","is_daily":false,"chose_seed":false,"campfire_upgraded":6,"win_rate":0.0,"timestamp":1610169591,"path_taken":["M","?","?","$","M","R","M","M","T","E","R","M","?","?","R","BOSS","M","?","M","?","?","E","?","?","T","R","E","M","E","$","R","BOSS","M","$","?","M","?","R","E","R","T","?","?","M","?","E","R","BOSS"],"items_purchased_type":["Card","Card","Card","Relic","Card"],"build_version":"2020-12-22","purchased_purges":3,"victory":true,"max_hp_per_floor":[70,70,70,70,70,70,70,70,70,70,70,70,70,70,70,70,70,70,75,75,75,75,75,75,75,75,75,75,75,75,75,75,75,75,75,75,75,75,75,75,75,75,75,75,75,75,75,75,75,75],"card_choices":[{"not_picked":["Deadly Poison","All Out Attack","Slice"],"picked":"SKIP","floor":1.0},{"not_picked":["Dagger Spray+1","Outmaneuver","Crippling Poison"],"picked":"SKIP","floor":3.0},{"not_picked":["Dagger Throw+1","Dodge and Roll","Riddle With Holes+1"],"picked":"SKIP","floor":5.0},{"not_picked":["Dodge and Roll","Bullet Time","Outmaneuver"],"picked":"SKIP","floor":7.0},{"not_picked":["Underhanded Strike+1","Dodge and Roll"],"picked":"Blade Dance","floor":8.0},{"not_picked":["Underhanded Strike+1","Dagger Throw+1","Slice+1"],"picked":"SKIP","floor":10.0},{"not_picked":["Slice+1","Bullet Time","Poisoned Stab+1"],"picked":"SKIP","floor":12.0},{"not_picked":["Malaise","Doppelganger"],"picked":"After Image","floor":16.0},{"not_picked":["Dodge and Roll","Acrobatics","Choke+1"],"picked":"SKIP","floor":18.0},{"not_picked":["Flying Knee+1","Slice+1"],"picked":"Cloak And Dagger","floor":20.0},{"not_picked":["PiercingWail+1","Escape Plan","Sucker Punch+1"],"picked":"SKIP","floor":23.0},{"not_picked":["Deadly Poison+1","Flying Knee+1"],"picked":"Cloak And Dagger","floor":24.0},{"not_picked":["Well Laid Plans","Venomology","Dash+1"],"picked":"SKIP","floor":28.0},{"not_picked":["Outmaneuver+1","Dagger Spray+1","Slice+1"],"picked":"SKIP","floor":29.0},{"not_picked":["Dodge and Roll","Heel Hook+1"],"picked":"Blade Dance","floor":30.0},{"not_picked":["Burst","Doppelganger"],"picked":"Storm of Steel","floor":33.0},{"not_picked":["Caltrops","Backflip","Blade Dance"],"picked":"SKIP","floor":35.0},{"not_picked":["Heel Hook+1","Dagger Spray+1"],"picked":"Cloak And Dagger+1","floor":37.0},{"not_picked":["Dagger Spray+1","Prepared+1","Blur+1"],"picked":"SKIP","floor":38.0},{"not_picked":["Dagger Spray+1","Deflect+1","Slice+1"],"picked":"SKIP","floor":41.0},{"not_picked":["Cloak And Dagger","Glass Knife+1","Caltrops+1"],"picked":"SKIP","floor":44.0},{"not_picked":["Dagger Spray+1","Cloak And Dagger+1"],"picked":"Infinite Blades+1","floor":46.0},{"not_picked":["Bandage Up","Jack Of All Trades"],"picked":"Blind","floor":47.0},{"not_picked":["Acrobatics+1","Dash+1","Expertise"],"picked":"SKIP","floor":48.0}],"player_experience":75680,"relics_obtained":[{"floor":2.0,"key":"Molten Egg 2"},{"floor":9.0,"key":"Bag of Marbles"},{"floor":10.0,"key":"Paper Crane"},{"floor":23.0,"key":"Matryoshka"},{"floor":25.0,"key":"Red Mask"},{"floor":26.0,"key":"Sundial"},{"floor":26.0,"key":"Blue Candle"},{"floor":28.0,"key":"Omamori"},{"floor":30.0,"key":"Whetstone"},{"floor":37.0,"key":"FossilizedHelix"},{"floor":41.0,"key":"Kunai"},{"floor":43.0,"key":"Bottled Lightning"},{"floor":43.0,"key":"Mercury Hourglass"},{"floor":48.0,"key":"Anchor"}],"event_choices":[{"damage_healed":0.0,"max_hp_gain":0.0,"max_hp_loss":0.0,"gold_gain":0.0,"event_name":"Liars Game","player_choice":"Ignored","floor":13.0,"gold_loss":0.0,"damage_taken":0.0},{"damage_healed":0.0,"max_hp_gain":0.0,"max_hp_loss":0.0,"gold_gain":0.0,"event_name":"Lab","player_choice":"Got Potions","floor":14.0,"gold_loss":0.0,"damage_taken":0.0},{"damage_healed":0.0,"max_hp_gain":5.0,"max_hp_loss":0.0,"gold_gain":0.0,"event_name":"Forgotten Altar","player_choice":"Shed Blood","floor":19.0,"gold_loss":0.0,"damage_taken":18.0},{"damage_healed":0.0,"max_hp_gain":0.0,"max_hp_loss":0.0,"gold_gain":0.0,"event_name":"Addict","player_choice":"Obtained Relic","floor":21.0,"gold_loss":85.0,"damage_taken":0.0,"relics_obtained":["Pen Nib"]},{"damage_healed":0.0,"max_hp_gain":0.0,"max_hp_loss":0.0,"gold_gain":0.0,"event_name":"Knowing Skull","player_choice":"CARD ","floor":22.0,"potions_obtained":[],"gold_loss":0.0,"damage_taken":12.0,"cards_obtained":["Trip"]},{"damage_healed":0.0,"max_hp_gain":0.0,"max_hp_loss":0.0,"gold_gain":0.0,"event_name":"Knowing Skull","player_choice":"CARD ","floor":22.0,"potions_obtained":[],"gold_loss":0.0,"damage_taken":12.0,"cards_obtained":["Trip"]},{"damage_healed":0.0,"max_hp_gain":0.0,"max_hp_loss":0.0,"gold_gain":0.0,"event_name":"Masked Bandits","player_choice":"Fought Bandits","floor":25.0,"gold_loss":0.0,"damage_taken":0.0},{"damage_healed":0.0,"max_hp_gain":0.0,"max_hp_loss":0.0,"gold_gain":0.0,"event_name":"MindBloom","player_choice":"Fight","floor":37.0,"gold_loss":0.0,"damage_taken":0.0},{"damage_healed":0.0,"max_hp_gain":0.0,"max_hp_loss":0.0,"gold_gain":0.0,"event_name":"Upgrade Shrine","player_choice":"Upgraded","floor":39.0,"gold_loss":0.0,"damage_taken":0.0,"cards_upgraded":["After Image"]},{"damage_healed":0.0,"max_hp_gain":0.0,"max_hp_loss":0.0,"gold_gain":0.0,"event_name":"Mysterious Sphere","player_choice":"Ignored","floor":45.0,"gold_loss":0.0,"damage_taken":0.0},{"damage_healed":0.0,"max_hp_gain":0.0,"max_hp_loss":0.0,"gold_gain":0.0,"event_name":"SensoryStone","player_choice":"Memory 1","floor":47.0,"gold_loss":0.0,"damage_taken":0.0}],"is_beta":false,"boss_relics":[{"not_picked":["Fusion Hammer","Astrolabe"],"picked":"SlaversCollar"},{"not_picked":["Sozu","Calling Bell"],"picked":"Runic Pyramid"}],"items_purged_floors":[0,0,4],"is_endless":false,"potions_floor_spawned":[1,5,10,16,20,25,28,29,30,35,41,48],"ascension_level":1}}