{"host":"zig6x0mxqzam82fb","time":1610165849,"event":{"mods":["BaseMod","Block Reminder","Colored Map","Colored Powertips","Marisa????????","Minty Spire (QoL Compilation)","Relic Stats","StSLib","The Cursed","The Marked","Waifu the Spire"],"gold_per_floor":[119,133,149,149,149,149,166,166,216,228,248,248,286,305,305,409,418,446,455,480,509,509,509],"floor_reached":22,"playtime":1663,"items_purged":[],"score":209,"play_id":"56f0b016-81bb-446f-ad3a-a9e17449f310","local_time":"20210108231729","is_ascension_mode":true,"campfire_choices":[{"data":"Eruption","floor":6,"key":"SMITH"},{"floor":8,"key":"REST"},{"data":"DevaForm","floor":15,"key":"SMITH"}],"circlet_count":0,"master_deck":["Strike_P","Strike_P","Strike_P","Strike_P","Defend_P","Defend_P","Defend_P","Defend_P","Eruption+1","Vigilance","BowlingBash","EmptyFist","Tantrum","EmptyFist","JustLucky","Swivel","DevaForm+1","JustLucky","Alpha","CurseOfTheBell","Consecrate","DevaForm+1","EmptyBody+1","TalkToTheHand"],"relics":["SacredBark","Bronze Scales","Vajra","CeramicFish","Calling Bell","Bag of Marbles","InkBottle","FossilizedHelix"],"acts_visited":["Exordium","TheCity"],"potions_floor_usage":[7,13,20],"damage_taken":[{"damage":19,"enemies":"Small Slimes","floor":1,"turns":3},{"damage":5,"enemies":"2 Louse","floor":2,"turns":2},{"damage":1,"enemies":"Cultist","floor":3,"turns":3},{"damage":8,"enemies":"Exordium Thugs","floor":7,"turns":3},{"damage":0,"enemies":"2 Fungi Beasts","floor":10,"turns":2},{"damage":2,"enemies":"Looter","floor":11,"turns":3},{"damage":2,"enemies":"Gremlin Nob","floor":13,"turns":3},{"damage":0,"enemies":"Exordium Wildlife","floor":14,"turns":3},{"damage":35,"enemies":"Hexaghost","floor":16,"turns":8},{"damage":17,"enemies":"Chosen","floor":18,"turns":5},{"damage":0,"enemies":"3 Byrds","floor":20,"turns":3},{"damage":27,"enemies":"Snecko","floor":21,"turns":8},{"damage":30,"enemies":"Sentry and Sphere","floor":22,"turns":4}],"seed_played":"-3089625190989003802","potions_obtained":[{"floor":1,"key":"BlessingOfTheForge"},{"floor":3,"key":"SpeedPotion"},{"floor":10,"key":"SkillPotion"},{"floor":13,"key":"SmokeBomb"},{"floor":16,"key":"Strength Potion"},{"floor":18,"key":"SkillPotion"}],"is_trial":false,"path_per_floor":["M","M","M","?","$","R","M","R","T","M","M","?","E","M","R","B",null,"M","?","M","M","M"],"character_chosen":"WATCHER","items_purchased":[],"campfire_rested":1,"item_purchase_floors":[],"current_hp_per_floor":[53,48,47,40,40,40,32,53,53,53,51,51,49,49,49,14,72,55,55,55,28,0,0],"gold":509,"neow_bonus":"BOSS_RELIC","is_daily":false,"chose_seed":false,"campfire_upgraded":2,"win_rate":0.0,"timestamp":1610165849,"path_taken":["M","M","M","?","$","R","M","R","T","M","M","?","E","M","R","BOSS","M","?","M","M","M"],"items_purchased_type":[],"build_version":"2020-12-22","purchased_purges":0,"victory":false,"max_hp_per_floor":[72,72,72,72,72,72,72,72,72,72,72,72,72,72,72,72,72,72,72,72,72,72,72],"relic_stats":{"counters":[13,50],"Bronze Scales":[124],"CeramicFish":72,"obtain_stats":[{"Calling Bell":17,"SacredBark":0,"Bronze Scales":4,"CeramicFish":13,"Vajra":9,"Bag of Marbles":17,"PureWater":0,"InkBottle":17,"FossilizedHelix":17},{"Calling Bell":9,"SacredBark":0,"Bronze Scales":3,"CeramicFish":7,"Vajra":4,"Bag of Marbles":9,"PureWater":0,"InkBottle":9,"FossilizedHelix":9},{"Calling Bell":30,"SacredBark":0,"Bronze Scales":8,"CeramicFish":19,"Vajra":11,"Bag of Marbles":30,"PureWater":0,"InkBottle":30,"FossilizedHelix":30}],"InkBottle":[6]},"card_choices":[{"not_picked":["Worship","Halt"],"picked":"BowlingBash","floor":1},{"not_picked":["Wireheading","Meditate"],"picked":"EmptyFist","floor":2},{"not_picked":["CutThroughFate","Conclude"],"picked":"Tantrum","floor":3},{"not_picked":["Halt","PathToVictory"],"picked":"EmptyFist","floor":7},{"not_picked":["EmptyFist","FlyingSleeves"],"picked":"JustLucky","floor":10},{"not_picked":["SpiritShield","Conclude"],"picked":"Swivel","floor":11},{"not_picked":["EmptyFist","Meditate"],"picked":"DevaForm","floor":13},{"not_picked":["Worship","Meditate"],"picked":"JustLucky","floor":14},{"not_picked":["Establishment","DevaForm"],"picked":"Alpha","floor":16},{"not_picked":["PathToVictory","ClearTheMind"],"picked":"Consecrate","floor":18},{"not_picked":["FollowUp+1","ClearTheMind"],"picked":"EmptyBody+1","floor":20},{"not_picked":["BattleHymn","WheelKick"],"picked":"TalkToTheHand","floor":21}],"player_experience":457010,"relics_obtained":[{"floor":9,"key":"Vajra"},{"floor":13,"key":"CeramicFish"},{"floor":17,"key":"Bag of Marbles"},{"floor":17,"key":"InkBottle"},{"floor":17,"key":"FossilizedHelix"}],"event_choices":[{"damage_healed":0,"gold_gain":0,"player_choice":"Success","damage_taken":7,"relics_obtained":["Bronze Scales"],"max_hp_gain":0,"max_hp_loss":0,"event_name":"Scrap Ooze","floor":4,"gold_loss":0},{"damage_healed":0,"gold_gain":0,"player_choice":"Ignored","damage_taken":0,"max_hp_gain":0,"max_hp_loss":0,"event_name":"Liars Game","floor":12,"gold_loss":0},{"damage_healed":0,"gold_gain":0,"player_choice":"Copied","damage_taken":0,"max_hp_gain":0,"max_hp_loss":0,"event_name":"Duplicator","floor":19,"gold_loss":0,"cards_obtained":["DevaForm"]}],"is_beta":false,"boss_relics":[{"not_picked":["Tiny House","Black Star"],"picked":"Calling Bell"}],"items_purged_floors":[],"is_endless":false,"potions_floor_spawned":[1,3,10,13,16,18],"killed_by":"Sentry and Sphere","ascension_level":2}}