{"host":"0cm5wy4nhuju7tij","time":1610165728,"event":{"mods":["100% Spire Juice","2.2 Compatiblity","AchievementEnabler","Arknights The Spire","Aspiration","BaseMod","Better Third Choice","BetterRewards","CCEM","CapriCore","Colored Powertips","Curses Come First","Custom Start","Displayed Cursed Tome","Downfall","Energized Spire","Evolution","Filter the Spire","Fireblade Mod","Hermit","Highlight Path","Jess\u0027s Bottle","Minty Spire (QoL Compilation)","Permanent Neow","Railgun Mod","Relic Stats","Shop Mod","Spicy Shops","StSLib","The Cursed","The Servant 0.9.4"],"gold_per_floor":[113,131,131,149,162,192,208,208,277,34,59,59,73,149,149,250,250,260,310,360,8,58,58,77,77,77,42,71,88,138,201,201,298,298,317,336,354,404,414,414,449,463,486,502,502,552,46,58,58,58],"floor_reached":51,"playtime":3694,"items_purged":["Strike_R","Strike_R","Defend_R"],"score":767,"play_id":"a1f96e5e-e8da-4277-8365-fffdd60467ad","local_time":"20210108231528","is_ascension_mode":true,"campfire_choices":[{"data":"Sword Boomerang","floor":8.0,"key":"SMITH"},{"data":"Reaper","floor":15,"key":"SMITH"},{"data":"Metallicize","floor":23,"key":"SMITH"},{"data":"Demon Form","floor":25,"key":"SMITH"},{"floor":32,"key":"DIG"},{"floor":40,"key":"DIG"},{"data":"Limit Break","floor":45,"key":"SMITH"},{"data":"Metallicize","floor":49,"key":"SMITH"}],"circlet_count":0,"master_deck":["Headbutt","Strike_R","Strike_R","Defend_R","Defend_R","Clothesline","Sword Boomerang+1","Flex","Metallicize+1","Metallicize+1","Iron Wave","Reaper+1","Inflame","Second Wind","Demon Form+1","Warcry","Reaper","Headbutt","Blood for Blood+1","Pride","Pommel Strike+1","Rage+1","Shrug It Off+1","Anger+1","Feed+1","Metallicize+1","Battle Trance+1","Thunderclap+1","Limit Break+1","Ghostly Armor+1","Inflame+1","Shrug It Off","Blood for Blood+1","Shockwave"],"relics":["Burning Blood","EVO:Axolotl","aspiration:Nostalgia","Guardian:ModeShifter","SsserpentHead","aspiration:StickyExplosives_weak","CCEMRelics:OverlyComfyChair","StrikeDummy","Odd Mushroom","Snecko Eye","Molten Egg 2","Du-Vu Doll","Shovel","Nloth\u0027s Gift","Bird Faced Urn","Coffee Dripper","aspiration:HatOfInfinitePower","CCEMRelics:DissonantTune","Pear"],"acts_visited":["Exordium","TheCity","TheBeyond"],"potions_floor_usage":[33],"damage_taken":[{"damage":1.0,"enemies":"Jaw Worm","floor":1.0,"turns":3.0},{"damage":0.0,"enemies":"Cultist","floor":2.0,"turns":3.0},{"damage":5.0,"enemies":"2 Louse","floor":4.0,"turns":3.0},{"damage":14.0,"enemies":"Large Slime","floor":5.0,"turns":5.0},{"damage":15.0,"enemies":"Lagavulin","floor":6.0,"turns":6.0},{"damage":12.0,"enemies":"Blue Slaver","floor":7.0,"turns":3.0},{"damage":11.0,"enemies":"Gremlin Nob","floor":11.0,"turns":5.0},{"damage":1.0,"enemies":"3 Louse","floor":13.0,"turns":4.0},{"damage":30,"enemies":"The Mushroom Lair","floor":14,"turns":6},{"damage":22,"enemies":"Hexaghost","floor":16,"turns":10},{"damage":14,"enemies":"3 Byrds","floor":18,"turns":5},{"damage":15,"enemies":"2 Thieves","floor":24,"turns":3},{"damage":19,"enemies":"Book of Stabbing","floor":28,"turns":4},{"damage":21,"enemies":"Snake Plant","floor":29,"turns":2},{"damage":5,"enemies":"Centurion and Healer","floor":31,"turns":4},{"damage":33,"enemies":"Champ","floor":33,"turns":9},{"damage":13,"enemies":"Orb Walker","floor":35,"turns":3},{"damage":39,"enemies":"3 Darklings","floor":36,"turns":6},{"damage":23,"enemies":"Jaw Worm Horde","floor":37,"turns":3},{"damage":20,"enemies":"Maw","floor":39,"turns":7},{"damage":29,"enemies":"Giant Head","floor":41,"turns":8},{"damage":52,"enemies":"Sphere and 2 Shapes","floor":42,"turns":7},{"damage":10,"enemies":"4 Shapes","floor":44,"turns":5},{"damage":17,"enemies":"Maw","floor":48,"turns":7},{"damage":30,"enemies":"Donu and Deca","floor":50,"turns":7}],"seed_played":"535923446993722472","potions_obtained":[{"floor":1.0,"key":"Strength Potion"},{"floor":2.0,"key":"Regen Potion"},{"floor":11.0,"key":"EntropicBrew"},{"floor":28,"key":"Guardian:BlockOnCardUsePotion"},{"floor":36,"key":"LiquidMemories"}],"is_trial":false,"path_per_floor":["M","M","?","M","M","E","M","R","T","$","E","$","M","?","R","B",null,"M","?","?","$","?","R","M","R","T","$","E","M","?","M","R","B",null,"M","M","M","?","M","R","E","M","T","M","R","?","$","M","R","B",null],"character_chosen":"IRONCLAD","items_purchased":["Reaper","Inflame","Molten Egg 2","Membership Card","Pommel Strike+1","Pear","Shrug It Off","Blood for Blood+1"],"campfire_rested":0,"item_purchase_floors":[10,10,21,27,27,47,47,47],"current_hp_per_floor":[80,80,80,80,72,63,57,57,57,57,58,58,71,59,59,45,80,80,65,65,65,65,65,76,76,76,76,75,60,60,80,80,85,85,83,89,93,93,93,93,78,73,73,96,96,96,106,115,115,112],"gold":58,"neow_bonus":"NOSTALGIA","is_daily":false,"chose_seed":false,"campfire_upgraded":6,"win_rate":0.0,"timestamp":1610165728,"path_taken":["M","M","?","M","M","E","M","R","T","?","E","$","M","?","R","BOSS","M","?","?","$","?","R","M","R","T","?","E","M","?","?","R","BOSS","M","M","M","?","M","R","E","M","T","M","R","?","$","M","R","BOSS"],"items_purchased_type":["Card","Card","Relic","Relic","Card","Relic","Card","Card"],"build_version":"2020-12-22","purchased_purges":3,"victory":true,"max_hp_per_floor":[80,80,80,80,80,80,80,80,80,80,80,80,80,80,80,80,80,80,85,85,85,85,85,85,85,85,85,85,85,85,85,85,85,85,85,89,93,93,93,93,93,97,97,101,101,101,111,115,115,119],"relic_stats":{"SsserpentHead":500,"Shovel":2,"counters":[25,128],"Bird Faced Urn":[62],"Snecko Eye":[141,170,158,132],"Nloth\u0027s Gift":2,"obtain_stats":[{"Pear":47,"aspiration:Nostalgia":0,"Guardian:ModeShifter":0,"EVO:Axolotl":0,"Odd Mushroom":14,"Burning Blood":0,"aspiration:StickyExplosives_weak":6,"Du-Vu Doll":26,"SsserpentHead":3,"Shovel":28,"CCEMRelics:OverlyComfyChair":9,"Bird Faced Urn":32,"Snecko Eye":17,"CCEMRelics:DissonantTune":41,"Molten Egg 2":21,"Nloth\u0027s Gift":30,"Coffee Dripper":34,"Membership Card":27,"StrikeDummy":11,"aspiration:HatOfInfinitePower":40},{"Pear":23,"aspiration:Nostalgia":0,"Guardian:ModeShifter":0,"EVO:Axolotl":0,"Odd Mushroom":9,"Burning Blood":0,"aspiration:StickyExplosives_weak":5,"Du-Vu Doll":12,"SsserpentHead":2,"Shovel":13,"CCEMRelics:OverlyComfyChair":6,"Bird Faced Urn":15,"Snecko Eye":10,"CCEMRelics:DissonantTune":21,"Molten Egg 2":11,"Nloth\u0027s Gift":14,"Coffee Dripper":16,"Membership Card":12,"StrikeDummy":7,"aspiration:HatOfInfinitePower":20},{"Pear":114,"aspiration:Nostalgia":0,"Guardian:ModeShifter":0,"EVO:Axolotl":0,"Odd Mushroom":38,"Burning Blood":0,"aspiration:StickyExplosives_weak":20,"Du-Vu Doll":56,"SsserpentHead":6,"Shovel":60,"CCEMRelics:OverlyComfyChair":23,"Bird Faced Urn":66,"Snecko Eye":48,"CCEMRelics:DissonantTune":102,"Molten Egg 2":53,"Nloth\u0027s Gift":62,"Coffee Dripper":75,"Membership Card":56,"StrikeDummy":28,"aspiration:HatOfInfinitePower":94}],"Burning Blood":107},"card_choices":[{"not_picked":["Dark Embrace","Havoc"],"picked":"Clothesline","floor":1.0},{"not_picked":["True Grit","Wild Strike"],"picked":"Sword Boomerang","floor":2.0},{"not_picked":["Shockwave","Twin Strike"],"picked":"Flex","floor":4.0},{"not_picked":["Spot Weakness","Cleave"],"picked":"Metallicize","floor":5.0},{"not_picked":["Shrug It Off","Rupture"],"picked":"Metallicize","floor":6.0},{"not_picked":["Flex","Headbutt"],"picked":"Iron Wave","floor":7.0},{"not_picked":["Seeing Red","Fire Breathing"],"picked":"Second Wind","floor":11.0},{"not_picked":["Wild Strike","Cleave"],"picked":"Demon Form","floor":13},{"not_picked":["Carnage","Armaments"],"picked":"Warcry","floor":14},{"not_picked":["Impervious","Demon Form"],"picked":"Reaper","floor":16},{"not_picked":["Burning Pact","Twin Strike"],"picked":"Headbutt","floor":18},{"not_picked":["Perfected Strike+1","Hemokinesis+1"],"picked":"Blood for Blood+1","floor":24},{"not_picked":["Thunderclap+1","Flame Barrier"],"picked":"Rage+1","floor":28},{"not_picked":["Combust","True Grit"],"picked":"Shrug It Off+1","floor":29},{"not_picked":["Sever Soul+1","Clash+1"],"picked":"Anger+1","floor":31},{"not_picked":["Brutality","Impervious"],"picked":"Feed+1","floor":33},{"not_picked":["Flame Barrier","Headbutt+1"],"picked":"Metallicize+1","floor":35},{"not_picked":["Clash+1","Sword Boomerang+1"],"picked":"Battle Trance+1","floor":36},{"not_picked":["Clash+1","Dual Wield"],"picked":"Thunderclap+1","floor":37},{"not_picked":["Rupture","Sever Soul+1"],"picked":"Limit Break","floor":39},{"not_picked":["Brutality","Second Wind+1","Evolve+1"],"picked":"SKIP","floor":41},{"not_picked":["Pummel+1","Warcry+1"],"picked":"Ghostly Armor+1","floor":42},{"not_picked":["Rage","Power Through+1"],"picked":"Inflame+1","floor":44},{"not_picked":["Pommel Strike+1","Iron Wave+1"],"picked":"Shockwave","floor":48}],"player_experience":340621,"relics_obtained":[{"floor":6.0,"key":"aspiration:StickyExplosives_weak"},{"floor":9.0,"key":"CCEMRelics:OverlyComfyChair"},{"floor":11.0,"key":"StrikeDummy"},{"floor":14,"key":"Odd Mushroom"},{"floor":26,"key":"Du-Vu Doll"},{"floor":28,"key":"Shovel"},{"floor":32,"key":"Bird Faced Urn"},{"floor":40,"key":"aspiration:HatOfInfinitePower"},{"floor":41,"key":"CCEMRelics:DissonantTune"}],"event_choices":[{"damage_healed":0.0,"max_hp_gain":0.0,"max_hp_loss":0.0,"gold_gain":0.0,"event_name":"FaceTrader","player_choice":"Trade","floor":3.0,"gold_loss":0.0,"damage_taken":0.0,"relics_obtained":["SsserpentHead"]},{"damage_healed":0,"gold_gain":0,"player_choice":"Fought Mushrooms","damage_taken":0,"max_hp_gain":0,"max_hp_loss":0,"event_name":"Mushrooms","floor":14,"gold_loss":0},{"damage_healed":0,"gold_gain":0,"player_choice":"Shed Blood","damage_taken":20,"max_hp_gain":5,"max_hp_loss":0,"event_name":"Forgotten Altar","floor":19,"gold_loss":0},{"damage_healed":0,"gold_gain":0,"player_choice":"Ignored","damage_taken":0,"max_hp_gain":0,"max_hp_loss":0,"event_name":"Ghosts","floor":20,"gold_loss":0},{"cards_removed":["Defend_R"],"damage_healed":0,"gold_gain":0,"player_choice":"Elegance","damage_taken":0,"max_hp_gain":0,"max_hp_loss":0,"event_name":"betterThird:BetterWriting","floor":22,"gold_loss":0},{"damage_healed":0,"gold_gain":0,"player_choice":"Traded Relic","damage_taken":0,"relics_obtained":["Nloth\u0027s Gift"],"max_hp_gain":0,"max_hp_loss":0,"event_name":"N\u0027loth","floor":30,"relics_lost":["Membership Card"],"gold_loss":0},{"cards_removed":["Bash"],"damage_healed":0,"gold_gain":0,"player_choice":"Removed Attack","damage_taken":0,"max_hp_gain":0,"max_hp_loss":0,"event_name":"Falling","floor":38,"gold_loss":0},{"damage_healed":0,"gold_gain":0,"player_choice":"Ignored","damage_taken":0,"max_hp_gain":0,"max_hp_loss":0,"event_name":"Tomb of Lord Red Mask","floor":46,"gold_loss":0}],"is_beta":false,"boss_relics":[{"not_picked":["Empty Cage","energizedSpire:StickyHand"],"picked":"Snecko Eye"},{"not_picked":["Cursed Key","SlaversCollar"],"picked":"Coffee Dripper"}],"items_purged_floors":[10,21,47],"is_endless":false,"potions_floor_spawned":[1,2,11,13,28,29,36,37,42,44],"ascension_level":1}}