{"host":"uiaocagxbjlinul0","time":1610168876,"event":{"mods":["100% Spire Juice","Act Like it!","BaseMod","Better Match","Block Reminder","CapriCore","ChefMod","Downfall","GifTheSpireLib","Hallownest","Hermit","Minty Spire (QoL Compilation)","Quick Restart","Shade Mod","StSLib","Stuff the Spire","The Animator","The Bug Knight","The Caster","The Immortal","The Marked","The Runesmith","The Spell Scribe","TheSwordswoman","TheVacant","TheWitcher","Wandering Minibosses"],"gold_per_floor":[126,0,0,0,16,16,16],"floor_reached":6,"playtime":86,"items_purged":[],"score":34,"play_id":"fe7b5088-c1b7-4370-88d1-0c3be444bbfe","local_time":"20210108210756","is_ascension_mode":false,"campfire_choices":[],"circlet_count":0,"master_deck":["SnafuTest:DefaultCommonAttack","SnafuTest:DefaultCommonAttack","SnafuTest:DefaultCommonAttack","SnafuTest:BountyHunt","SnafuTest:DefaultCommonSkill","SnafuTest:DefaultCommonSkill","SnafuTest:DefaultCommonSkill","SnafuTest:SignIgni","SnafuTest:SpellBitingFrost"],"relics":["SnafuTest:UnstableMutagenRelic","NeowsBlessing","Strawberry","Hallownest:DreamNailRelic"],"acts_visited":["Hallownest:Greenpath"],"potions_floor_usage":[],"damage_taken":[{"damage":0,"enemies":"Hallownest:monsterHuskWarrior","floor":1,"turns":1},{"damage":0,"enemies":"Hallownest:monsterHuskGuard","floor":5,"turns":1},{"damage":0,"enemies":"Hallownest:eliteCrystalGuardian","floor":6,"turns":1}],"seed_played":"-4177286378027400732","potions_obtained":[{"floor":1,"key":"Swift Potion"}],"is_trial":false,"path_per_floor":["M","?","?","?","M","E"],"character_chosen":"THE_WITCHER","items_purchased":[],"campfire_rested":0,"item_purchase_floors":[],"current_hp_per_floor":[75,82,82,82,82,82,82],"gold":16,"neow_bonus":"THREE_ENEMY_KILL","is_daily":false,"chose_seed":false,"campfire_upgraded":0,"win_rate":0.0,"timestamp":1610168876,"path_taken":["M","?","?","?","M","E"],"items_purchased_type":[],"build_version":"2020-12-22","purchased_purges":0,"victory":false,"max_hp_per_floor":[75,82,82,82,82,82,82],"card_choices":[{"not_picked":["SnafuTest:SpellDispellingPush","SnafuTest:BattleCry"],"picked":"SnafuTest:SpellBitingFrost","floor":1},{"not_picked":["SnafuTest:PayHappyHour","SnafuTest:WorldMap","SnafuTest:DesperateRemediation"],"picked":"SKIP","floor":5}],"player_experience":166016,"relics_obtained":[],"event_choices":[],"is_beta":false,"boss_relics":[],"items_purged_floors":[],"is_endless":false,"potions_floor_spawned":[1],"killed_by":"Hallownest:eliteCrystalGuardian","ascension_level":0}}