{"host":"w4k767hitkqtifhw","time":1610202679,"event":{"mods":["AchievementEnabler","Act Like it!","AlwaysNeverKeys","BaseMod","BetterRewards","Colored Map","Colored Powertips","Downfall","GifTheSpireLib","Hallownest","Minty Spire (QoL Compilation)","Quick Restart","Rare Cards Sparkle","Replay The Spire","StSLib","The Animator","The Bug Knight","Waifu the Spire","WarShipGirlsR/????R mod"],"gold_per_floor":[110,110,110,110,121,121,152,169,169,0,0,19,19,19,19,124,124,143,143,108,123,33,86,86,101,101,101,101,127,199,166,178,332,344,366,338,395,395],"floor_reached":37,"playtime":4484,"items_purged":["Amnesia"],"score":608,"play_id":"20ca4a7d-0316-4f84-bce1-fc817e91eb42","local_time":"20210109153119","is_ascension_mode":false,"campfire_choices":[{"floor":6,"key":"REST"},{"data":"HollowMod:SoulEater","floor":15,"key":"SMITH"},{"data":"HollowMod:SoulMaster","floor":32,"key":"SMITH"}],"circlet_count":0,"master_deck":["HollowMod:NailStrikeStart","HollowMod:NailStrikeStart","HollowMod:NailStrikeStart","HollowMod:NailStrikeStart","HollowMod:QuickDashStart","HollowMod:QuickDashStart","HollowMod:QuickDashStart","HollowMod:QuickDashStart","HollowMod:FocusHealStart+1","HollowMod:PogoStrike","HollowMod:PogoStrike","HollowMod:Grubsong","HollowMod:FallenFury","Pot Of Greed","Pot Of Greed","HollowMod:HeavyBlow","HollowMod:SoulEater+1","HollowMod:CornifersMapStart","HollowMod:SoulMaster+1","CurseOfTheBell","HollowMod:SoulStrike","Shame","HollowMod:DreamGate+1","HollowMod:ChannelNail","HollowMod:LifebloodCocoon","Pot Of Greed","HollowMod:HowlingWraiths","HollowMod:ElderbugsWisdom","HollowMod:FallenFury+1","HollowMod:HeavyBlow","HollowMod:RecoilStrike","HollowMod:NewLittleFool","HollowMod:QuirrelsAssistance","HollowMod:HornetsHelp"],"relics":["HollowMod:KingsSoulRelic","HollowMod:PaleOreRelic","PreservedInsect","DollysMirror","Thread and Needle","Hallownest:SalubrasBlessingRelic","Quantum Egg","Juzu Bracelet","ReplayTheSpireMod:Ring of Exchange","ReplayTheSpireMod:Ring of Collecting","Grinning Jar","Ring of Peace","Happy Flower","Hallownest:BankAccountRelic","Ring of Misfortune","Pantograph","Hallownest:DreamNailRelic","Calling Bell","Bag of Preparation","HornCleat","Ice Cream","WarpedTongs","Hallownest:StagBellRelic1","Bottled Lightning","ReplayTheSpireMod:Ring of Challenge","HollowMod:KingsBrand","Ring of Hypnosis","MawBank"],"acts_visited":["Hallownest:Greenpath","Hallownest:CityofTears","Hallownest:KingdomsEdge"],"potions_floor_usage":[16,16,33,37],"damage_taken":[{"damage":0,"enemies":"Hallownest:monsterHuskWarrior","floor":1,"turns":2},{"damage":0,"enemies":"Hallownest:2_Baldur","floor":5,"turns":3},{"damage":14,"enemies":"Hallownest:eliteMossKnight","floor":7,"turns":8},{"damage":0,"enemies":"Hallownest:2_MossCreeps","floor":8,"turns":4},{"damage":0,"enemies":"Hallownest:monsterFoolEater","floor":12,"turns":4},{"damage":7,"enemies":"Hallownest:BossFalseKnight","floor":16,"turns":10},{"damage":0,"enemies":"Hallownest:Guard_and_Sentry","floor":18,"turns":7},{"damage":0,"enemies":"Hallownest:3_Youths","floor":21,"turns":7},{"damage":0,"enemies":"Hallownest:Glutton_and_Coward","floor":23,"turns":5},{"damage":0,"enemies":"Hallownest:2_Flukemon","floor":25,"turns":8},{"damage":1,"enemies":"Hallownest:eliteSoulWarrior","floor":30,"turns":8},{"damage":38,"enemies":"Hallownest:BossSoulMaster","floor":33,"turns":22},{"damage":0,"enemies":"Hallownest:Shield_Heavy","floor":35,"turns":7},{"damage":109,"enemies":"Hallownest:3_Siblings","floor":37,"turns":6}],"seed_played":"-3786579359745049091","potions_obtained":[{"floor":5,"key":"LiquidMemories"},{"floor":8,"key":"BlessingOfTheForge"},{"floor":12,"key":"SpeedPotion"},{"floor":16,"key":"FearPotion"},{"floor":21,"key":"SkillPotion"},{"floor":23,"key":"BlessingOfTheForge"}],"is_trial":false,"path_per_floor":["M","?","?","?","M","R","E","M","T","?","T","M","?","?","R","B",null,"M","?","$","M","?","M","?","M","T","?","?","T","E","?","R","B",null,"M","?","M"],"character_chosen":"THE_BUGKNIGHT","items_purchased":["HollowMod:PaleOreRelic","PreservedInsect","DollysMirror"],"campfire_rested":1,"item_purchase_floors":[0,0,0],"current_hp_per_floor":[75,75,47,47,47,71,57,57,57,57,57,57,57,57,57,76,77,77,77,77,77,77,77,77,77,77,77,77,77,76,76,76,51,77,77,77,0,0],"gold":395,"neow_bonus":"","is_daily":false,"chose_seed":false,"campfire_upgraded":2,"win_rate":0.0,"timestamp":1610202679,"path_taken":["M","?","?","?","M","R","E","M","T","?","?","M","?","?","R","BOSS","M","?","?","M","?","M","?","M","T","?","?","?","E","?","R","BOSS","M","?","M"],"items_purchased_type":["Relic","Relic","Relic"],"build_version":"2020-12-22","purchased_purges":1,"victory":false,"max_hp_per_floor":[75,75,75,75,75,77,77,77,77,77,77,77,77,77,77,77,77,77,77,77,77,77,77,77,77,77,77,77,77,77,77,77,77,77,77,77,77,77],"card_choices":[{"not_picked":["HollowMod:VengefulVoid","HollowMod:InfectedAttack"],"picked":"HollowMod:Grubsong","floor":1},{"not_picked":["HollowMod:SiblingsSouls","HollowMod:DescendingDark"],"picked":"HollowMod:FallenFury","floor":5},{"not_picked":["HollowMod:LordofShades","HollowMod:CoiledNail"],"picked":"HollowMod:HeavyBlow","floor":7},{"not_picked":["HollowMod:GreatSlash","HollowMod:WraithStrike"],"picked":"HollowMod:SoulEater","floor":8},{"not_picked":["HollowMod:NewJinnsSoul","HollowMod:SoulStrike"],"picked":"HollowMod:CornifersMapStart","floor":12},{"not_picked":["HollowMod:theNailsmith","HollowMod:Weaversong"],"picked":"HollowMod:SoulMaster","floor":16},{"not_picked":["HollowMod:SiblingsSouls","HollowMod:SiblingsShadow"],"picked":"HollowMod:SoulStrike","floor":18},{"not_picked":["HollowMod:VengefulVoid","HollowMod:MonarchWings"],"picked":"HollowMod:DreamGate+1","floor":21},{"not_picked":["HollowMod:DungDefenderAura+1","HollowMod:VengefulVoid"],"picked":"HollowMod:ChannelNail","floor":23},{"not_picked":["HollowMod:WraithStrike","HollowMod:VengefulVoid"],"picked":"HollowMod:LifebloodCocoon","floor":25},{"not_picked":["HollowMod:NewJinnsSoul","HollowMod:SharpenedNail"],"picked":"HollowMod:HowlingWraiths","floor":30},{"not_picked":["HollowMod:VoidDash","HollowMod:SoulMaster"],"picked":"HollowMod:ElderbugsWisdom","floor":33},{"not_picked":["HollowMod:SoulStrike","HollowMod:DescendingDark"],"picked":"HollowMod:FallenFury+1","floor":35},{"not_picked":[],"picked":"HollowMod:HeavyBlow","floor":36},{"not_picked":[],"picked":"HollowMod:RecoilStrike","floor":36},{"not_picked":[],"picked":"HollowMod:NewLittleFool","floor":36},{"not_picked":[],"picked":"HollowMod:QuirrelsAssistance","floor":36},{"not_picked":[],"picked":"HollowMod:HornetsHelp","floor":36}],"player_experience":62033,"relics_obtained":[{"floor":4,"key":"ReplayTheSpireMod:Ring of Exchange"},{"floor":4,"key":"ReplayTheSpireMod:Ring of Collecting"},{"floor":7,"key":"Grinning Jar"},{"floor":9,"key":"Ring of Peace"},{"floor":9,"key":"Happy Flower"},{"floor":11,"key":"Ring of Misfortune"},{"floor":11,"key":"Pantograph"},{"floor":17,"key":"Bag of Preparation"},{"floor":17,"key":"HornCleat"},{"floor":17,"key":"Ice Cream"},{"floor":26,"key":"Bottled Lightning"},{"floor":26,"key":"ReplayTheSpireMod:Ring of Challenge"},{"floor":29,"key":"HollowMod:KingsBrand"},{"floor":29,"key":"Ring of Hypnosis"},{"floor":30,"key":"MawBank"}],"event_choices":[],"is_beta":false,"boss_relics":[{"not_picked":["Replay:Bronze Core","Chemical X"],"picked":"Calling Bell"},{"not_picked":["Strange Spoon","Astrolabe"],"picked":"HollowMod:KingsSoulRelic"}],"items_purged_floors":[20],"is_endless":false,"potions_floor_spawned":[5,8,12,16,21,23],"killed_by":"Hallownest:3_Siblings","ascension_level":0}}