{"host":"dxmdoimsvept8qwy","time":1610165445,"event":{"mods":["BaseMod","Colored Powertips","Custom Start","Minty Spire (QoL Compilation)","StSLib"],"gold_per_floor":[118,118,68,87,87,87,119,119,201,214,228,241,260,273,273,376,376,390,229,245,260,273,273,273,300,300,300,330,330,330,330],"floor_reached":30,"playtime":1195,"items_purged":["Strike_R"],"score":362,"play_id":"572a87a0-9459-4e03-9a69-4da76f3bedc2","local_time":"20210108231045","is_ascension_mode":true,"campfire_choices":[{"data":"Intimidate","floor":6,"key":"SMITH"},{"data":"Demon Form","floor":15,"key":"SMITH"},{"data":"Rupture","floor":23,"key":"SMITH"},{"floor":27,"key":"REST"}],"circlet_count":0,"master_deck":["Strike_R","Strike_R","Strike_R","Defend_R","Defend_R","Defend_R","Defend_R","Bash","Metallicize","Intimidate+1","Combust","Seeing Red","Seeing Red","Demon Form+1","Heavy Blade","Juggernaut","Rupture+1","Shrug It Off","Heavy Blade","Brutality"],"relics":["Burning Blood","NeowsBlessing","Mango","Blood Vial","Potion Belt","StrikeDummy","Mark of Pain","Pen Nib","Toxic Egg 2","Strawberry"],"acts_visited":["Exordium","TheCity"],"potions_floor_usage":[11,16,16,18,22,25,25,25,25,25,28,28,29],"damage_taken":[{"damage":0,"enemies":"Small Slimes","floor":1,"turns":1},{"damage":0,"enemies":"Jaw Worm","floor":4,"turns":1},{"damage":1,"enemies":"3 Sentries","floor":7,"turns":2},{"damage":0,"enemies":"2 Louse","floor":10,"turns":3},{"damage":6,"enemies":"Red Slaver","floor":11,"turns":3},{"damage":5,"enemies":"Blue Slaver","floor":12,"turns":4},{"damage":1,"enemies":"2 Fungi Beasts","floor":13,"turns":3},{"damage":14,"enemies":"Exordium Thugs","floor":14,"turns":5},{"damage":25,"enemies":"Slime Boss","floor":16,"turns":6},{"damage":10,"enemies":"3 Byrds","floor":18,"turns":4},{"damage":12,"enemies":"Chosen","floor":20,"turns":6},{"damage":26,"enemies":"Centurion and Healer","floor":21,"turns":7},{"damage":9,"enemies":"Snecko","floor":22,"turns":5},{"damage":28,"enemies":"Gremlin Leader","floor":25,"turns":6},{"damage":48,"enemies":"Slavers","floor":28,"turns":5},{"damage":22,"enemies":"Colosseum Slavers","floor":29,"turns":5},{"damage":18,"enemies":"Snake Plant","floor":30,"turns":3}],"seed_played":"-5927942871693069388","potions_obtained":[{"floor":4,"key":"Swift Potion"},{"floor":7,"key":"SneckoOil"},{"floor":10,"key":"PowerPotion"},{"floor":11,"key":"Fruit Juice"},{"floor":16,"key":"LiquidBronze"},{"floor":18,"key":"DistilledChaos"},{"floor":20,"key":"EntropicBrew"},{"floor":25,"key":"BlessingOfTheForge"}],"is_trial":false,"path_per_floor":["M","?","?","M","T","R","E","?","T","M","M","M","M","M","R","B",null,"M","$","M","M","M","R","?","E","T","R","E","?","M"],"character_chosen":"IRONCLAD","items_purchased":["Rupture","Shrug It Off"],"campfire_rested":1,"item_purchase_floors":[19,19],"current_hp_per_floor":[80,94,94,94,94,94,94,94,94,94,99,99,99,91,91,74,99,95,95,91,73,72,72,52,32,32,63,30,16,0,0],"gold":330,"neow_bonus":"THREE_ENEMY_KILL","is_daily":false,"chose_seed":false,"campfire_upgraded":3,"win_rate":0.0,"timestamp":1610165445,"path_taken":["M","?","?","M","?","R","E","?","T","?","M","M","M","M","R","BOSS","M","$","M","M","M","R","?","E","T","R","E","?","M"],"items_purchased_type":["Card","Card"],"build_version":"2020-12-22","purchased_purges":1,"victory":false,"max_hp_per_floor":[80,94,94,94,94,94,94,94,94,94,99,99,99,99,99,99,99,99,99,99,99,99,99,104,104,104,104,111,111,111,111],"card_choices":[{"not_picked":["Clash","Intimidate"],"picked":"Metallicize","floor":1},{"not_picked":["Evolve","Burning Pact"],"picked":"Intimidate","floor":4},{"not_picked":["Blood for Blood","Inflame"],"picked":"Combust","floor":7},{"not_picked":["Pommel Strike","Body Slam"],"picked":"Seeing Red","floor":10},{"not_picked":["Cleave","Perfected Strike","Iron Wave"],"picked":"SKIP","floor":11},{"not_picked":["Thunderclap","Sword Boomerang"],"picked":"Seeing Red","floor":12},{"not_picked":["Iron Wave","Blood for Blood"],"picked":"Demon Form","floor":13},{"not_picked":["Havoc","Iron Wave"],"picked":"Heavy Blade","floor":14},{"not_picked":["Exhume","Immolate"],"picked":"Juggernaut","floor":16},{"not_picked":["Body Slam","Iron Wave","Blood for Blood"],"picked":"SKIP","floor":18},{"not_picked":["Twin Strike","Pommel Strike","Sword Boomerang"],"picked":"SKIP","floor":20},{"not_picked":["Burning Pact","Clash","Seeing Red"],"picked":"SKIP","floor":21},{"not_picked":["Clothesline","Searing Blow+1"],"picked":"Heavy Blade","floor":22},{"not_picked":["Flame Barrier","Clash"],"picked":"Brutality","floor":25},{"not_picked":["Burning Pact+1","Twin Strike","Demon Form"],"picked":"SKIP","floor":28}],"player_experience":1002865,"relics_obtained":[{"floor":5,"key":"Blood Vial"},{"floor":7,"key":"Potion Belt"},{"floor":9,"key":"StrikeDummy"},{"floor":25,"key":"Pen Nib"},{"floor":26,"key":"Toxic Egg 2"},{"floor":28,"key":"Strawberry"}],"event_choices":[{"damage_healed":0,"gold_gain":0,"player_choice":"Box","damage_taken":0,"relics_obtained":["Mango"],"max_hp_gain":0,"max_hp_loss":0,"event_name":"Big Fish","floor":2,"gold_loss":0,"cards_obtained":["Regret"]},{"cards_removed":["Strike_R"],"damage_healed":0,"gold_gain":0,"player_choice":"Card Removal","damage_taken":0,"max_hp_gain":0,"max_hp_loss":0,"event_name":"The Cleric","floor":3,"gold_loss":50},{"cards_removed":["Regret"],"damage_healed":0,"gold_gain":0,"player_choice":"Removed Curses","damage_taken":0,"max_hp_gain":0,"max_hp_loss":0,"event_name":"Fountain of Cleansing","floor":8,"gold_loss":0},{"damage_healed":0,"gold_gain":0,"player_choice":"Shed Blood","damage_taken":25,"max_hp_gain":5,"max_hp_loss":0,"event_name":"Forgotten Altar","floor":24,"gold_loss":0},{"damage_healed":0,"gold_gain":0,"player_choice":"Fight","damage_taken":0,"max_hp_gain":0,"max_hp_loss":0,"event_name":"Colosseum","floor":29,"gold_loss":0},{"damage_healed":0,"gold_gain":0,"player_choice":"Fled From Nobs","damage_taken":0,"max_hp_gain":0,"max_hp_loss":0,"event_name":"Colosseum","floor":29,"gold_loss":0}],"is_beta":false,"boss_relics":[{"not_picked":["Empty Cage","Runic Dome"],"picked":"Mark of Pain"}],"items_purged_floors":[19],"is_endless":false,"potions_floor_spawned":[4,7,10,11,16,18,20,25],"killed_by":"Snake Plant","ascension_level":1}}