{"host":"wbdly04l9mkn9nrc","time":1610170532,"event":{"mods":["AchievementEnabler","BaseMod","BetterRewards","Minty Spire (QoL Compilation)","StSLib","[IsaacMod]ÒÔÈö¼âËþ"],"gold_per_floor":[99,99,99,99,99,99,99,99,99,99,99,99,99,99,99,99,99,99,99,69,69,69,69,69,69,69,69,69,69,69,69,69,69,69,69,69,69,69,69,69,69,69,69,69,69,69,69,69,69,69,69,69,69,69,69],"floor_reached":56,"playtime":6334,"items_purged":["Defend_B","Strike_B","Strike_B","Defend_B","Strike_B","Defend_B","Doom and Gloom","Defend_B+1","Loop","Defragment","Defragment","Capacitor","Strike_B+1","Redo","Turbo","Auto Shields+1","Zap","Go for the Eyes+1","Hologram"],"score":2282,"play_id":"12f7f68d-ddb3-4884-8c6c-4bcccafc67ee","local_time":"20210109133532","is_ascension_mode":true,"campfire_choices":[{"data":"Dualcast","floor":8,"key":"SMITH"},{"data":"Reboot","floor":10,"key":"SMITH"},{"floor":12,"key":"DIG"},{"data":"Skim","floor":15,"key":"SMITH"},{"floor":24,"key":"DIG"},{"floor":28,"key":"DIG"},{"floor":32,"key":"RECALL"},{"floor":40,"key":"DIG"},{"floor":47,"key":"DIG"},{"data":"Defragment+1","floor":49,"key":"PURGE"},{"floor":52,"key":"DIG"}],"circlet_count":2,"master_deck":["Dualcast+1","Skim+1","Seek+1","Reboot+1","Heatsinks+1","Loop+1","Defragment+1","Hello World+1","Defragment+1","Capacitor+1","Chaos+1","Meteor Strike+1","Redo+1","Turbo+1","All For One+1","White Noise+1","Ball Lightning+1","Conserve Battery+1","Seek+1","Auto Shields+1","Reboot+1","Redo+1","Double Energy+1","Echo Form+1","Electrodynamics+1","Meteor Strike+1","Panache+1","Skim+1","Force Field+1","Fusion+1","Biased Cognition+1","Reboot+1","Fission+1","Seek+1","Amplify+1","Consume+1","Rebound+1","Doom and Gloom+1","Ball Lightning+1","Barrage+1","Steam Power+1","ElectricPowerLearning+1","Fusion+1","Scrape+1","Steam+1","Ball Lightning+1","Auto Shields+1","Hologram+1","Master of Strategy+1","Violence+1","Stack+1","All For One+1","Finesse+1","Reboot+1","Static Discharge+1","Choke+1","Burst+1","Well Laid Plans+1","Amplify+1","Hologram+1","Capacitor+1","Machine Learning+1","Pulse+1","Seek+1"],"relics":["Cracked Core","HushsDoor","BelialBook","Membership Card","BookOfRevelations","PreservedInsect","SteamSale","Gremlin Horn","Bird Faced Urn","Habit","Ornamental Fan","Shuriken","Toy Ornithopter","Art of War","Cables","Vajra","Du-Vu Doll","Dream Catcher","HornCleat","Runic Capacitor","Juzu Bracelet","Anchor","OrangePellets","SalivaCoin","Strawberry","Eternal Feather","HandDrill","Omamori","Matryoshka","GuppysTail","Mango","HowToJump","Oddly Smooth Stone","Potion Belt","White Beast Statue","Sling","Meat on the Bone","Bag of Marbles","Bag of Preparation","Strange Spoon","Pen Nib","War Paint","InkBottle","Pear","Blood Vial","Lantern","DataDisk","TungstenRod","Lee\u0027s Waffle","TheBible","Ancient Tea Set","Calipers","GnawedLeaf","Whetstone","Darkstone Periapt","Happy Flower","Nunchaku","Peace Pipe","Bronze Scales","Pantograph","EdensBlessing","Sundial","Ice Cream","Blue Candle","MealTicket","Bottled Lightning","Pocketwatch","Singing Bowl","Turnip","Boot","Orichalcum","Regal Pillow","Frozen Egg 2","CeramicFish","ClockworkSouvenir","Centennial Puzzle","Shovel","Incense Burner","BookofShadows","Tiny Chest","SatanicBible","Question Card","WingedGreaves","TheBattery","TheBean","D6","AnarchistCookbook","Lizard Tail","TheAbacus","Letter Opener","Torii","Molten Egg 2","DeadEye","Toxic Egg 2","Bottled Tornado","Mummified Hand","Ginger","Frozen Eye","GuppysPaw","DollysMirror","Prayer Wheel","Chaos","Burning Blood","Coffee Dripper","PrismaticShard","Ectoplasm","Tiny House","SacredBark","Gambling Chip","Inserter","Unceasing Top","BlankCard","SlaversCollar","Nuclear Battery","CaptainsWheel","StrikeDummy","Champion Belt","YumHeart","BloodDonationMachine","Orrery","Incubus","Dead Branch","D4","Tingsha","Paper Frog","Ring of the Snake","Diplopia","Kunai","Symbiotic Virus","ForgetMeNow","Circlet"],"acts_visited":["Exordium","TheCity","TheBeyond","TheEnding"],"potions_floor_usage":[23,23,55,55,55,55,55],"damage_taken":[{"damage":0.0,"enemies":"Jaw Worm","floor":1.0,"turns":1.0},{"damage":0.0,"enemies":"2 Louse","floor":2.0,"turns":1.0},{"damage":0.0,"enemies":"Cultist","floor":5.0,"turns":1.0},{"damage":0.0,"enemies":"3 Sentries","floor":6.0,"turns":1.0},{"damage":0,"enemies":"The Guardian","floor":16,"turns":2},{"damage":0,"enemies":"Shell Parasite","floor":18,"turns":2},{"damage":0,"enemies":"2 Thieves","floor":20,"turns":1},{"damage":0,"enemies":"Gremlin Leader","floor":23,"turns":1},{"damage":0,"enemies":"Book of Stabbing","floor":25,"turns":1},{"damage":0,"enemies":"Slavers","floor":27,"turns":1},{"damage":0,"enemies":"Snake Plant","floor":31,"turns":1},{"damage":0,"enemies":"Collector","floor":33,"turns":2},{"damage":0,"enemies":"3 Darklings","floor":35,"turns":1},{"damage":0,"enemies":"Orb Walker","floor":38,"turns":1},{"damage":0,"enemies":"3 Darklings","floor":39,"turns":1},{"damage":0,"enemies":"Giant Head","floor":41,"turns":1},{"damage":0,"enemies":"Mind Bloom Boss Battle","floor":42,"turns":2},{"damage":0,"enemies":"Nemesis","floor":44,"turns":1},{"damage":0,"enemies":"Transient","floor":45,"turns":2},{"damage":0,"enemies":"Writhing Mass","floor":48,"turns":1},{"damage":0,"enemies":"Time Eater","floor":50,"turns":2},{"damage":0,"enemies":"Shield and Spear","floor":54,"turns":1},{"damage":0,"enemies":"The Heart","floor":55,"turns":3}],"seed_played":"8553517627034069747","potions_obtained":[{"floor":1.0,"key":"SkillPotion"},{"floor":5.0,"key":"FearPotion"},{"floor":16,"key":"FocusPotion"},{"floor":23,"key":"Regen Potion"},{"floor":25,"key":"Strength Potion"}],"is_trial":false,"path_per_floor":["M","M","$","?","M","E","?","R","T","R","?","R","T","?","R","B",null,"M","$","M","?","$","E","R","E","T","E","R","?","T","M","R","B",null,"M","$","?","M","M","R","E","?","T","E","M","?","R","M","R","B",null,"R","$","E","B",null],"character_chosen":"DEFECT","items_purchased":["Membership Card","BookOfRevelations","PreservedInsect","Auto Shields","Turbo","SteamSale","Gremlin Horn","Bird Faced Urn","Hologram","Habit","Ornamental Fan","Shuriken","Toy Ornithopter","Art of War","Cables","Vajra","Du-Vu Doll","Dream Catcher","HornCleat","Runic Capacitor","Juzu Bracelet","Anchor","OrangePellets","SalivaCoin","Strawberry","Eternal Feather","HandDrill","Defragment","Skim","Omamori","Matryoshka","GuppysTail","Capacitor","Mango","Loop","HowToJump","Oddly Smooth Stone","Potion Belt","White Beast Statue","Sling","Meat on the Bone","Bag of Marbles","Bag of Preparation","Strange Spoon","Pen Nib","War Paint","InkBottle","Pear","Blood Vial","Redo","Lantern","DataDisk","TungstenRod","Lee\u0027s Waffle","TheBible","Ancient Tea Set","Calipers","GnawedLeaf","Whetstone","Darkstone Periapt","Happy Flower","Nunchaku","Seek","Peace Pipe","Bronze Scales","Doom and Gloom","Pantograph","EdensBlessing","Sundial","Ice Cream","Blue Candle","MealTicket","Bottled Lightning","Pocketwatch","Defragment","Singing Bowl","Turnip","Boot","Reboot","Leap","Orichalcum","Regal Pillow","Frozen Egg 2","Heatsinks+1","CeramicFish","ClockworkSouvenir","Centennial Puzzle","Loop+1","Shovel","Incense Burner","BookofShadows","Tiny Chest","SatanicBible","Defragment+1","Hello World+1","Question Card","WingedGreaves","TheBattery","TheBean","D6","AnarchistCookbook","Lizard Tail","TheAbacus","Letter Opener","Torii","Defragment+1","Defragment+1","Molten Egg 2","Capacitor+1","DeadEye","Toxic Egg 2","Chaos+1","Meteor Strike+1","Bottled Tornado","Redo+1","Mummified Hand","Ginger","Frozen Eye","Turbo+1","All For One+1","GuppysPaw","White Noise+1","Ball Lightning+1","Conserve Battery+1","Seek+1","Auto Shields+1","Reboot+1","Redo+1","Double Energy+1","Echo Form+1","Electrodynamics+1","DollysMirror","Prayer Wheel","Panache+1","Skim+1","Force Field+1","Chaos","Burning Blood","Coffee Dripper","PrismaticShard","Ectoplasm","Tiny House","SacredBark","EssenceOfDarkness","Fusion+1","Biased Cognition+1","Reboot+1","Gambling Chip","Fission+1","Inserter","Seek+1","Unceasing Top","BlankCard","Amplify+1","SlaversCollar","Consume+1","Nuclear Battery","Rebound+1","Doom and Gloom+1","Ball Lightning+1","Barrage+1","Steam Power+1","Go for the Eyes+1","LiquidBronze","FocusPotion","ElectricPowerLearning+1","Fusion+1","Scrape+1","Steam+1","Ball Lightning+1","Auto Shields+1","Hologram+1","Master of Strategy+1","Violence+1","Stack+1","All For One+1","CaptainsWheel","Hologram+1","Machine Learning+1"],"campfire_rested":0,"item_purchase_floors":[0,0,0,0,0,0,0,0,0,0,0,0,0,0,0,0,0,0,0,0,0,0,0,0,0,0,0,0,0,0,0,0,0,0,0,0,0,0,0,0,0,0,0,0,0,0,0,0,0,0,0,0,0,0,0,0,0,0,0,0,0,0,0,0,0,0,0,0,0,0,0,0,0,0,0,0,0,0,0,0,0,0,0,0,0,0,0,0,0,0,0,0,0,0,0,0,0,0,0,0,0,0,0,0,0,0,0,0,0,0,0,0,0,0,0,0,0,0,0,0,0,0,0,0,0,0,0,0,0,0,0,0,0,0,0,0,0,0,0,0,0,0,0,0,0,0,0,0,0,0,0,0,0,0,0,0,0,0,0,0,0,0,0,0,0,0,0,0,0,0,0,0,0,0,0,0,3,19,34],"current_hp_per_floor":[122,124,124,124,128,130,130,130,130,130,116,130,130,118,130,130,130,134,134,138,138,138,140,140,142,142,144,144,144,144,148,148,150,146,148,148,148,152,156,156,158,160,165,167,171,173,173,177,177,177,177,182,182,184,184],"gold":69,"neow_bonus":"","is_daily":false,"chose_seed":false,"campfire_upgraded":3,"win_rate":0.0,"timestamp":1610170532,"path_taken":["M","M","$","?","M","E","?","R","T","R","?","R","?","?","R","BOSS","M","$","M","?","$","E","R","E","T","E","R","?","?","M","R","BOSS","M","$","?","M","M","R","E","?","T","E","M","?","R","M","R","BOSS","R","$","E","BOSS"],"items_purchased_type":["Relic","Relic","Relic","Card","Card","Relic","Relic","Relic","Card","Relic","Relic","Relic","Relic","Relic","Relic","Relic","Relic","Relic","Relic","Relic","Relic","Relic","Relic","Relic","Relic","Relic","Relic","Card","Card","Relic","Relic","Relic","Card","Relic","Card","Relic","Relic","Relic","Relic","Relic","Relic","Relic","Relic","Relic","Relic","Relic","Relic","Relic","Relic","Card","Relic","Relic","Relic","Relic","Relic","Relic","Relic","Relic","Relic","Relic","Relic","Relic","Card","Relic","Relic","Card","Relic","Relic","Relic","Relic","Relic","Relic","Relic","Relic","Card","Relic","Relic","Relic","Card","Card","Relic","Relic","Relic","Card","Relic","Relic","Relic","Card","Relic","Relic","Relic","Relic","Relic","Card","Card","Relic","Relic","Relic","Relic","Relic","Relic","Relic","Relic","Relic","Relic","Card","Card","Relic","Card","Relic","Relic","Card","Card","Relic","Card","Relic","Relic","Relic","Card","Card","Relic","Card","Card","Card","Card","Card","Card","Card","Card","Card","Card","Relic","Relic","Card","Card","Card","Card","Relic","Relic","Relic","Relic","Relic","Relic","Potion","Card","Card","Card","Relic","Card","Relic","Card","Relic","Relic","Card","Relic","Card","Relic","Card","Card","Card","Card","Card","Card","Potion","Potion","Card","Card","Card","Card","Card","Card","Card","Card","Card","Card","Card","Relic","Card","Card"],"build_version":"2020-12-22","purchased_purges":19,"victory":true,"max_hp_per_floor":[122,124,124,124,128,130,130,130,130,130,130,130,130,130,130,130,130,134,134,138,138,138,140,140,142,142,144,144,144,144,148,148,150,146,148,148,148,152,156,156,158,160,165,167,171,173,173,177,177,177,177,182,182,184,184],"card_choices":[{"not_picked":["EpicFetus+1"],"picked":"Singing Bowl","floor":0.0},{"not_picked":["Meteor Strike+1","PiercingWail+1","Body Slam+1"],"picked":"Finesse+1","floor":1.0},{"not_picked":["Conserve Battery+1","PiercingWail+1","Flying Knee+1","ThirdEye+1"],"picked":"Singing Bowl","floor":1.0},{"not_picked":["Quick Slash+1","BowlingBash+1","Iron Wave+1","Deflect+1"],"picked":"Singing Bowl","floor":2.0},{"not_picked":["Ball Lightning+1","Barrage+1","Rupture+1"],"picked":"Reboot+1","floor":2.0},{"not_picked":["Turbo+1","Protect+1","Expertise+1","Outmaneuver+1"],"picked":"Singing Bowl","floor":5.0},{"not_picked":["Ball Lightning+1","Go for the Eyes+1","WaveOfTheHand+1","Bouncing Flask+1"],"picked":"Singing Bowl","floor":5.0},{"not_picked":["Storm of Steel+1","BowlingBash+1","FlurryOfBlows+1","Coolheaded+1"],"picked":"Singing Bowl","floor":6.0},{"not_picked":["Shrug It Off+1","Armaments+1","CrushJoints+1"],"picked":"Static Discharge+1","floor":12},{"not_picked":["Darkness+1","Shrug It Off+1","Headbutt+1"],"picked":"Choke+1","floor":12},{"not_picked":["Underhanded Strike+1","Bane+1","Sword Boomerang+1"],"picked":"Burst+1","floor":12},{"not_picked":["Cloak And Dagger+1","FearNoEvil+1","Intimidate+1"],"picked":"Well Laid Plans+1","floor":12},{"not_picked":["All For One+1","Wish+1","Venomology+1"],"picked":"Amplify+1","floor":16},{"not_picked":["Havoc+1","ClearTheMind+1","Gash+1","Escape Plan+1"],"picked":"Singing Bowl","floor":18},{"not_picked":["Conserve Battery+1","Iron Wave+1","Streamline+1","BowlingBash+1"],"picked":"Singing Bowl","floor":18},{"not_picked":["FlyingSleeves+1","FlurryOfBlows+1","PanicButton+1","Perseverance+1"],"picked":"Singing Bowl","floor":20},{"not_picked":["Flex+1","Ball Lightning+1","Dropkick+1","Combust+1"],"picked":"Singing Bowl","floor":20},{"not_picked":["Sadistic Nature+1","Deadly Poison+1","Slice+1","Go for the Eyes+1"],"picked":"Singing Bowl","floor":23},{"not_picked":["Flame Barrier+1","ThirdEye+1","Brutality+1","PathToVictory+1"],"picked":"Singing Bowl","floor":25},{"not_picked":["Self Repair+1","Deadly Poison+1","Acrobatics+1","Calculated Gamble+1"],"picked":"Singing Bowl","floor":27},{"not_picked":["Dagger Spray+1","ClearTheMind+1","Steam+1","Coolheaded+1"],"picked":"Singing Bowl","floor":31},{"not_picked":["Prepared+1","Backflip+1","Forethought+1","Headbutt+1"],"picked":"Singing Bowl","floor":31},{"not_picked":["HandOfGreed+1","Fission+1","Metamorphosis+1","Biased Cognition+1"],"picked":"Singing Bowl","floor":33},{"not_picked":["SandsOfTime+1","CutThroughFate+1","Armaments+1"],"picked":"Pulse+1","floor":35},{"not_picked":["PathToVictory+1","Flex+1","Dash+1","Perseverance+1"],"picked":"Singing Bowl","floor":35},{"not_picked":["FlyingSleeves+1","Protect+1","Deflect+1","Dramatic Entrance+1"],"picked":"Singing Bowl","floor":38},{"not_picked":["Dark Shackles+1","Enlightenment+1","Bouncing Flask+1","ClearTheMind+1"],"picked":"Singing Bowl","floor":38},{"not_picked":["Sunder+1","Lockon+1","Bane+1","Hologram+1"],"picked":"Singing Bowl","floor":39},{"not_picked":["Turbo+1","Clash+1","Dagger Spray+1","Entrench+1"],"picked":"Singing Bowl","floor":39},{"not_picked":["Core Surge+1","FlurryOfBlows+1","Madness+1","Prostrate+1"],"picked":"Singing Bowl","floor":41},{"not_picked":["Leap+1","FlurryOfBlows+1","Ghostly Armor+1","Entrench+1"],"picked":"Singing Bowl","floor":42},{"not_picked":["Distraction+1","Perfected Strike+1","Sucker Punch+1","Outmaneuver+1"],"picked":"Singing Bowl","floor":44},{"not_picked":["Conserve Battery+1","Ghostly Armor+1","Wallop+1","Warcry+1"],"picked":"Singing Bowl","floor":45},{"not_picked":["Outmaneuver+1","Armaments+1","Cold Snap+1","CutThroughFate+1"],"picked":"Singing Bowl","floor":45},{"not_picked":["DoctorFetus+1","BettingIsNotGood+1","Good Instincts+1","Chrysalis+1"],"picked":"Singing Bowl","floor":46},{"not_picked":["Armaments+1","Sucker Punch+1","Stack+1","TalkToTheHand+1"],"picked":"Singing Bowl","floor":48},{"not_picked":["Dark Embrace+1","Sword Boomerang+1","Reckless Charge+1","BootSequence+1"],"picked":"Singing Bowl","floor":48},{"not_picked":["Deep Breath+1","Seeing Red+1","Doom and Gloom+1","Crescendo+1"],"picked":"Singing Bowl","floor":54}],"player_experience":205851,"relics_obtained":[{"floor":6.0,"key":"StrikeDummy"},{"floor":9,"key":"Champion Belt"},{"floor":9,"key":"YumHeart"},{"floor":12,"key":"Orrery"},{"floor":13,"key":"Incubus"},{"floor":23,"key":"D4"},{"floor":24,"key":"Tingsha"},{"floor":25,"key":"Paper Frog"},{"floor":27,"key":"Ring of the Snake"},{"floor":28,"key":"Diplopia"},{"floor":30,"key":"Kunai"},{"floor":40,"key":"ForgetMeNow"},{"floor":43,"key":"Circlet"},{"floor":52,"key":"Circlet"}],"event_choices":[{"damage_healed":0.0,"max_hp_gain":0.0,"max_hp_loss":0.0,"gold_gain":0.0,"event_name":"Golden Idol","player_choice":"Ignored","floor":4.0,"gold_loss":0.0,"damage_taken":0.0},{"damage_healed":0,"gold_gain":71,"player_choice":"Gained Gold","damage_taken":0,"max_hp_gain":0,"max_hp_loss":0,"event_name":"Golden Wing","floor":7,"gold_loss":0},{"damage_healed":0,"gold_gain":0,"player_choice":"Damaged","damage_taken":13,"max_hp_gain":0,"max_hp_loss":0,"event_name":"Wheel of Change","floor":14,"gold_loss":0},{"damage_healed":0,"gold_gain":0,"cards_transformed":["Leap"],"player_choice":"Transformed","damage_taken":0,"max_hp_gain":0,"max_hp_loss":0,"event_name":"Transmorgrifier","floor":29,"gold_loss":0,"cards_obtained":["Capacitor"]},{"damage_healed":0,"gold_gain":0,"player_choice":"Copied","damage_taken":0,"max_hp_gain":0,"max_hp_loss":0,"event_name":"Duplicator","floor":37,"gold_loss":0,"cards_obtained":["Seek"]},{"damage_healed":0,"gold_gain":0,"player_choice":"Fight","damage_taken":0,"max_hp_gain":0,"max_hp_loss":0,"event_name":"MindBloom","floor":42,"gold_loss":0},{"damage_healed":0,"gold_gain":0,"player_choice":"Memory 1","damage_taken":0,"max_hp_gain":0,"max_hp_loss":0,"event_name":"SensoryStone","floor":46,"gold_loss":0}],"is_beta":false,"boss_relics":[{"not_picked":["Thread and Needle","Empty Cage"],"picked":"Dead Branch"},{"not_picked":[]},{"not_picked":["Chemical X","Paper Crane"],"picked":"Symbiotic Virus"},{"not_picked":[]}],"items_purged_floors":[0,0,0,0,0,0,0,0,0,0,0,0,0,0,0,0,0,0,0],"is_endless":false,"potions_floor_spawned":[1,2,5,6,16,18,20,23,25,27,31,33,35,38,39,41,42,44,45,48,54],"ascension_level":7}}