{"host":"312klq0911jlgvh2","time":1610153515,"event":{"mods":["100% Spire Juice","2.2 Compatiblity","AchievementEnabler","Act Like it!","Ascension Unlocker","Aspiration","Astrologer","BaseMod","Beaked The Cultist","Block Reminder","Chen","Clockwork Mod","Colored Powertips","Conspire","Custom Start","Downfall","Energized Spire","Evolution","Friendly Minions","Gensokyo","GifTheSpireLib","Gold Saver","GungeonMod","Halation","Hermit","HololiveMod","Hubris","Infinite Spire","Jedi Mod","Koishi","Marisa????????","Mimic Mod","Minty Spire (QoL Compilation)","Prisma Mod","Random Character Button","Reimu??????","Relic Sorter","Remilia??????","Replay The Spire","Retaliation","Spikes Relics","StSLib","Stuff the Spire","Synergy Search","The Animator","The Blue Laboratory","The Bug Knight","The Poker Player","TheArtist","TheVacant","Trackpad","Uncapped","vexMod","yUi"],"gold_per_floor":[116,116,116,116,127,34,34,44,97,108,104,104,84,100,100,183,63,79,79,79,77,77,77,74,68,92,85,35,56,60,70,70,153,33,27,39,39,60,80,80,80,80,80,5,20,20,43,60,60,35],"floor_reached":51,"playtime":2374,"items_purged":["Moonworks:Strike"],"score":835,"play_id":"cfb1aee8-9f43-4a9c-8f7a-32fbc3581b1a","local_time":"20210108195155","is_ascension_mode":false,"campfire_choices":[{"data":"Moonworks:LulusLuckyEgg","floor":7,"key":"SMITH"},{"data":"Moonworks:Ambush","floor":12,"key":"SMITH"},{"data":"Moonworks:EvilSpyWorkPreparation","floor":15,"key":"SMITH"},{"data":"Moonworks:StiffCrystal","floor":23,"key":"SMITH"},{"data":"Moonworks:RedAndBlue","floor":32,"key":"SMITH"},{"data":"Moonworks:SakisCookie","floor":40,"key":"SMITH"},{"data":"ReplayTheSpireMod:Chaos Vortex","floor":49,"key":"SMITH"}],"circlet_count":0,"master_deck":["Moonworks:Strike","Moonworks:Strike","Moonworks:Strike","Moonworks:Defend","Moonworks:Defend","Moonworks:Defend","Moonworks:Defend","Moonworks:Ambush+1","Moonworks:LongDistanceShot","Moonworks:EvilSpyWorkPreparation+1","Poor:ReiMu","PokerPlayerMod:Club2","PokerPlayerMod:Club3","PokerPlayerMod:Club4","PokerPlayerMod:Club5","PokerPlayerMod:Club6","Moonworks:CloudOfSeagulls","Moonworks:LulusLuckyEgg+1","Moonworks:BigBangBell","Moonworks:Assault","Moonworks:WindyEnchantment","Moonworks:ForcedRevival","Moonworks:CrystalBarrier+1","Moonworks:RedAndBlue+1","Moonworks:StiffCrystal+1","Moonworks:Dinner+1","Moonworks:LulusLuckyEgg+1","Moonworks:NicePresent+1","conspire:SpireCoStock","Moonworks:BeyondHell","Moonworks:JonathanRush","Moonworks:BigMagnum","Moonworks:Dash","Moonworks:EvilSpyWorkPreparation+1","Moonworks:SakisCookie+1","Moonworks:SakisCookie+1","StuffTheSpire:BrainWave","Moonworks:JonathanRush","Moonworks:FullSpeedAlicianrone+1","ReplayTheSpireMod:Chaos Vortex+1","infinitespire:Fortify","Moonworks:BindingChains+1","Moonworks:CloudOfSeagulls+1"],"relics":["Moonworks:BrokenBomb","DemoMod:LamentConfigurum","DemoMod:ChaffGrenade","Moonworks:Homemark","DemoMod:DecoyRelic","EVO:Axolotl","NeowsBlessing","YidongShenshe:ReiMu","ReplayTheSpireMod:Ninjato","Hololive_LightStick","aspiration:PoetsPen_weak","halation:PromiseList","vexMod:DeviousBotling","Chameleon Ring"],"acts_visited":["Exordium","TheCity","TheBeyond"],"potions_floor_usage":[33,50],"damage_taken":[{"damage":0,"enemies":"2 Louse","floor":1,"turns":1},{"damage":0,"enemies":"Small Slimes","floor":5,"turns":1},{"damage":0,"enemies":"Gremlin Nob","floor":6,"turns":1},{"damage":11,"enemies":"3 Sentries","floor":8,"turns":4},{"damage":0,"enemies":"Jaw Worm","floor":10,"turns":2},{"damage":0,"enemies":"Gremlin Gang","floor":11,"turns":3},{"damage":3,"enemies":"3 Louse","floor":14,"turns":2},{"damage":35,"enemies":"Hexaghost","floor":16,"turns":8},{"damage":0,"enemies":"Chosen","floor":18,"turns":3},{"damage":13,"enemies":"2 Thieves","floor":21,"turns":3},{"damage":26,"enemies":"Shelled Parasite and Fungi","floor":24,"turns":5},{"damage":0,"enemies":"Centurion and Healer","floor":25,"turns":3},{"damage":0,"enemies":"3 Cultists","floor":27,"turns":4},{"damage":0,"enemies":"HollowMod:Nosk","floor":29,"turns":6},{"damage":0,"enemies":"Snecko","floor":30,"turns":5},{"damage":11,"enemies":"Centurion and Healer","floor":31,"turns":4},{"damage":16,"enemies":"conspire:MysteriousRune","floor":33,"turns":9},{"damage":18,"enemies":"3 Shapes","floor":35,"turns":4},{"damage":14,"enemies":"3 Darklings","floor":36,"turns":3},{"damage":1,"enemies":"Writhing Mass","floor":38,"turns":4},{"damage":1,"enemies":"4 Shapes","floor":39,"turns":5},{"damage":0,"enemies":"Writhing Mass","floor":42,"turns":3},{"damage":0,"enemies":"3 Darklings","floor":45,"turns":3},{"damage":0,"enemies":"Spire Growth","floor":47,"turns":3},{"damage":0,"enemies":"Jaw Worm Horde","floor":48,"turns":3},{"damage":44,"enemies":"Awakened One","floor":50,"turns":8}],"seed_played":"-8811891787382778024","potions_obtained":[{"floor":10,"key":"ColorlessPotion"},{"floor":14,"key":"blueLaboratory:CorrosionFlask"},{"floor":16,"key":"blueLaboratory:AbyssPotion"},{"floor":33,"key":"ZuzhouPotion:ReiMu"}],"is_trial":false,"path_per_floor":["M","?","?","?","M","E","R","E","T","M","M","R","?","M","R","B",null,"M","?","?","M","?","R","M","M","T","M","?","E","M","M","R","B",null,"M","M","?","M","M","R","?","M","T","$","M","AVR","M","M","R","B",null],"character_chosen":"THE_STARBREAKER","items_purchased":[],"campfire_rested":0,"item_purchase_floors":[],"current_hp_per_floor":[60,60,60,60,60,60,60,49,49,49,49,49,49,46,46,16,60,60,60,60,47,47,47,26,26,26,40,40,54,60,54,54,48,60,42,28,28,27,41,41,41,54,54,54,54,54,54,54,54,34],"gold":35,"neow_bonus":"THREE_ENEMY_KILL","is_daily":false,"chose_seed":false,"campfire_upgraded":7,"win_rate":0.0,"timestamp":1610153515,"path_taken":["M","?","?","?","?","E","R","E","T","M","?","R","?","M","R","BOSS","M","?","?","?","?","R","M","M","T","M","?","E","M","M","R","BOSS","M","M","?","?","M","R","?","M","T","$","?","AVR","M","M","R","BOSS"],"items_purchased_type":[],"build_version":"2020-12-22","purchased_purges":1,"victory":true,"max_hp_per_floor":[60,60,60,60,60,60,60,60,60,60,60,60,60,60,60,60,60,60,60,60,60,60,60,60,60,60,60,60,60,60,60,60,60,60,60,60,60,60,60,60,54,54,54,54,54,54,54,54,54,54],"card_choices":[{"not_picked":["Moonworks:StiffCrystal","Moonworks:BigMagnum"],"picked":"Moonworks:EvilSpyWorkPreparation","floor":1},{"not_picked":["Moonworks:ForcedRevival","Moonworks:NicePresent"],"picked":"Moonworks:CloudOfSeagulls","floor":5},{"not_picked":["Moonworks:IndiscriminateFireSupport","Moonworks:Assault"],"picked":"Moonworks:LulusLuckyEgg","floor":6},{"not_picked":["Moonworks:DevilHand","Moonworks:IndiscriminateFireSupport"],"picked":"Moonworks:BigBangBell","floor":8},{"not_picked":["Moonworks:DeployBits","Moonworks:BigMagnum"],"picked":"Moonworks:Assault","floor":10},{"not_picked":["Moonworks:ImOnFire","Moonworks:IndiscriminateFireSupport"],"picked":"Moonworks:WindyEnchantment","floor":11},{"not_picked":["Moonworks:CloudOfSeagulls","Moonworks:Blazing"],"picked":"Moonworks:ForcedRevival","floor":14},{"not_picked":["Moonworks:ReflectiveShell","Moonworks:Accelerator"],"picked":"Moonworks:CrystalBarrier","floor":16},{"not_picked":["Moonworks:BigMagnum","Moonworks:Assault"],"picked":"Moonworks:RedAndBlue","floor":18},{"not_picked":["Moonworks:JonathanRush","Moonworks:CloudOfSeagulls"],"picked":"Moonworks:StiffCrystal","floor":21},{"not_picked":["Moonworks:IndiscriminateFireSupport+1","Moonworks:BigMagnum+1"],"picked":"Moonworks:Dinner+1","floor":24},{"not_picked":["Moonworks:NicePresent+1","Moonworks:SakisCookie"],"picked":"Moonworks:LulusLuckyEgg+1","floor":25},{"not_picked":["Moonworks:FinalBattle","Moonworks:ImOnFire"],"picked":"Moonworks:NicePresent+1","floor":27},{"not_picked":["Moonworks:NicePresent+1","Moonworks:ForcedRevival"],"picked":"Moonworks:BeyondHell","floor":29},{"not_picked":["Moonworks:CrystalBarrier","Moonworks:MixPhenomenon"],"picked":"Moonworks:JonathanRush","floor":30},{"not_picked":["Moonworks:DeployBits","Moonworks:CloudOfSeagulls"],"picked":"Moonworks:BigMagnum","floor":31},{"not_picked":["Moonworks:FinalSurgery+1","Moonworks:FullSpeedAlicianrone+1"],"picked":"Moonworks:Dash","floor":35},{"not_picked":["Moonworks:SealedMemories","Moonworks:LulusLuckyEgg+1"],"picked":"Moonworks:EvilSpyWorkPreparation+1","floor":36},{"not_picked":["Moonworks:Bloodlust+1","Moonworks:EvilSpyWorkPreparation+1"],"picked":"Moonworks:SakisCookie+1","floor":38},{"not_picked":["Moonworks:TacticalRetreat","Moonworks:EvilSpyWorkPreparation+1"],"picked":"Moonworks:SakisCookie","floor":39},{"not_picked":["Moonworks:ExtendedPhotonRifle","Moonworks:NicePresent"],"picked":"Moonworks:JonathanRush","floor":42},{"not_picked":["Moonworks:ImOnFire+1","Moonworks:ImmovableObject+1"],"picked":"Moonworks:FullSpeedAlicianrone+1","floor":45},{"not_picked":["Moonworks:TreasureThief","Moonworks:DeployBits+1"],"picked":"Moonworks:BindingChains+1","floor":47},{"not_picked":["Moonworks:AngelHand+1","Moonworks:TreasureThief"],"picked":"Moonworks:CloudOfSeagulls+1","floor":48}],"player_experience":549046,"relics_obtained":[{"floor":6,"key":"DemoMod:ChaffGrenade"},{"floor":8,"key":"ReplayTheSpireMod:Ninjato"},{"floor":9,"key":"Hololive_LightStick"},{"floor":26,"key":"halation:PromiseList"},{"floor":29,"key":"DemoMod:DecoyRelic"},{"floor":43,"key":"Chameleon Ring"}],"event_choices":[{"damage_healed":0,"gold_gain":0,"player_choice":"Ignored","damage_taken":0,"max_hp_gain":0,"max_hp_loss":0,"event_name":"Liars Game","floor":2,"gold_loss":0},{"damage_healed":0,"gold_gain":0,"player_choice":"Take Tiny Shrine away","damage_taken":0,"relics_obtained":["YidongShenshe:ReiMu"],"max_hp_gain":0,"max_hp_loss":0,"event_name":"yidonshenshe","floor":3,"gold_loss":0,"cards_obtained":["Poor:ReiMu"]},{"damage_healed":0,"gold_gain":0,"player_choice":"Jackpot","damage_taken":0,"max_hp_gain":0,"max_hp_loss":0,"event_name":"PokerPlayerMod:ExordiumClub","floor":4,"gold_loss":0,"cards_obtained":["PokerPlayerMod:Club2","PokerPlayerMod:Club3","PokerPlayerMod:Club4","PokerPlayerMod:Club5","PokerPlayerMod:Club6"]},{"damage_healed":0,"gold_gain":0,"player_choice":"Jackpot","damage_taken":0,"max_hp_gain":0,"max_hp_loss":0,"event_name":"PokerPlayerMod:ExordiumClub","floor":4,"gold_loss":0,"cards_obtained":["PokerPlayerMod:Club2","PokerPlayerMod:Club3","PokerPlayerMod:Club4","PokerPlayerMod:Club5","PokerPlayerMod:Club6"]},{"damage_healed":0,"gold_gain":0,"player_choice":"Jackpot","damage_taken":0,"max_hp_gain":0,"max_hp_loss":0,"event_name":"PokerPlayerMod:ExordiumClub","floor":4,"gold_loss":0,"cards_obtained":["PokerPlayerMod:Club2","PokerPlayerMod:Club3","PokerPlayerMod:Club4","PokerPlayerMod:Club5","PokerPlayerMod:Club6"]},{"damage_healed":0,"gold_gain":0,"player_choice":"Jackpot","damage_taken":0,"max_hp_gain":0,"max_hp_loss":0,"event_name":"PokerPlayerMod:ExordiumClub","floor":4,"gold_loss":0,"cards_obtained":["PokerPlayerMod:Club2","PokerPlayerMod:Club3","PokerPlayerMod:Club4","PokerPlayerMod:Club5","PokerPlayerMod:Club6"]},{"damage_healed":0,"gold_gain":0,"player_choice":"Jackpot","damage_taken":0,"max_hp_gain":0,"max_hp_loss":0,"event_name":"PokerPlayerMod:ExordiumClub","floor":4,"gold_loss":0,"cards_obtained":["PokerPlayerMod:Club2","PokerPlayerMod:Club3","PokerPlayerMod:Club4","PokerPlayerMod:Club5","PokerPlayerMod:Club6"]},{"damage_healed":0,"gold_gain":100,"player_choice":"Gold","damage_taken":0,"max_hp_gain":0,"max_hp_loss":0,"event_name":"Wheel of Change","floor":13,"gold_loss":0},{"damage_healed":0,"gold_gain":0,"player_choice":"Invest 1","damage_taken":0,"max_hp_gain":0,"max_hp_loss":0,"event_name":"conspire:Investor","floor":28,"gold_loss":0},{"damage_healed":0,"gold_gain":0,"player_choice":"Ignored","damage_taken":0,"max_hp_gain":0,"max_hp_loss":0,"event_name":"SecretPortal","floor":37,"gold_loss":0}],"is_beta":false,"boss_relics":[{"not_picked":["halation:PinkAlligatorPlush","vexMod:MysteryBossChallenge"],"picked":"aspiration:PoetsPen_weak"},{"not_picked":["energizedSpire:HugeHouse","SlaversCollar"],"picked":"vexMod:DeviousBotling"}],"items_purged_floors":[44],"is_endless":false,"potions_floor_spawned":[10,14,16,21,29,30,33,35,39,45,48],"ascension_level":0}}