{"host":"kdt6w7ix8lwe69i9","time":1610207757,"event":{"mods":["100% Spire Juice","Bartender","BaseMod","ChefMod","Downfall","Fiend Mod","Jorbs\u0027s Wanderer Trilogy","Minty Spire (QoL Compilation)","Reimu（博丽灵梦）","Robot Space Explorer","StSLib","The Caster","The Cursed","The Disciple","The Dragon Tamer","The Druid","The Elementalist","The Forsaken","The Gatherer","The Marked","TheBandit"],"gold_per_floor":[118,129,129,129,139,139,166,166,212,238,238,257,257,275,275,378,428,444,444,444,464,4,4,17,17,95,95,108,141,152,4,4,4,4],"floor_reached":33,"playtime":2937,"items_purged":[],"score":275,"play_id":"88f30826-76ac-4c97-ae6d-7e40827f4950","local_time":"20210109105557","is_ascension_mode":false,"campfire_choices":[{"data":"caster:MeteorStorm","floor":6,"key":"SMITH"},{"floor":11,"key":"REST"},{"data":"caster:SpontaneousCombustion","floor":15,"key":"SMITH"},{"floor":23,"key":"REST"},{"floor":25,"key":"RECALL"},{"floor":27,"key":"REST"},{"floor":32,"key":"REST"}],"circlet_count":0,"master_deck":["caster:Meteor","caster:DivertFocus","caster:strike","caster:strike","caster:strike","caster:strike","caster:defend","caster:defend","caster:defend","caster:defend+1","caster:defend","caster:Incinerate","caster:LightningBolt","caster:MeteorStorm+1","caster:SpontaneousCombustion+1","caster:Fira+1","caster:FireWall","caster:FrostDriver","Dramatic Entrance","caster:Sleet","caster:QuickCast","caster:SunGoddessAmaterasu","caster:GaiasBlessing","caster:Fireball","caster:LightningBolt+1","caster:MeteorStorm","caster:Inferno","caster:MagicBarrier","caster:MagicBarrier","caster:Focusyn"],"relics":["caster:MagicBook","Lizard Tail","Blood Vial","Akabeko","FossilizedHelix","Tiny House","Mummified Hand","Strange Spoon","Eternal Feather","Lantern","Anchor"],"acts_visited":["Exordium","TheCity"],"potions_floor_usage":[7,7,7,18,21,21,28,30,33],"damage_taken":[{"damage":0,"enemies":"Jaw Worm","floor":1,"turns":4},{"damage":2,"enemies":"2 Louse","floor":2,"turns":4},{"damage":2,"enemies":"Cultist","floor":5,"turns":4},{"damage":17,"enemies":"3 Sentries","floor":7,"turns":7},{"damage":4,"enemies":"Lagavulin","floor":10,"turns":4},{"damage":1,"enemies":"Large Slime","floor":12,"turns":6},{"damage":0,"enemies":"Exordium Thugs","floor":14,"turns":2},{"damage":47,"enemies":"The Guardian","floor":16,"turns":9},{"damage":3,"enemies":"2 Thieves","floor":18,"turns":4},{"damage":25,"enemies":"Spheric Guardian","floor":21,"turns":6},{"damage":19,"enemies":"Shelled Parasite and Fungi","floor":24,"turns":7},{"damage":37,"enemies":"Cultist and Chosen","floor":28,"turns":8},{"damage":94,"enemies":"Gremlin Leader","floor":29,"turns":8},{"damage":15,"enemies":"Snake Plant","floor":30,"turns":3},{"damage":69,"enemies":"Automaton","floor":33,"turns":6}],"seed_played":"-3781144179011474229","potions_obtained":[{"floor":1,"key":"LiquidMemories"},{"floor":2,"key":"Guardian:BlockOnCardUsePotion"},{"floor":5,"key":"LiquidBronze"},{"floor":17,"key":"GrandPatriotsElixir:ReiMu"},{"floor":20,"key":"SkillPotion"},{"floor":20,"key":"SpeedPotion"},{"floor":20,"key":"FairyPotion"},{"floor":21,"key":"SpeedPotion"},{"floor":29,"key":"sneckomod:MuddlingPotion"},{"floor":30,"key":"hexamod:EctoCoolerPotion"}],"is_trial":false,"path_per_floor":["M","M","?","?","M","R","E","?","T","E","R","M","?","M","R","B",null,"M","?","?","M","$","R","M","R","T","R","M","E","M","$","R","B"],"character_chosen":"THE_CASTER","items_purchased":["Mummified Hand","Strange Spoon","caster:MeteorStorm","Anchor"],"campfire_rested":4,"item_purchase_floors":[22,22,22,31],"current_hp_per_floor":[58,56,56,51,49,49,32,32,32,30,47,48,48,50,50,5,63,62,51,51,33,33,53,42,42,42,68,34,20,7,7,45,0,0],"gold":4,"neow_bonus":"ONE_RARE_RELIC","is_daily":false,"chose_seed":false,"campfire_upgraded":2,"win_rate":0.0,"timestamp":1610207757,"path_taken":["M","M","?","?","?","R","E","?","T","E","R","M","?","M","R","BOSS","M","?","?","?","?","R","M","R","T","R","M","E","?","$","R","BOSS"],"items_purchased_type":["Relic","Relic","Card","Relic"],"build_version":"2020-12-22","purchased_purges":0,"victory":false,"max_hp_per_floor":[58,58,58,58,58,58,58,58,58,58,58,58,58,58,58,58,63,63,68,68,68,68,68,68,68,68,68,68,68,68,68,68,68,68],"card_choices":[{"not_picked":["caster:Cryogenesis","caster:LightningBolt"],"picked":"caster:Incinerate","floor":1},{"not_picked":["caster:FireWall","caster:MagicWeapon"],"picked":"caster:LightningBolt","floor":2},{"not_picked":["caster:FrigidBeam","caster:LAZER"],"picked":"caster:MeteorStorm","floor":5},{"not_picked":["caster:Rectify","caster:MeteorStorm"],"picked":"caster:SpontaneousCombustion","floor":7},{"not_picked":["caster:Rectify","caster:NaturalChaos"],"picked":"caster:FireWall","floor":10},{"not_picked":["caster:FireWall","caster:MagicResonance"],"picked":"caster:FrostDriver","floor":12},{"not_picked":["caster:MagicWeapon","caster:FrigidBeam"],"picked":"caster:QuickCast","floor":14},{"not_picked":["caster:Ramuh","caster:StormGust"],"picked":"caster:SunGoddessAmaterasu","floor":16},{"not_picked":["caster:Embers","caster:FireWall"],"picked":"caster:GaiasBlessing","floor":17},{"not_picked":["caster:Accumulation+1","caster:FrigidBeam"],"picked":"caster:Fireball","floor":18},{"not_picked":["caster:Sleet","caster:Charge"],"picked":"caster:LightningBolt+1","floor":21},{"not_picked":["caster:MagicWeapon","caster:QuickCast+1"],"picked":"caster:Inferno","floor":24},{"not_picked":["caster:FrostDriver","caster:FlashSpeed"],"picked":"caster:MagicBarrier","floor":28},{"not_picked":["caster:MagicWeapon+1","caster:Enfeeble+1"],"picked":"caster:MagicBarrier","floor":29},{"not_picked":["caster:Illusion","caster:FrostDriver"],"picked":"caster:Focusyn","floor":30}],"player_experience":1737127,"relics_obtained":[{"floor":7,"key":"Blood Vial"},{"floor":9,"key":"Akabeko"},{"floor":10,"key":"FossilizedHelix"},{"floor":26,"key":"Eternal Feather"},{"floor":29,"key":"Lantern"}],"event_choices":[{"damage_healed":0,"gold_gain":0,"player_choice":"Damaged","damage_taken":5,"max_hp_gain":0,"max_hp_loss":0,"event_name":"Wheel of Change","floor":4,"gold_loss":0},{"damage_healed":0,"gold_gain":0,"player_choice":"2 cards matched","damage_taken":0,"max_hp_gain":0,"max_hp_loss":0,"event_name":"Match and Keep!","floor":13,"gold_loss":0,"cards_obtained":["Dramatic Entrance","caster:Sleet"]},{"damage_healed":0,"gold_gain":0,"player_choice":"Shed Blood","damage_taken":16,"max_hp_gain":5,"max_hp_loss":0,"event_name":"Forgotten Altar","floor":19,"gold_loss":0},{"damage_healed":0,"gold_gain":0,"player_choice":"Got Potions","damage_taken":0,"max_hp_gain":0,"max_hp_loss":0,"event_name":"Lab","floor":20,"gold_loss":0}],"is_beta":false,"boss_relics":[{"not_picked":["RedLine:ReiMu","Fiend:Scarf"],"picked":"Tiny House"}],"items_purged_floors":[],"is_endless":false,"potions_floor_spawned":[1,2,5,21,29,30],"killed_by":"Automaton","ascension_level":0}}