{"host":"bxn2em57qlx5u4i0","time":1610228376,"event":{"mods":["BaseMod","Colored Map","Colored Powertips","Highlight Path","Minty Spire (QoL Compilation)","Random Character Button","Relic Sorter","Relic Stats","StSLib","SuperFastMode"],"gold_per_floor":[217,292,292,306,48,75,75,75,75,88,100,100,100],"floor_reached":12,"playtime":236,"items_purged":[],"score":156,"play_id":"763affcc-135b-4155-9883-8659cf0146ab","local_time":"20210109163936","is_ascension_mode":true,"campfire_choices":[{"data":"Glass Knife","floor":7,"key":"SMITH"}],"circlet_count":0,"master_deck":["AscendersBane","Strike_G","Strike_G","Strike_G","Strike_G","Strike_G","Defend_G","Defend_G","Defend_G","Defend_G","Defend_G","Survivor","Neutralize","PiercingWail","Footwork","Flechettes","Glass Knife+1","Deadly Poison"],"relics":["Ring of the Snake","PreservedInsect","Frozen Egg 2"],"acts_visited":["Exordium"],"potions_floor_usage":[6],"damage_taken":[{"damage":0,"enemies":"2 Louse","floor":1,"turns":4},{"damage":5,"enemies":"Small Slimes","floor":4,"turns":6},{"damage":29,"enemies":"Gremlin Nob","floor":6,"turns":4},{"damage":0,"enemies":"Cultist","floor":10,"turns":3},{"damage":2,"enemies":"2 Fungi Beasts","floor":11,"turns":3},{"damage":28,"enemies":"Lagavulin","floor":12,"turns":6}],"seed_played":"-69776097898572839","potions_obtained":[{"floor":4,"key":"DuplicationPotion"},{"floor":11,"key":"Energy Potion"}],"is_trial":false,"path_per_floor":["M","?","?","M","$","E","R","?","T","M","M","E"],"character_chosen":"THE_SILENT","items_purchased":["PreservedInsect","Flechettes"],"campfire_rested":0,"item_purchase_floors":[5,5],"current_hp_per_floor":[59,48,53,48,48,19,19,19,19,19,17,0,0],"gold":100,"neow_bonus":"HUNDRED_GOLD","is_daily":false,"chose_seed":false,"campfire_upgraded":1,"win_rate":0.0,"timestamp":1610228376,"path_taken":["M","?","?","M","$","E","R","?","T","M","M","E"],"items_purchased_type":["Relic","Card"],"build_version":"2020-12-22","purchased_purges":0,"victory":false,"max_hp_per_floor":[66,66,71,71,71,71,71,71,71,71,71,71,71],"relic_stats":{"counters":[6,26],"PreservedInsect":50,"obtain_stats":[{"PreservedInsect":5,"Frozen Egg 2":6,"Ring of the Snake":0},{"PreservedInsect":2,"Frozen Egg 2":3,"Ring of the Snake":0},{"PreservedInsect":10,"Frozen Egg 2":14,"Ring of the Snake":0}],"Ring of the Snake":[12]},"card_choices":[{"not_picked":["Sucker Punch","Dodge and Roll"],"picked":"PiercingWail","floor":1},{"not_picked":["Backflip","PiercingWail"],"picked":"Footwork","floor":4},{"not_picked":["PiercingWail","Dodge and Roll"],"picked":"Glass Knife","floor":6},{"not_picked":["Prepared","Sucker Punch"],"picked":"Deadly Poison","floor":10},{"not_picked":["Flying Knee","Dagger Throw","Finisher"],"picked":"SKIP","floor":11}],"player_experience":2897494,"relics_obtained":[{"floor":6,"key":"Frozen Egg 2"}],"event_choices":[{"damage_healed":0,"gold_gain":75,"player_choice":"Gather Gold","damage_taken":11,"max_hp_gain":0,"max_hp_loss":0,"event_name":"World of Goop","floor":2,"gold_loss":0},{"damage_healed":0,"gold_gain":0,"player_choice":"Donut","damage_taken":0,"max_hp_gain":5,"max_hp_loss":0,"event_name":"Big Fish","floor":3,"gold_loss":0},{"damage_healed":0,"gold_gain":0,"player_choice":"Ignored","damage_taken":0,"max_hp_gain":0,"max_hp_loss":0,"event_name":"Shining Light","floor":8,"gold_loss":0}],"is_beta":false,"boss_relics":[],"items_purged_floors":[],"is_endless":false,"potions_floor_spawned":[4,11],"killed_by":"Lagavulin","ascension_level":20}}