{"host":"bf9sa99gaumonoeu","time":1610154946,"event":{"mods":["AchievementEnabler","Act Like it!","BaseMod","Better Sensory Stone","Colored Map","Colored Powertips","Downfall","Friendly Minions","Gensokyo","GifTheSpireLib","Googly Eyes","Hallownest","Hermit","Jorbs\u0027s Wanderer Trilogy","KinomotoSakuraMod(????)","Koishi","Lobotomy","Marisa????????","Minty Spire (QoL Compilation)","Rare Cards Sparkle","Reimu??????","Relic Stats","Remilia??????","StSLib","The Administrix","The Animator","The Blue Laboratory","The Bug Knight","The Construct","The Cursed","The Disciple","The Hierophant","The Mystic","The Necromancer","The Poker Player","The Runesmith","The Senshi","The Servant 0.9.4","TheLocksmith"],"gold_per_floor":[119,132,148,165,165,165,185,205,253,253,253],"floor_reached":10,"playtime":515,"items_purged":[],"score":121,"play_id":"1de6457c-083e-4921-9263-3e56fe1da4bf","local_time":"20210108231546","is_ascension_mode":true,"campfire_choices":[{"data":"Dagger Spray","floor":6,"key":"SMITH"}],"circlet_count":0,"master_deck":["AscendersBane","Strike_G","Strike_G","Strike_G","Strike_G","Strike_G","Defend_G","Defend_G","Defend_G","Defend_G","Defend_G","Survivor","Neutralize","CurseOfTheBell","Footwork+1","Dagger Spray+1","Flying Knee","Adrenaline","Prepared","Bouncing Flask"],"relics":["Calling Bell","Omamori","Pantograph","Turnip","Toy Ornithopter"],"acts_visited":["Exordium"],"potions_floor_usage":[10,10],"damage_taken":[{"damage":1.0,"enemies":"2 Louse","floor":1.0,"turns":3.0},{"damage":2.0,"enemies":"Jaw Worm","floor":2.0,"turns":7.0},{"damage":3.0,"enemies":"Cultist","floor":3.0,"turns":5.0},{"damage":4,"enemies":"Large Slime","floor":4,"turns":8},{"damage":1,"enemies":"2 Fungi Beasts","floor":7,"turns":3},{"damage":0,"enemies":"Exordium Wildlife","floor":8,"turns":2},{"damage":64,"enemies":"Gremlin Nob","floor":10,"turns":4}],"seed_played":"-2060226259528214151","potions_obtained":[{"floor":2.0,"key":"blueLaboratory:HorrorPotion"},{"floor":3.0,"key":"Explosive Potion"}],"is_trial":false,"path_per_floor":["M","M","M","M","?","R","M","M","T","E"],"character_chosen":"THE_SILENT","items_purchased":[],"campfire_rested":0,"item_purchase_floors":[],"current_hp_per_floor":[58,56,53,49,49,49,48,48,48,0,0],"gold":253,"neow_bonus":"BOSS_RELIC","is_daily":false,"chose_seed":false,"campfire_upgraded":1,"win_rate":0.0,"timestamp":1610154946,"path_taken":["M","M","M","M","?","R","M","M","T","E"],"items_purchased_type":[],"build_version":"2020-12-22","purchased_purges":0,"victory":false,"max_hp_per_floor":[66,66,66,66,66,66,66,66,66,66,66],"relic_stats":{"counters":[7,32],"Pantograph":0,"Turnip":[0],"obtain_stats":[{"Calling Bell":0,"Pantograph":0,"Turnip":0,"Omamori":0,"Toy Ornithopter":9,"Ring of the Snake":0},{"Calling Bell":0,"Pantograph":0,"Turnip":0,"Omamori":0,"Toy Ornithopter":6,"Ring of the Snake":0},{"Calling Bell":0,"Pantograph":0,"Turnip":0,"Omamori":0,"Toy Ornithopter":28,"Ring of the Snake":0}],"Toy Ornithopter":10},"card_choices":[{"not_picked":["Skewer","Flechettes"],"picked":"Footwork","floor":1.0},{"not_picked":["Bane","Setup"],"picked":"Dagger Spray","floor":2.0},{"not_picked":["PiercingWail","Dagger Throw"],"picked":"Flying Knee","floor":3.0},{"not_picked":["Slice","Outmaneuver"],"picked":"Adrenaline","floor":4},{"not_picked":["Underhanded Strike","Poisoned Stab"],"picked":"Prepared","floor":7},{"not_picked":["Slice","Poisoned Stab"],"picked":"Bouncing Flask","floor":8}],"player_experience":880754,"relics_obtained":[{"floor":0.0,"key":"Omamori"},{"floor":0.0,"key":"Pantograph"},{"floor":0.0,"key":"Turnip"},{"floor":9,"key":"Toy Ornithopter"}],"event_choices":[{"damage_healed":0,"gold_gain":0,"player_choice":"Grow","damage_taken":0,"max_hp_gain":0,"max_hp_loss":0,"event_name":"Living Wall","floor":5,"gold_loss":0,"cards_upgraded":["Footwork"]}],"is_beta":false,"boss_relics":[],"items_purged_floors":[],"is_endless":false,"potions_floor_spawned":[2,3,4],"killed_by":"Gremlin Nob","ascension_level":19}}