{"host":"k2mw1od0xoi9pcfj","time":1610219566,"event":{"mods":["100% Spire Juice","AchievementEnabler","Act Like it!","Aspiration","BaseMod","Better Altar","Better Match","Better Note","Better Sensory Stone","Better Skull","Better Third Choice","Conspire","Defuse TimeMaze Blight","Downfall","Energized Spire","Friendly Minions","Gensokyo","Halation","Hallownest","Highlight Path","Infinite Spire","Minty Spire (QoL Compilation)","Permanent Neow","Prisma Mod","Quick Restart","Random Character Button","Relic Sorter","Relic Stats","Replay The Spire","Spicy Shops","StSLib","Synergy Search","The Hierophant","Treasure Hunter","everything is the same but u backflip on backflip","slay the spire mod where everything is the same but ironclad has a cowboy hat"],"gold_per_floor":[134,134,150,78,121,121,141,141,141,141,171,201,220,246,246,358,358,358],"floor_reached":17,"playtime":1387,"items_purged":[],"score":190,"play_id":"b1901e20-82d8-4e02-8ce6-93c8adabdd1a","local_time":"20210109131246","is_ascension_mode":false,"campfire_choices":[{"data":"PrismaMod:ChloeCheapDefend","floor":6,"key":"SMITH"},{"data":"PrismaMod:ChloeCaladbolg","floor":10,"key":"SMITH"}],"circlet_count":0,"master_deck":["PrismaMod:ChloeCommonAttack","PrismaMod:ChloeCommonAttack","PrismaMod:ChloeCommonAttack","PrismaMod:ChloeCommonAttack","PrismaMod:ChloeCommonAttack","PrismaMod:ChloeCommonDefend","PrismaMod:ChloeCommonDefend","PrismaMod:ChloeCommonDefend","PrismaMod:ChloeCommonDefend","PrismaMod:ChloeCommonDefend","PrismaMod:ChloeCheapAttack","PrismaMod:ChloeCheapDefend+1","PrismaMod:ChloeCaladbolg+1","PrismaMod:ChloeExhaustOne","PrismaMod:ChloeChristmas","PrismaMod:ChloeCheapAttackTwo","TH:ArmorSpikes","TH:PixieDust","PrismaMod:ChloeCheapDefendTwo","PrismaMod:ChloeBetterTracePools","hierophant:Doubloon","TH:CursedSword","PrismaMod:ChloeMaid","TH:CursedSword","PrismaMod:ChloeGreatTracePools"],"relics":["PrismaMod:PrismaTraceOn","aspiration:Nostalgia","Ring of the Snake","Sling","Omamori","Regal Pillow","conspire:DecoderRing","Philosopher\u0027s Stone"],"acts_visited":["Exordium","TheCity"],"potions_floor_usage":[14],"damage_taken":[{"damage":0,"enemies":"conspire:RoseBush","floor":1,"turns":3},{"damage":1,"enemies":"Small Slimes","floor":3,"turns":3},{"damage":0,"enemies":"2 Louse","floor":5,"turns":2},{"damage":0,"enemies":"conspire:2 RoseBushes","floor":7,"turns":5},{"damage":0,"enemies":"3 Sentries","floor":11,"turns":3},{"damage":0,"enemies":"Large Slime","floor":13,"turns":3},{"damage":5,"enemies":"Lagavulin","floor":14,"turns":5},{"damage":47,"enemies":"Hexaghost","floor":16,"turns":10}],"seed_played":"-2446176061129066444","potions_obtained":[{"floor":1,"key":"hexamod:EctoCoolerPotion"},{"floor":3,"key":"FearPotion"},{"floor":7,"key":"Ancient Potion"}],"is_trial":false,"path_per_floor":["M","?","M","$","M","R","M","?","T","R","E","?","M","E","R","B",null],"character_chosen":"CHLOE","items_purchased":["Sling"],"campfire_rested":0,"item_purchase_floors":[4],"current_hp_per_floor":[75,75,74,74,74,74,74,74,74,74,74,74,74,69,69,22,75,75],"gold":358,"neow_bonus":"NOSTALGIA","is_daily":false,"chose_seed":false,"campfire_upgraded":2,"win_rate":0.0,"timestamp":1610219566,"path_taken":["M","?","M","$","M","R","M","?","T","R","E","?","M","E","R","BOSS"],"items_purchased_type":["Relic"],"build_version":"2020-12-22","purchased_purges":0,"victory":false,"max_hp_per_floor":[75,75,75,75,75,75,75,75,75,75,75,75,75,75,75,75,75,75],"relic_stats":{"Regal Pillow":0,"counters":[8,34],"obtain_stats":[{"Regal Pillow":12,"aspiration:Nostalgia":0,"conspire:DecoderRing":14,"Philosopher\u0027s Stone":17,"Omamori":11,"Sling":4,"PrismaMod:PrismaTraceOn":0,"Ring of the Snake":0},{"Regal Pillow":5,"aspiration:Nostalgia":0,"conspire:DecoderRing":7,"Philosopher\u0027s Stone":8,"Omamori":5,"Sling":2,"PrismaMod:PrismaTraceOn":0,"Ring of the Snake":0},{"Regal Pillow":16,"aspiration:Nostalgia":0,"conspire:DecoderRing":24,"Philosopher\u0027s Stone":34,"Omamori":16,"Sling":6,"PrismaMod:PrismaTraceOn":0,"Ring of the Snake":0}],"Ring of the Snake":[16]},"card_choices":[{"not_picked":["PrismaMod:ChloeCommonAOEAttack","PrismaMod:ChloeGaeBolg"],"picked":"PrismaMod:ChloeCaladbolg","floor":1},{"not_picked":["PrismaMod:ChloeDiscardRecovery","PrismaMod:ChloeCheapAttackTwo"],"picked":"PrismaMod:ChloeExhaustOne","floor":3},{"not_picked":["PrismaMod:ChloeDemonicTutor","PrismaMod:ChloeUncommonDefend"],"picked":"PrismaMod:ChloeChristmas","floor":5},{"not_picked":["PrismaMod:ChloeRuleBreaker","PrismaMod:ChloeCheapDefendTwo"],"picked":"PrismaMod:ChloeCheapAttackTwo","floor":7},{"not_picked":["TH:EnergyPotion"],"picked":"TH:ArmorSpikes","floor":9},{"not_picked":["TH:ArmorSpikes"],"picked":"TH:PixieDust","floor":11},{"not_picked":["PrismaMod:ChloeExhaustOne","PrismaMod:ChloeCheapAttackTwo"],"picked":"PrismaMod:ChloeCheapDefendTwo","floor":11},{"not_picked":["PrismaMod:ChloeCheapDefendTwo","PrismaMod:ChloeRuleBreaker"],"picked":"PrismaMod:ChloeBetterTracePools","floor":13},{"not_picked":["TH:BikiniMail"],"picked":"TH:CursedSword","floor":14},{"not_picked":["PrismaMod:ChloeRhongomyniad","PrismaMod:ChloeRuleBreaker"],"picked":"PrismaMod:ChloeMaid","floor":14},{"not_picked":["TH:ElvenBoots"],"picked":"TH:CursedSword","floor":16},{"not_picked":["PrismaMod:ChloeAnyCommonTrace","PrismaMod:ChloeAnySkillTrace"],"picked":"PrismaMod:ChloeGreatTracePools","floor":16}],"player_experience":860107,"relics_obtained":[{"floor":11,"key":"Omamori"},{"floor":14,"key":"conspire:DecoderRing"}],"event_choices":[{"damage_healed":0,"gold_gain":0,"player_choice":"Leave","damage_taken":0,"max_hp_gain":0,"max_hp_loss":0,"event_name":"The Cleric","floor":8,"gold_loss":0},{"damage_healed":0,"gold_gain":30,"player_choice":"Searched \u00273\u0027 times","damage_taken":0,"relics_obtained":["Regal Pillow"],"max_hp_gain":0,"max_hp_loss":0,"event_name":"Dead Adventurer","floor":12,"gold_loss":0}],"is_beta":false,"boss_relics":[{"not_picked":["halation:PlatinumPhoenix","halation:LoveArrow"],"picked":"Philosopher\u0027s Stone"}],"items_purged_floors":[],"is_endless":false,"potions_floor_spawned":[1,3,7,13],"ascension_level":0}}