{"host":"cimxalwyqyblhb3d","time":1610226088,"event":{"mods":["AchievementEnabler","BaseMod","Colored Powertips","Evolution","Minty Spire (QoL Compilation)","Quick Restart","StSLib"],"gold_per_floor":[117,42,42,217,217,217,230,230,230,230,251,265,285,328,328,458,458,472,495,519,519,186,226,226,247,293,293,293,293,312,330,330,330,330],"floor_reached":33,"playtime":1333,"items_purged":["CutThroughFate"],"score":367,"play_id":"1cd41cc4-fd2b-431c-9987-fa338fc33376","local_time":"20210109220128","is_ascension_mode":false,"campfire_choices":[{"data":"Judgement","floor":6,"key":"SMITH"},{"data":"SignatureMove","floor":8,"key":"SMITH"},{"data":"BattleHymn","floor":10,"key":"SMITH"},{"data":"Ragnarok","floor":15,"key":"SMITH"},{"floor":24,"key":"REST"},{"data":"Mayhem","floor":27,"key":"SMITH"},{"data":"Ragnarok","floor":29,"key":"SMITH"},{"floor":32,"key":"RECALL"}],"circlet_count":0,"master_deck":["CutThroughFate","CutThroughFate","CutThroughFate","EmptyBody","EmptyBody","EmptyBody","EmptyBody","Eruption","Vigilance","Judgement+1","SignatureMove+1","ThirdEye","Halt","CutThroughFate","Ragnarok+1","Ragnarok+1","Weave+1","JustLucky","ThirdEye+1","Mayhem+1","Crescendo+1"],"relics":["PureWater","EVO:Axolotl","Golden Idol","Blue Candle","Incense Burner","Velvet Choker","MealTicket","Frozen Egg 2","PreservedInsect","MutagenicStrength"],"acts_visited":["Exordium","TheCity"],"potions_floor_usage":[16,16,16,23,25,31,33],"damage_taken":[{"damage":0,"enemies":"2 Louse","floor":1,"turns":2},{"damage":3,"enemies":"Small Slimes","floor":7,"turns":2},{"damage":0,"enemies":"Jaw Worm","floor":11,"turns":1},{"damage":1,"enemies":"Lots of Slimes","floor":12,"turns":4},{"damage":0,"enemies":"Red Slaver","floor":13,"turns":1},{"damage":4,"enemies":"3 Sentries","floor":14,"turns":8},{"damage":0,"enemies":"Slime Boss","floor":16,"turns":4},{"damage":1,"enemies":"3 Byrds","floor":18,"turns":3},{"damage":0,"enemies":"Spheric Guardian","floor":19,"turns":1},{"damage":15,"enemies":"Centurion and Healer","floor":20,"turns":5},{"damage":17,"enemies":"Gremlin Leader","floor":23,"turns":4},{"damage":9,"enemies":"3 Cultists","floor":25,"turns":3},{"damage":0,"enemies":"Snecko","floor":30,"turns":3},{"damage":4,"enemies":"Centurion and Healer","floor":31,"turns":3},{"damage":68,"enemies":"Champ","floor":33,"turns":6}],"seed_played":"6513878066476354818","potions_obtained":[{"floor":1,"key":"BottledMiracle"},{"floor":11,"key":"SteroidPotion"},{"floor":12,"key":"Swift Potion"},{"floor":16,"key":"Swift Potion"},{"floor":18,"key":"PowerPotion"},{"floor":20,"key":"Swift Potion"},{"floor":23,"key":"Fire Potion"}],"is_trial":false,"path_per_floor":["M","$","?","?","?","R","M","R","T","R","M","M","M","E","R","B",null,"M","M","M","?","$","E","R","M","T","R","?","R","M","M","R","B"],"character_chosen":"WATCHER","items_purchased":["MealTicket","Mayhem"],"campfire_rested":1,"item_purchase_floors":[22,22],"current_hp_per_floor":[74,74,56,56,49,49,46,46,46,46,46,45,45,41,41,41,74,73,73,58,58,58,41,63,54,54,54,54,54,54,50,50,0,0],"gold":330,"neow_bonus":"ONE_RANDOM_RARE_CARD","is_daily":false,"chose_seed":false,"campfire_upgraded":6,"win_rate":0.0,"timestamp":1610226088,"path_taken":["M","$","?","?","?","R","?","R","T","R","M","?","M","E","R","BOSS","M","M","M","?","$","E","R","?","T","R","?","R","M","M","R","BOSS"],"items_purchased_type":["Relic","Card"],"build_version":"2020-12-22","purchased_purges":1,"victory":false,"max_hp_per_floor":[74,74,74,74,74,74,74,74,74,74,74,74,74,74,74,74,74,74,74,74,74,74,74,74,74,74,74,74,74,74,74,74,74,74],"card_choices":[{"not_picked":["EmptyBody","Protect"],"picked":"BattleHymn","floor":1},{"not_picked":["Wallop","BowlingBash"],"picked":"SignatureMove","floor":7},{"not_picked":["Meditate","Collect"],"picked":"ThirdEye","floor":11},{"not_picked":["Vengeance","FlyingSleeves"],"picked":"Halt","floor":12},{"not_picked":["Meditate","Indignation"],"picked":"CutThroughFate","floor":13},{"not_picked":["SashWhip","BowlingBash"],"picked":"Ragnarok","floor":14},{"not_picked":["Wish","MasterReality"],"picked":"Ragnarok","floor":16},{"not_picked":["Meditate","LikeWater"],"picked":"Weave+1","floor":18},{"not_picked":["Protect","Evaluate"],"picked":"JustLucky","floor":19},{"not_picked":["CutThroughFate","DeusExMachina"],"picked":"ThirdEye+1","floor":20},{"not_picked":["Weave+1","PathToVictory","CarveReality+1"],"picked":"SKIP","floor":23},{"not_picked":["Evaluate","Prostrate+1"],"picked":"Crescendo+1","floor":25},{"not_picked":["ReachHeaven+1","WheelKick","ForeignInfluence"],"picked":"SKIP","floor":30},{"not_picked":["EmptyFist","SashWhip","CrushJoints"],"picked":"SKIP","floor":31}],"player_experience":486893,"relics_obtained":[{"floor":9,"key":"Blue Candle"},{"floor":14,"key":"Incense Burner"},{"floor":23,"key":"Frozen Egg 2"},{"floor":26,"key":"PreservedInsect"}],"event_choices":[{"damage_healed":0,"gold_gain":0,"player_choice":"Take Damage","damage_taken":18,"relics_obtained":["Golden Idol"],"max_hp_gain":0,"max_hp_loss":0,"event_name":"Golden Idol","floor":3,"gold_loss":0},{"damage_healed":0,"gold_gain":175,"player_choice":"AGREE","damage_taken":0,"max_hp_gain":0,"max_hp_loss":0,"event_name":"Liars Game","floor":4,"gold_loss":0,"cards_obtained":["Doubt"]},{"cards_removed":["Doubt"],"damage_healed":0,"gold_gain":0,"player_choice":"Card Removal","damage_taken":7,"max_hp_gain":0,"max_hp_loss":0,"event_name":"Golden Wing","floor":5,"gold_loss":0},{"cards_removed":["BattleHymn"],"damage_healed":0,"gold_gain":0,"player_choice":"Purged","damage_taken":0,"max_hp_gain":0,"max_hp_loss":0,"event_name":"Purifier","floor":21,"gold_loss":0},{"damage_healed":0,"gold_gain":0,"player_choice":"Inject Mutagens","damage_taken":0,"relics_obtained":["MutagenicStrength"],"max_hp_gain":0,"max_hp_loss":0,"event_name":"Drug Dealer","floor":28,"gold_loss":0}],"is_beta":false,"boss_relics":[{"not_picked":["SlaversCollar","Fusion Hammer"],"picked":"Velvet Choker"}],"items_purged_floors":[2],"is_endless":false,"potions_floor_spawned":[1,11,12,14,16,18,20,23],"killed_by":"Champ","ascension_level":0}}