{"host":"ldbx2jhnvtia1ouf","time":1610210921,"event":{"mods":["BaseMod","Better Note","Better Sensory Stone","Better Skull","Better Third Choice","Block Reminder","Colored Map","Colored Powertips","Curses Come First","Highlight Path","Minty Spire (QoL Compilation)","Permanent Neow","Spicy Shops","StSLib","Transform Curses","Unceasing Turn Reminder"],"gold_per_floor":[114,128,128,128,146,171,185,185,212,230,256,275,275,289,289,388,388,398,338,38,147,162,162,195,195,195,195,195],"floor_reached":27,"playtime":1656,"items_purged":[],"score":293,"play_id":"812a21ef-5f0d-49dc-8e92-6d47c6e9160b","local_time":"20210110024841","is_ascension_mode":false,"campfire_choices":[{"data":"Armaments","floor":8,"key":"SMITH"},{"floor":13,"key":"REST"},{"data":"Metallicize","floor":15,"key":"SMITH"},{"data":"Apotheosis","floor":23,"key":"SMITH"}],"circlet_count":0,"master_deck":["Bash","Iron Wave","Feed+1","Rampage","Metallicize+1","Armaments+1","Iron Wave","Iron Wave","Barricade","Demon Form","Brutality","Rage","Spot Weakness","Immolate","Clothesline","Juggernaut","Armaments","Apotheosis+1","Shockwave+1"],"relics":["Burning Blood","Regal Pillow","Oddly Smooth Stone","Omamori","Mummified Hand","MealTicket","Lantern","Nloth\u0027s Gift"],"acts_visited":["Exordium","TheCity"],"potions_floor_usage":[16,16,16,16,16,16],"damage_taken":[{"damage":0.0,"enemies":"2 Louse","floor":1.0,"turns":3.0},{"damage":3,"enemies":"Small Slimes","floor":2,"turns":3},{"damage":1,"enemies":"Cultist","floor":5,"turns":3},{"damage":41,"enemies":"Lagavulin","floor":6,"turns":8},{"damage":5,"enemies":"2 Fungi Beasts","floor":7,"turns":4},{"damage":5,"enemies":"Looter","floor":10,"turns":3},{"damage":19,"enemies":"Gremlin Nob","floor":11,"turns":5},{"damage":9,"enemies":"Blue Slaver","floor":12,"turns":4},{"damage":0,"enemies":"2 Fungi Beasts","floor":14,"turns":4},{"damage":21,"enemies":"Slime Boss","floor":16,"turns":12},{"damage":0,"enemies":"Chosen","floor":18,"turns":6},{"damage":11,"enemies":"Spheric Guardian","floor":22,"turns":4},{"damage":36,"enemies":"Gremlin Leader","floor":24,"turns":7},{"damage":52,"enemies":"Book of Stabbing","floor":27,"turns":4}],"seed_played":"-2551174353085836100","potions_obtained":[{"floor":1.0,"key":"ColorlessPotion"},{"floor":5,"key":"FearPotion"},{"floor":7,"key":"EntropicBrew"},{"floor":12,"key":"PowerPotion"}],"is_trial":false,"path_per_floor":["M","M","?","?","M","E","M","R","T","M","E","M","R","M","R","B",null,"M","?","$","?","M","R","E","?","T","E"],"character_chosen":"IRONCLAD","items_purchased":["Apotheosis","Mummified Hand"],"campfire_rested":1,"item_purchase_floors":[20,20],"current_hp_per_floor":[83,86,86,86,90,55,60,60,60,65,56,53,98,106,106,95,110,114,114,114,82,77,77,47,47,47,0,0],"gold":195,"neow_bonus":"TRANSFORM_TWO_CARDS","is_daily":false,"chose_seed":false,"campfire_upgraded":3,"win_rate":0.0,"timestamp":1610210921,"path_taken":["M","M","?","?","M","E","M","R","T","?","E","M","R","M","R","BOSS","M","?","$","?","M","R","E","?","T","E"],"items_purchased_type":["Card","Relic"],"build_version":"2020-12-22","purchased_purges":0,"victory":false,"max_hp_per_floor":[83,86,86,86,90,90,94,94,94,98,102,102,102,106,106,110,110,114,114,114,114,114,114,114,114,114,114,114],"card_choices":[{"not_picked":["Whirlwind","Clash"],"picked":"Rampage","floor":1.0},{"not_picked":["Sword Boomerang","Carnage","Perfected Strike"],"picked":"SKIP","floor":2},{"not_picked":["Sword Boomerang","Carnage","Perfected Strike"],"picked":"SKIP","floor":2},{"not_picked":["Intimidate","Pommel Strike"],"picked":"Metallicize","floor":5},{"not_picked":["Sword Boomerang","Body Slam","Hemokinesis"],"picked":"SKIP","floor":6},{"not_picked":["Intimidate","Second Wind"],"picked":"Armaments","floor":7},{"not_picked":["Perfected Strike","Headbutt","Clothesline"],"picked":"SKIP","floor":10},{"not_picked":["Combust","Searing Blow"],"picked":"Iron Wave","floor":11},{"not_picked":["Seeing Red","Shrug It Off","Body Slam"],"picked":"SKIP","floor":12},{"not_picked":["Thunderclap","Anger"],"picked":"Iron Wave","floor":14},{"not_picked":["Bludgeon","Juggernaut"],"picked":"Barricade","floor":16},{"not_picked":["Perfected Strike","Reckless Charge"],"picked":"Armaments","floor":18},{"not_picked":["Clash","Offering"],"picked":"Shockwave+1","floor":22},{"not_picked":["Anger","Perfected Strike","Clothesline"],"picked":"SKIP","floor":24}],"player_experience":81118,"relics_obtained":[{"floor":6,"key":"Regal Pillow"},{"floor":9,"key":"Oddly Smooth Stone"},{"floor":11,"key":"Omamori"},{"floor":24,"key":"Lantern"}],"event_choices":[{"damage_healed":0,"gold_gain":0,"cards_transformed":["Clumsy"],"player_choice":"Change","damage_taken":0,"max_hp_gain":0,"max_hp_loss":0,"event_name":"Living Wall","floor":3,"gold_loss":0,"cards_obtained":["Wild Strike"]},{"damage_healed":0,"gold_gain":0,"player_choice":"Upgraded","damage_taken":0,"max_hp_gain":0,"max_hp_loss":0,"event_name":"Upgrade Shrine","floor":4,"gold_loss":0,"cards_upgraded":["Feed"]},{"cards_removed":["Wild Strike"],"damage_healed":0,"gold_gain":0,"player_choice":"Single Remove","damage_taken":0,"max_hp_gain":0,"max_hp_loss":0,"event_name":"Designer","floor":19,"gold_loss":60},{"damage_healed":0,"gold_gain":109,"player_choice":"GO RE ","damage_taken":35,"relics_obtained":["MealTicket"],"max_hp_gain":0,"max_hp_loss":0,"event_name":"betterSkull:BetterSkull","floor":21,"gold_loss":0,"cards_upgraded":[]},{"damage_healed":0,"gold_gain":0,"player_choice":"Traded Relic","damage_taken":0,"relics_obtained":["Nloth\u0027s Gift"],"max_hp_gain":0,"max_hp_loss":0,"event_name":"N\u0027loth","floor":25,"relics_lost":["Pandora\u0027s Box"],"gold_loss":0}],"is_beta":false,"boss_relics":[{"not_picked":["Busted Crown","Runic Pyramid"],"picked":"Pandora\u0027s Box"}],"items_purged_floors":[],"is_endless":false,"potions_floor_spawned":[1,5,7,10,12],"killed_by":"Book of Stabbing","ascension_level":0}}