{"host":"lxihx0b6awoz2w1j","time":1610223908,"event":{"mods":["Aspiration","BaseMod","Better Third Choice","CapriCore","Colored Powertips","Downfall","Hermit","HololiveMod","Hubris","Infinite Spire","JesterMod","Luminous","Marisa????????","Melee Mod","Minty Spire (QoL Compilation)","Prisma Mod","Quick Restart","Relic Stats","Replay The Spire","Shade Mod","Spicy Shops","StSLib","The Alterego","The Blue Laboratory","The Cursed","The Disciple","The Forsaken","The Immortal","The Jungle","The Marked","The Runesmith","The Senshi","The Servant 0.9.4","Waifu the Spire"],"gold_per_floor":[112,122,48,66,86,86,86,117,129,154,241,64,64,84,84,189,189,204,204,63,82,82,82,95,95,95,15,15,25,25,37,37,139,139,159,159,159,159,182,182,227,227,227,227,227,272,272,309,309,309],"floor_reached":51,"playtime":2331,"items_purged":["SwitchConfidence"],"score":953,"play_id":"f613a8ee-e512-42c4-9f3b-ac7638e54352","local_time":"20210109212508","is_ascension_mode":false,"campfire_choices":[{"data":"Neutralize","floor":6,"key":"SMITH"},{"floor":13,"key":"REST"},{"data":"Envenom","floor":23,"key":"SMITH"},{"floor":25,"key":"REST"},{"data":"Infinite Blades","floor":28,"key":"SMITH"},{"data":"Blade Dance","floor":30,"key":"SMITH"},{"data":"Footwork","floor":32,"key":"SMITH"},{"data":"expansioncontent:DashGenerateEvil","floor":40,"key":"SMITH"},{"floor":42,"key":"REST"},{"floor":45,"key":"REST"},{"data":"1","floor":49,"key":"LIFT"}],"circlet_count":0,"master_deck":["Strike_G","Strike_G","Strike_G","Strike_G","Strike_G","Defend_G","Defend_G","Defend_G","Defend_G","Defend_G","Survivor","Neutralize+1","ReplayTheSpireMod:Tripwire","Flying Knee","Footwork+1","Unload","Sanctity","Sucker Punch","Deflect","Quick Slash","Blade Dance+1","SashWhip","Accuracy+1","Infinite Blades+1","Sanctity","Atom Bomb","Noxious Fumes","Envenom+1","Backflip","ReplayTheSpireMod:Tripwire","SwitchConfidence","Backflip","hubris:Counter","Escape Plan","Corpse Explosion","hubris:Sniper","expansioncontent:DashGenerateEvil+1","Dagger Throw+1","Blur","infinitespire:Punishment","Setup+1"],"relics":["Ring of the Snake","aspiration:Nostalgia","Replay:M_StaffOfTheSnake","MawBank","ReplayTheSpireMod:TigerMarble","Sozu","ReplayTheSpireMod:CursedCoin","Bronze Scales","BranchBurnRelic","hubris:PeanutButter","infinitespire:EvilPickle","Ring of Chaos","hubris:Icosahedron","Vajra","The Courier","Girya","Runesmith:AutoHammer"],"acts_visited":["Exordium","TheCity","TheBeyond"],"potions_floor_usage":[33,50,50],"damage_taken":[{"damage":0,"enemies":"2 Louse","floor":1,"turns":3},{"damage":0,"enemies":"Small Slimes","floor":2,"turns":3},{"damage":1,"enemies":"Jaw Worm","floor":4,"turns":4},{"damage":14,"enemies":"3 Louse","floor":5,"turns":4},{"damage":2,"enemies":"Replay:BlueRogue","floor":8,"turns":5},{"damage":4,"enemies":"Blue Slaver","floor":10,"turns":2},{"damage":20,"enemies":"Exordium Thugs","floor":14,"turns":4},{"damage":34,"enemies":"Slime Boss","floor":16,"turns":7},{"damage":15,"enemies":"2 Thieves","floor":18,"turns":4},{"damage":4,"enemies":"Chosen","floor":21,"turns":5},{"damage":21,"enemies":"Snake Plant","floor":24,"turns":5},{"damage":11,"enemies":"Chosen and Byrds","floor":29,"turns":6},{"damage":5,"enemies":"Shelled Parasite and Fungi","floor":31,"turns":2},{"damage":11,"enemies":"Pondfish","floor":33,"turns":8},{"damage":7,"enemies":"3 Darklings","floor":35,"turns":4},{"damage":0,"enemies":"Orb Walker","floor":39,"turns":3},{"damage":54,"enemies":"Reptomancer","floor":41,"turns":5},{"damage":4,"enemies":"Nemesis","floor":46,"turns":6},{"damage":1,"enemies":"3 Darklings","floor":48,"turns":3},{"damage":81,"enemies":"Awakened One","floor":50,"turns":13}],"seed_played":"828613659669518239","potions_obtained":[{"floor":4,"key":"SpeedPotion"},{"floor":8,"key":"blueLaboratory:FruitPreserves"},{"floor":10,"key":"blueLaboratory:TrueEctoplasm"},{"floor":16,"key":"blueLaboratory:FruitPunch"}],"is_trial":false,"path_per_floor":["M","M","$","M","M","R","?","E","T","M","?","$","R","M","R","B",null,"M","?","$","M","?","R","M","R","T","$","R","M","R","M","R","B",null,"M","?","?","?","M","R","E","R","T","?","R","E","AVR","M","R","B",null],"character_chosen":"THE_SILENT","items_purchased":["Footwork","Infinite Blades","ReplayTheSpireMod:TigerMarble","ReplayTheSpireMod:CursedCoin","Envenom","Backflip","hubris:Counter"],"campfire_rested":4,"item_purchase_floors":[3,12,12,20,20,20,27],"current_hp_per_floor":[70,70,70,69,55,55,55,53,53,49,38,38,59,39,60,26,70,55,55,55,51,51,51,44,65,65,65,65,67,67,65,65,61,72,65,65,65,65,65,65,25,46,46,46,67,69,69,68,68,25],"gold":309,"neow_bonus":"NOSTALGIA","is_daily":false,"chose_seed":false,"campfire_upgraded":6,"win_rate":0.0,"timestamp":1610223908,"path_taken":["M","M","$","M","M","R","?","E","T","M","?","$","R","M","R","BOSS","M","?","$","M","?","R","M","R","T","?","R","?","R","M","R","BOSS","M","?","?","?","M","R","E","R","T","?","R","E","AVR","?","R","BOSS"],"items_purchased_type":["Card","Card","Relic","Relic","Card","Card","Card"],"build_version":"2020-12-22","purchased_purges":1,"victory":true,"max_hp_per_floor":[70,70,70,70,70,70,70,70,70,70,70,70,70,70,70,70,70,70,70,70,70,70,70,70,70,70,70,70,70,70,70,70,72,72,72,72,72,72,72,72,72,72,72,72,72,72,72,72,72,72],"relic_stats":{"Sozu":4,"counters":[20,96],"Bronze Scales":[208],"MawBank":48,"obtain_stats":[{"Girya":46,"Replay:M_StaffOfTheSnake":0,"aspiration:Nostalgia":0,"ReplayTheSpireMod:CursedCoin":20,"Dead Branch":9,"Vajra":41,"Ring of Chaos":34,"The Courier":43,"MawBank":8,"Sozu":17,"infinitespire:EvilPickle":33,"BranchBurnRelic":23,"hubris:Icosahedron":36,"Bronze Scales":22,"hubris:PeanutButter":26,"ReplayTheSpireMod:TigerMarble":12,"Runesmith:AutoHammer":47,"Ring of the Snake":0},{"Girya":18,"Replay:M_StaffOfTheSnake":0,"aspiration:Nostalgia":0,"ReplayTheSpireMod:CursedCoin":9,"Dead Branch":5,"Vajra":17,"Ring of Chaos":14,"The Courier":17,"MawBank":5,"Sozu":8,"infinitespire:EvilPickle":14,"BranchBurnRelic":10,"hubris:Icosahedron":15,"Bronze Scales":10,"hubris:PeanutButter":11,"ReplayTheSpireMod:TigerMarble":6,"Runesmith:AutoHammer":18,"Ring of the Snake":0},{"Girya":80,"Replay:M_StaffOfTheSnake":0,"aspiration:Nostalgia":0,"ReplayTheSpireMod:CursedCoin":36,"Dead Branch":19,"Vajra":74,"Ring of Chaos":62,"The Courier":74,"MawBank":19,"Sozu":32,"infinitespire:EvilPickle":62,"BranchBurnRelic":41,"hubris:Icosahedron":66,"Bronze Scales":41,"hubris:PeanutButter":46,"ReplayTheSpireMod:TigerMarble":21,"Runesmith:AutoHammer":80,"Ring of the Snake":0}],"Ring of the Snake":[40]},"card_choices":[{"not_picked":["Backflip","Footwork"],"picked":"ReplayTheSpireMod:Tripwire","floor":1},{"not_picked":["Poisoned Stab","PiercingWail"],"picked":"Flying Knee","floor":2},{"not_picked":["Crescendo","Dagger Throw"],"picked":"Unload","floor":4},{"not_picked":["Outmaneuver","Crippling Poison"],"picked":"Sanctity","floor":5},{"not_picked":["Catalyst","ReplayTheSpireMod:Exploit Weakness"],"picked":"Accuracy","floor":8},{"not_picked":["Deflect","Dagger Spray"],"picked":"Quick Slash","floor":10},{"not_picked":["Acrobatics","Slice"],"picked":"Sanctity","floor":14},{"not_picked":["aspiration:Lunge","Burst"],"picked":"Atom Bomb","floor":16},{"not_picked":["Masterful Stab","Slice"],"picked":"Noxious Fumes","floor":18},{"not_picked":["Bouncing Flask","Outmaneuver+1"],"picked":"ReplayTheSpireMod:Tripwire","floor":21},{"not_picked":["ReplayTheSpireMod:The Works","Bouncing Flask"],"picked":"Backflip","floor":24},{"not_picked":["Dagger Spray","Quick Slash"],"picked":"Escape Plan","floor":29},{"not_picked":["Eviscerate","Hidden Blade","Slice"],"picked":"SKIP","floor":31},{"not_picked":["Die Die Die","Tools of the Trade"],"picked":"Corpse Explosion","floor":33},{"not_picked":["Outmaneuver","Backflip+1"],"picked":"hubris:Sniper","floor":35},{"not_picked":["expansioncontent:PrepareCrush","expansioncontent:Torchfire"],"picked":"expansioncontent:DashGenerateEvil","floor":37},{"not_picked":["Hidden Blade","Acrobatics+1","Replay:Poison Smokescreen"],"picked":"SKIP","floor":39},{"not_picked":["Slice","Noxious Fumes"],"picked":"Dagger Throw+1","floor":41},{"not_picked":["Deadly Poison","Deflect+1"],"picked":"Blur","floor":46},{"not_picked":["Eviscerate","hubris:Counter"],"picked":"Setup+1","floor":48}],"player_experience":556238,"relics_obtained":[{"floor":8,"key":"MawBank"},{"floor":9,"key":"Dead Branch"},{"floor":26,"key":"hubris:PeanutButter"},{"floor":41,"key":"Vajra"},{"floor":43,"key":"The Courier"},{"floor":46,"key":"Girya"}],"event_choices":[{"damage_healed":0,"gold_gain":75,"player_choice":"Gold","damage_taken":11,"max_hp_gain":0,"max_hp_loss":0,"event_name":"betterThird:BetterGoop","floor":11,"gold_loss":0},{"damage_healed":0,"gold_gain":0,"player_choice":"Memory 1","damage_taken":0,"max_hp_gain":0,"max_hp_loss":0,"event_name":"SensoryStone","floor":37,"gold_loss":0},{"cards_removed":["Quick Slash"],"damage_healed":0,"gold_gain":0,"player_choice":"Removed Attack","damage_taken":0,"max_hp_gain":0,"max_hp_loss":0,"event_name":"Falling","floor":38,"gold_loss":0},{"damage_healed":0,"gold_gain":0,"player_choice":"Ignored","damage_taken":0,"max_hp_gain":0,"max_hp_loss":0,"event_name":"NoteForYourself","floor":44,"gold_loss":0}],"is_beta":false,"boss_relics":[{"not_picked":["Fusion Hammer","Philosopher\u0027s Stone"],"picked":"Sozu"},{"not_picked":["Empty Cage","Busted Crown"],"picked":"Ring of Chaos"}],"items_purged_floors":[20],"is_endless":false,"potions_floor_spawned":[4,8,10,16,18,21,39,41],"ascension_level":0}}