{"host":"dtm4abeon6jfxj1d","time":1610165311,"event":{"mods":["BaseMod","Downfall","Minty Spire (QoL Compilation)","Rare Cards Sparkle","StSLib"],"gold_per_floor":[116,116,136,155,155,155,187,187,212,244,5,18,18,37,37,140,140,156,175,195,120,30,30,64,64,117,143,159,159,184,201,201,300,300,312,662,662,248,297,327,327,340,340,153,179,179,192,35,35,35],"floor_reached":51,"playtime":7481,"items_purged":["Defend_R","Slimebound:Tackle+1"],"score":1066,"play_id":"1121aacf-b19f-40c6-b74f-cf3177ab766f","local_time":"20210108230831","is_ascension_mode":true,"campfire_choices":[{"data":"Shockwave","floor":6,"key":"SMITH"},{"data":"Spot Weakness","floor":8,"key":"SMITH"},{"floor":13,"key":"REST"},{"data":"Bash","floor":15,"key":"SMITH"},{"data":"Heavy Blade","floor":23,"key":"SMITH"},{"floor":25,"key":"REST"},{"data":"Demon Form","floor":32,"key":"SMITH"},{"data":"Barricade","floor":41,"key":"SMITH"},{"data":"Berserk","floor":46,"key":"SMITH"},{"data":"Headbutt","floor":49,"key":"SMITH"}],"circlet_count":0,"master_deck":["Defend_R","Defend_R","Defend_R","Bash+1","Shockwave+1","Rampage+1","Ghostly Armor+1","Spot Weakness+1","Headbutt+1","Impervious+1","Reaper","Heavy Blade+1","expansioncontent:DonusPower+1","Flex+1","Slimebound:Tackle+1","Slimebound:Tackle+1","Battle Trance+1","Demon Form+1","Berserk+1","Heavy Blade+1","Ghostly Armor+1","Barricade+1","expansioncontent:SuperHexaguard+1","Flex+1","Battle Trance+1"],"relics":["Burning Blood","NeowsBlessing","Boot","Regal Pillow","Vajra","Toxic Egg 2","Philosopher\u0027s Stone","Bag of Preparation","Strawberry","InkBottle","Unceasing Top","SlaversCollar","Old Coin","Paper Frog","Ice Cream","Ornamental Fan","FossilizedHelix","MealTicket","DollysMirror"],"acts_visited":["Exordium","TheCity","TheBeyond"],"potions_floor_usage":[7,24,24,33,39,40,50,50],"damage_taken":[{"damage":0,"enemies":"2 Louse","floor":1,"turns":1},{"damage":0,"enemies":"Cultist","floor":3,"turns":1},{"damage":0,"enemies":"Small Slimes","floor":4,"turns":1},{"damage":27,"enemies":"3 Sentries","floor":7,"turns":10},{"damage":19,"enemies":"Lagavulin","floor":10,"turns":8},{"damage":3,"enemies":"Blue Slaver","floor":12,"turns":3},{"damage":6,"enemies":"Looter","floor":14,"turns":4},{"damage":28,"enemies":"Slime Boss","floor":16,"turns":8},{"damage":0,"enemies":"Chosen","floor":18,"turns":4},{"damage":26,"enemies":"Shell Parasite","floor":19,"turns":5},{"damage":33,"enemies":"Centurion and Healer","floor":20,"turns":4},{"damage":21,"enemies":"Gremlin Leader","floor":24,"turns":4},{"damage":46,"enemies":"Slavers","floor":27,"turns":7},{"damage":12,"enemies":"Snecko","floor":28,"turns":5},{"damage":33,"enemies":"Book of Stabbing","floor":30,"turns":4},{"damage":8,"enemies":"Snake Plant","floor":31,"turns":3},{"damage":72,"enemies":"Collector","floor":33,"turns":7},{"damage":16,"enemies":"3 Darklings","floor":35,"turns":4},{"damage":1,"enemies":"Mind Bloom Boss Battle","floor":36,"turns":4},{"damage":51,"enemies":"2 Orb Walkers","floor":39,"turns":5},{"damage":7,"enemies":"Giant Head","floor":40,"turns":7},{"damage":8,"enemies":"3 Shapes","floor":42,"turns":4},{"damage":0,"enemies":"Nemesis","floor":45,"turns":4},{"damage":40,"enemies":"Spire Growth","floor":47,"turns":5},{"damage":91,"enemies":"Donu and Deca","floor":50,"turns":6}],"seed_played":"6702115759640740557","potions_obtained":[{"floor":1,"key":"Dexterity Potion"},{"floor":3,"key":"champ:CounterPotion"},{"floor":12,"key":"SneckoOil"},{"floor":14,"key":"SmokeBomb"},{"floor":18,"key":"Regen Potion"},{"floor":28,"key":"Fruit Juice"},{"floor":33,"key":"DuplicationPotion"},{"floor":35,"key":"SkillPotion"},{"floor":39,"key":"EssenceOfSteel"},{"floor":42,"key":"Guardian:BlockOnCardUsePotion"}],"is_trial":false,"path_per_floor":["M","?","M","M","?","R","E","R","T","E","$","M","R","M","R","B",null,"M","M","M","?","$","R","E","R","T","E","M","?","E","M","R","B",null,"M","?","?","$","?","E","R","M","T","$","E","R","M","$","R","B",null],"character_chosen":"IRONCLAD","items_purchased":["Toxic Egg 2","expansioncontent:DonusPower+1","Paper Frog","Ghostly Armor+1","expansioncontent:SuperHexaguard+1","DollysMirror"],"campfire_rested":2,"item_purchase_floors":[11,22,38,38,44,48],"current_hp_per_floor":[78,78,80,80,64,64,43,43,43,30,30,33,72,72,72,50,73,79,72,58,58,58,58,48,80,87,69,78,78,72,83,83,51,82,92,92,87,87,87,86,86,84,84,84,90,90,84,92,92,43],"gold":35,"neow_bonus":"THREE_ENEMY_KILL","is_daily":false,"chose_seed":false,"campfire_upgraded":8,"win_rate":0.0,"timestamp":1610165311,"path_taken":["M","?","M","?","?","R","E","R","T","E","$","M","R","M","R","BOSS","M","M","M","?","$","R","E","R","T","E","M","?","E","M","R","BOSS","M","?","?","$","?","E","R","M","T","?","E","R","M","$","R","BOSS"],"items_purchased_type":["Relic","Card","Relic","Card","Card","Relic"],"build_version":"2020-12-22","purchased_purges":2,"victory":true,"max_hp_per_floor":[80,80,80,80,80,80,80,80,80,80,80,80,80,80,80,80,80,80,80,80,80,80,80,80,80,87,87,87,87,87,87,87,92,92,92,92,92,92,92,92,92,92,92,92,92,92,92,92,92,92],"card_choices":[{"not_picked":["Sever Soul","Headbutt"],"picked":"Shockwave","floor":1},{"not_picked":["Heavy Blade","Cleave"],"picked":"Rampage","floor":3},{"not_picked":["Carnage","Body Slam"],"picked":"Ghostly Armor","floor":4},{"not_picked":["Flex","Iron Wave"],"picked":"Spot Weakness","floor":7},{"not_picked":["Feel No Pain","Clash"],"picked":"Headbutt","floor":10},{"not_picked":["Clothesline","Shrug It Off+1"],"picked":"Impervious+1","floor":12},{"not_picked":["Thunderclap","Entrench+1","Flame Barrier+1"],"picked":"SKIP","floor":14},{"not_picked":["Corruption","Offering+1"],"picked":"Reaper","floor":16},{"not_picked":["Flex+1","Warcry+1"],"picked":"Heavy Blade","floor":18},{"not_picked":["Clash","Warcry+1","Intimidate+1"],"picked":"SKIP","floor":19},{"not_picked":["Clothesline","Shockwave+1","Flex+1"],"picked":"SKIP","floor":20},{"not_picked":["Havoc+1","Clothesline+1","Bludgeon"],"picked":"SKIP","floor":24},{"not_picked":["Clothesline+1","Sever Soul","Iron Wave"],"picked":"SKIP","floor":27},{"not_picked":["Armaments+1","Sever Soul"],"picked":"Flex+1","floor":28},{"not_picked":["Rupture","Armaments+1"],"picked":"Battle Trance+1","floor":30},{"not_picked":["Pommel Strike","Heavy Blade+1"],"picked":"Demon Form","floor":31},{"not_picked":["Feed","Corruption"],"picked":"Berserk","floor":33},{"not_picked":["Twin Strike","Sever Soul+1","Perfected Strike+1"],"picked":"SKIP","floor":35},{"not_picked":["Twin Strike","Burning Pact+1"],"picked":"Heavy Blade+1","floor":36},{"not_picked":["Metallicize","Cleave"],"picked":"Barricade","floor":40},{"not_picked":["Body Slam","Clash","Whirlwind+1"],"picked":"SKIP","floor":42},{"not_picked":["Body Slam","Burning Pact+1"],"picked":"Flex+1","floor":45},{"not_picked":["Anger+1","Power Through+1","Wild Strike+1"],"picked":"SKIP","floor":47}],"player_experience":192824,"relics_obtained":[{"floor":7,"key":"Boot"},{"floor":9,"key":"Regal Pillow"},{"floor":10,"key":"Vajra"},{"floor":24,"key":"Bag of Preparation"},{"floor":26,"key":"Strawberry"},{"floor":27,"key":"InkBottle"},{"floor":30,"key":"Unceasing Top"},{"floor":36,"key":"Old Coin"},{"floor":39,"key":"Ice Cream"},{"floor":40,"key":"Ornamental Fan"},{"floor":43,"key":"FossilizedHelix"},{"floor":45,"key":"MealTicket"}],"event_choices":[{"cards_removed":["Strike_R"],"damage_healed":0,"gold_gain":0,"player_choice":"Offered Basic","damage_taken":0,"max_hp_gain":0,"max_hp_loss":0,"event_name":"Bonfire Elementals","floor":2,"gold_loss":0},{"damage_healed":0,"gold_gain":0,"player_choice":"Entered Light","damage_taken":16,"max_hp_gain":0,"max_hp_loss":0,"event_name":"Shining Light","floor":5,"gold_loss":0,"cards_upgraded":["Ghostly Armor","Rampage"]},{"cards_removed":["Strike_R"],"damage_healed":0,"gold_gain":0,"player_choice":"Gave Gold","damage_taken":0,"max_hp_gain":0,"max_hp_loss":0,"event_name":"Beggar","floor":21,"gold_loss":75},{"damage_healed":0,"gold_gain":0,"player_choice":"Fight","damage_taken":0,"max_hp_gain":0,"max_hp_loss":0,"event_name":"MindBloom","floor":36,"gold_loss":0},{"damage_healed":0,"gold_gain":0,"player_choice":"Memory 2","damage_taken":5,"max_hp_gain":0,"max_hp_loss":0,"event_name":"SensoryStone","floor":37,"gold_loss":0},{"damage_healed":0,"gold_gain":0,"player_choice":"Fight","damage_taken":0,"max_hp_gain":0,"max_hp_loss":0,"event_name":"Mysterious Sphere","floor":39,"gold_loss":0}],"is_beta":false,"boss_relics":[{"not_picked":["Busted Crown","Coffee Dripper"],"picked":"Philosopher\u0027s Stone"},{"not_picked":["Runic Dome","Empty Cage"],"picked":"SlaversCollar"}],"items_purged_floors":[38,44],"is_endless":false,"potions_floor_spawned":[1,3,12,14,18,28,33,35,39,42,45],"ascension_level":7}}