{"host":"uxq2rly8rxtwffuf","time":1610208664,"event":{"mods":["BaseMod","Koishi","Minty Spire (QoL Compilation)","StSLib","The Judge","The Servant 0.9.4"],"gold_per_floor":[10,29,44,56,56,56,87,87,112,112,131,131,131,149,149,245,245,258,271,271,73,97,132,132,132,203,183,183,133,164,175,175,175,175],"floor_reached":33,"playtime":1391,"items_purged":["Strike_B","Strike_B"],"score":499,"play_id":"4fb93922-7997-48f3-b05e-2f396b24484d","local_time":"20210109191104","is_ascension_mode":true,"campfire_choices":[{"data":"Zap","floor":6,"key":"SMITH"},{"floor":8,"key":"REST"},{"data":"Dualcast","floor":10,"key":"SMITH"},{"floor":13,"key":"REST"},{"data":"Undo","floor":15,"key":"SMITH"},{"floor":24,"key":"REST"},{"floor":28,"key":"REST"},{"floor":32,"key":"REST"}],"circlet_count":0,"master_deck":["AscendersBane","Strike_B","Defend_B","Defend_B+1","Defend_B+1","Zap+1","Dualcast+1","Undo+1","Cold Snap","Doom and Gloom","FTL","Chill","Conserve Battery","Rainbow","Redo","Sunder","Doom and Gloom","Genetic Algorithm","Cold Snap"],"relics":["Cracked Core","Smiling Mask","Omamori","Bloody Idol","Nuclear Battery","War Paint","PreservedInsect","Juzu Bracelet","Symbiotic Virus","Happy Flower"],"acts_visited":["Exordium","TheCity"],"potions_floor_usage":[3,4,16,18,30,33,33],"damage_taken":[{"damage":0,"enemies":"2 Louse","floor":1,"turns":3},{"damage":7,"enemies":"Jaw Worm","floor":2,"turns":4},{"damage":12,"enemies":"Small Slimes","floor":3,"turns":3},{"damage":6,"enemies":"2 Fungi Beasts","floor":4,"turns":4},{"damage":13,"enemies":"Lagavulin","floor":7,"turns":5},{"damage":2,"enemies":"Red Slaver","floor":11,"turns":3},{"damage":0,"enemies":"Lots of Slimes","floor":14,"turns":3},{"damage":9,"enemies":"The Guardian","floor":16,"turns":13},{"damage":31,"enemies":"2 Thieves","floor":18,"turns":4},{"damage":0,"enemies":"3 Byrds","floor":19,"turns":3},{"damage":7,"enemies":"Snecko","floor":22,"turns":5},{"damage":10,"enemies":"Slavers","floor":23,"turns":4},{"damage":33,"enemies":"Book of Stabbing","floor":30,"turns":5},{"damage":11,"enemies":"Snake Plant","floor":31,"turns":3},{"damage":52,"enemies":"Collector","floor":33,"turns":7}],"seed_played":"7772311038033661286","potions_obtained":[{"floor":1,"key":"Energy Potion"},{"floor":3,"key":"Energy Potion"},{"floor":7,"key":"GamblersBrew"},{"floor":14,"key":"EssenceOfDarkness"},{"floor":23,"key":"FocusPotion"},{"floor":27,"key":"EssenceOfDarkness"},{"floor":31,"key":"Block Potion"}],"is_trial":false,"path_per_floor":["M","M","M","M","?","R","E","R","T","R","M","?","R","M","R","B",null,"M","M","?","$","M","E","R","?","T","?","R","$","E","M","R","B"],"character_chosen":"DEFECT","items_purchased":["PreservedInsect"],"campfire_rested":5,"item_purchase_floors":[21],"current_hp_per_floor":[64,57,45,39,39,39,26,47,47,47,45,21,42,42,42,33,62,31,31,31,31,24,14,35,35,40,40,61,61,33,27,48,0,0],"gold":175,"neow_bonus":"REMOVE_TWO","is_daily":false,"chose_seed":false,"campfire_upgraded":3,"win_rate":0.0,"timestamp":1610208664,"path_taken":["M","M","M","M","?","R","E","R","T","R","M","?","R","M","R","BOSS","M","M","?","$","M","E","R","?","T","?","R","$","E","M","R","BOSS"],"items_purchased_type":["Relic"],"build_version":"2020-12-22","purchased_purges":2,"victory":false,"max_hp_per_floor":[71,71,71,71,71,71,71,71,71,71,71,71,71,71,71,71,71,71,71,71,71,71,71,71,71,71,71,71,71,71,71,71,71,71],"card_choices":[{"not_picked":["Auto Shields","Skim"],"picked":"Undo","floor":1},{"not_picked":["Sweeping Beam","Tempest"],"picked":"Cold Snap","floor":2},{"not_picked":["Turbo","Leap"],"picked":"Doom and Gloom","floor":3},{"not_picked":["Chaos","Hologram"],"picked":"FTL","floor":4},{"not_picked":["Ball Lightning","Meteor Strike"],"picked":"Chill","floor":7},{"not_picked":["Stack","Steam"],"picked":"Conserve Battery","floor":11},{"not_picked":["Rebound","Sweeping Beam","Coolheaded"],"picked":"SKIP","floor":14},{"not_picked":["Buffer","Echo Form"],"picked":"Rainbow","floor":16},{"not_picked":["Streamline","Steam","Barrage"],"picked":"SKIP","floor":18},{"not_picked":["Turbo","Sweeping Beam"],"picked":"Redo","floor":19},{"not_picked":["Rebound","Leap"],"picked":"Sunder","floor":22},{"not_picked":["Undo","Rip and Tear"],"picked":"Doom and Gloom","floor":23},{"not_picked":["Beam Cell","Lockon"],"picked":"Genetic Algorithm","floor":30},{"not_picked":["Reprogram","BootSequence"],"picked":"Cold Snap","floor":31}],"player_experience":1396053,"relics_obtained":[{"floor":7,"key":"Smiling Mask"},{"floor":9,"key":"Omamori"},{"floor":23,"key":"Juzu Bracelet"},{"floor":26,"key":"Symbiotic Virus"},{"floor":30,"key":"Happy Flower"}],"event_choices":[{"damage_healed":0,"gold_gain":0,"player_choice":"Ignored","damage_taken":0,"max_hp_gain":0,"max_hp_loss":0,"event_name":"Liars Game","floor":5,"gold_loss":0},{"damage_healed":0,"gold_gain":0,"player_choice":"Take Damage","damage_taken":24,"relics_obtained":["Golden Idol"],"max_hp_gain":0,"max_hp_loss":0,"event_name":"Golden Idol","floor":12,"gold_loss":0},{"damage_healed":0,"gold_gain":0,"player_choice":"Opened","damage_taken":0,"relics_obtained":["War Paint"],"max_hp_gain":0,"max_hp_loss":0,"event_name":"The Mausoleum","floor":20,"gold_loss":0,"cards_obtained":["Writhe"]},{"damage_healed":0,"gold_gain":0,"player_choice":"Gave Idol","damage_taken":0,"relics_obtained":["Bloody Idol"],"max_hp_gain":0,"max_hp_loss":0,"event_name":"Forgotten Altar","floor":25,"relics_lost":["Golden Idol"],"gold_loss":0},{"damage_healed":0,"gold_gain":0,"player_choice":"Bought 1 Potion","damage_taken":0,"max_hp_gain":0,"max_hp_loss":0,"event_name":"The Woman in Blue","floor":27,"gold_loss":0}],"is_beta":false,"boss_relics":[{"not_picked":["FrozenCore","Sozu"],"picked":"Nuclear Battery"}],"items_purged_floors":[21,29],"is_endless":false,"potions_floor_spawned":[1,3,7,14,23,31],"killed_by":"Collector","ascension_level":15}}