{"host":"32dedufnxebqtmo3","time":1610166345,"event":{"mods":["AchievementEnabler","BaseMod","Better Third Choice","Card Filter","Colored Powertips","Defuse TimeMaze Blight","GifTheSpireLib","Hermit","Minty Spire (QoL Compilation)","Permanent Neow","Relic Filter","Relic Stats","Remove Card Discount Mod","Shop Mod","StSLib","The Cursed","Unceasing Turn Reminder"],"gold_per_floor":[118,128,147,26,45,45,370,370,370,370,426,438,438,472,472,571,571,590,440,450,468,482,482,482],"floor_reached":23,"playtime":2328,"items_purged":[],"score":203,"play_id":"fda2dd38-516b-42a9-bbb9-4f29ce0fb6c4","local_time":"20210108202545","is_ascension_mode":false,"campfire_choices":[{"data":"hermit:CalledShot","floor":6.0,"key":"SMITH"},{"data":"hermit:Vantage","floor":8.0,"key":"SMITH"},{"floor":13.0,"key":"REST"},{"floor":15.0,"key":"REST"}],"circlet_count":0,"master_deck":["hermit:Strike_Hermit","hermit:Strike_Hermit","hermit:Defend_Hermit","hermit:Defend_Hermit","hermit:Defend_Hermit","hermit:Defend_Hermit","hermit:Snapshot","hermit:Covet","Decay","hermit:Gambit","hermit:EyeOfTheStorm","hermit:Vantage+1","hermit:BodyArmor","hermit:Misfire","hermit:ShadowCloak","hermit:HighCaliber","hermit:CalledShot+1","hermit:SprayPray","Metallicize","hermit:Headshot","hermit:CalledShot","hermit:SprayPray+1","hermit:FlashPowder","hermit:CalledShot+1","hermit:Quickdraw+1"],"relics":["hermit:ClaspedLocket","Old Coin","Shuriken","Anchor","Omamori"],"acts_visited":["Exordium","TheCity"],"potions_floor_usage":[23,23],"damage_taken":[{"damage":0.0,"enemies":"2 Louse","floor":1.0,"turns":3.0},{"damage":0.0,"enemies":"Jaw Worm","floor":2.0,"turns":3.0},{"damage":0.0,"enemies":"Small Slimes","floor":3.0,"turns":2.0},{"damage":1.0,"enemies":"Exordium Thugs","floor":5.0,"turns":7.0},{"damage":35.0,"enemies":"Gremlin Nob","floor":7.0,"turns":5.0},{"damage":0.0,"enemies":"Blue Slaver","floor":12.0,"turns":1.0},{"damage":12.0,"enemies":"Lagavulin","floor":14.0,"turns":5.0},{"damage":32,"enemies":"Hexaghost","floor":16,"turns":10},{"damage":0,"enemies":"Spheric Guardian","floor":18,"turns":3},{"damage":0,"enemies":"3 Byrds","floor":20,"turns":5},{"damage":9,"enemies":"Centurion and Healer","floor":21,"turns":10},{"damage":20,"enemies":"3 Cultists","floor":22,"turns":8},{"damage":68,"enemies":"Gremlin Leader","floor":23,"turns":10}],"seed_played":"3294177925246993091","potions_obtained":[{"floor":2.0,"key":"CultistPotion"},{"floor":5.0,"key":"PowerPotion"},{"floor":7.0,"key":"SkillPotion"},{"floor":16,"key":"EssenceOfSteel"}],"is_trial":false,"path_per_floor":["M","M","M","$","M","R","E","R","T","?","?","M","R","E","R","B",null,"M","?","M","M","M","E"],"character_chosen":"HERMIT","items_purchased":["hermit:ShadowCloak","hermit:HighCaliber"],"campfire_rested":2,"item_purchase_floors":[4,4],"current_hp_per_floor":[75,75,75,75,74,74,39,39,39,12,12,12,34,22,44,12,75,75,75,75,68,50,0,0],"gold":482,"neow_bonus":"TRANSFORM_TWO_CARDS","is_daily":false,"chose_seed":false,"campfire_upgraded":2,"win_rate":0.0,"timestamp":1610166345,"path_taken":["M","M","M","$","M","R","E","R","T","?","?","M","R","E","R","BOSS","M","?","M","M","M","E"],"items_purchased_type":["Card","Card"],"build_version":"2020-12-22","purchased_purges":0,"victory":false,"max_hp_per_floor":[75,75,75,75,75,75,75,75,75,75,75,75,75,75,75,75,75,75,75,75,75,75,75,75],"relic_stats":{"counters":[13,72],"Shuriken":[20],"obtain_stats":[{"Anchor":14,"hermit:ClaspedLocket":17,"Shuriken":9,"Omamori":19,"hermit:Momento":0,"Old Coin":7},{"Anchor":7,"hermit:ClaspedLocket":8,"Shuriken":5,"Omamori":9,"hermit:Momento":0,"Old Coin":5},{"Anchor":26,"hermit:ClaspedLocket":36,"Shuriken":20,"Omamori":39,"hermit:Momento":0,"Old Coin":20}]},"card_choices":[{"not_picked":["hermit:Snipe","hermit:Feint"],"picked":"hermit:Vantage","floor":1.0},{"not_picked":["hermit:Glare","hermit:LoneWolf"],"picked":"hermit:BodyArmor","floor":2.0},{"not_picked":["hermit:EyeOfTheStorm","hermit:Malice"],"picked":"hermit:Misfire","floor":3.0},{"not_picked":["hermit:Misfire","hermit:Gestalt"],"picked":"hermit:CalledShot","floor":5.0},{"not_picked":["hermit:EyeOfTheStorm","hermit:DeadMansHand"],"picked":"hermit:SprayPray","floor":7.0},{"not_picked":["hermit:EyeOfTheStorm","hermit:Midnight"],"picked":"hermit:Headshot","floor":12.0},{"not_picked":["hermit:Purgatory","hermit:EyeOfTheStorm"],"picked":"hermit:CalledShot","floor":14.0},{"not_picked":["hermit:HoleUp","hermit:ItchyTrigger"],"picked":"hermit:SprayPray+1","floor":18},{"not_picked":["hermit:Roulette","hermit:Snipe"],"picked":"hermit:FlashPowder","floor":20},{"not_picked":["hermit:ItchyTrigger+1","hermit:TakeCover+1"],"picked":"hermit:CalledShot+1","floor":21},{"not_picked":["hermit:Misfire","hermit:Ricochet"],"picked":"hermit:Quickdraw+1","floor":22}],"player_experience":679394,"relics_obtained":[{"floor":7.0,"key":"Old Coin"},{"floor":9.0,"key":"Shuriken"},{"floor":14.0,"key":"Anchor"}],"event_choices":[{"damage_healed":0.0,"max_hp_gain":0.0,"max_hp_loss":0.0,"gold_gain":1.0,"event_name":"betterThird:BetterScrap","player_choice":"Card ","floor":10.0,"gold_loss":0.0,"damage_taken":27.0,"cards_obtained":["Metallicize","SpiritShield"]},{"damage_healed":0.0,"max_hp_gain":0.0,"max_hp_loss":0.0,"gold_gain":56.0,"event_name":"Golden Wing","player_choice":"Gained Gold","floor":11.0,"gold_loss":0.0,"damage_taken":0.0},{"damage_healed":0,"gold_gain":0,"player_choice":"Paid Gold","damage_taken":0,"relics_obtained":["Omamori"],"max_hp_gain":0,"max_hp_loss":0,"event_name":"WeMeetAgain","floor":19,"gold_loss":150}],"is_beta":false,"boss_relics":[{"not_picked":["Astrolabe","Tiny House"],"picked":"hermit:ClaspedLocket"}],"items_purged_floors":[],"is_endless":false,"potions_floor_spawned":[2,5,7,16,20],"killed_by":"Gremlin Leader","ascension_level":0}}