{"host":"840yoaz69lavfcgt","time":1610164759,"event":{"mods":["BaseMod","Colored Powertips","DeckTracker","Highlight Path","Minty Spire (QoL Compilation)","Synergy Search"],"gold_per_floor":[113,188,200,200,215,248,248,4,4,14,38,50,4,37,37,138,138,150,150,150,163,163,178,195,195,195,228,248,94,94,114,114,212,212,222,222,222,238,238,238,253,253,279,44,58,69,98,114,114,114,114],"floor_reached":50,"playtime":3808,"items_purged":["Shame"],"score":579,"play_id":"27fd21a9-9e27-47df-9b85-eb117bc91353","local_time":"20210108225919","is_ascension_mode":false,"campfire_choices":[{"floor":7.0,"key":"REST"},{"floor":15.0,"key":"REST"},{"data":"Collect","floor":30.0,"key":"SMITH"},{"data":"LessonLearned","floor":32.0,"key":"SMITH"},{"floor":40.0,"key":"REST"},{"data":"LessonLearned","floor":42.0,"key":"SMITH"},{"data":"Prostrate","floor":49,"key":"SMITH"}],"circlet_count":0,"master_deck":["Defend_P","Defend_P","Defend_P","Eruption","Vigilance","Prostrate+1","Collect+1","Wallop","Prostrate","Consecrate+1","Swivel","Consecrate","FollowUp","Consecrate","Brilliance","LessonLearned+1","Prostrate+1","Prostrate+1","Collect+1","CrushJoints","Bite","Bite","Bite","Bite","Bite","ReachHeaven","SashWhip+1","Worship+1","Halt+1","LessonLearned+1","ReachHeaven+1","Protect+1","BowlingBash+1","Brilliance","Brilliance","FollowUp","Protect+1","Prostrate+1"],"relics":["HolyWater","NeowsBlessing","Letter Opener","Bronze Scales","Damaru","Toxic Egg 2","Omamori","Vajra","Cursed Key","Darkstone Periapt","Oddly Smooth Stone","Lee\u0027s Waffle","Bag of Preparation","Bag of Marbles"],"acts_visited":["Exordium","TheCity","TheBeyond"],"potions_floor_usage":[47,47,50,50],"damage_taken":[{"damage":0.0,"enemies":"Cultist","floor":1.0,"turns":1.0},{"damage":0.0,"enemies":"2 Louse","floor":3.0,"turns":1.0},{"damage":0.0,"enemies":"Jaw Worm","floor":5.0,"turns":1.0},{"damage":41.0,"enemies":"Gremlin Nob","floor":6.0,"turns":5.0},{"damage":0.0,"enemies":"Exordium Wildlife","floor":10.0,"turns":4.0},{"damage":5.0,"enemies":"Large Slime","floor":12.0,"turns":5.0},{"damage":10.0,"enemies":"3 Sentries","floor":14.0,"turns":4.0},{"damage":12.0,"enemies":"Hexaghost","floor":16.0,"turns":6.0},{"damage":17.0,"enemies":"Spheric Guardian","floor":18.0,"turns":5.0},{"damage":17.0,"enemies":"2 Thieves","floor":21.0,"turns":3.0},{"damage":11.0,"enemies":"Centurion and Healer","floor":23.0,"turns":6.0},{"damage":11.0,"enemies":"3 Cultists","floor":24.0,"turns":5.0},{"damage":19.0,"enemies":"Gremlin Leader","floor":27.0,"turns":3.0},{"damage":4.0,"enemies":"Snecko","floor":28.0,"turns":4.0},{"damage":0.0,"enemies":"Shelled Parasite and Fungi","floor":31.0,"turns":2.0},{"damage":62.0,"enemies":"Automaton","floor":33.0,"turns":10.0},{"damage":43.0,"enemies":"3 Darklings","floor":35.0,"turns":5.0},{"damage":15.0,"enemies":"3 Shapes","floor":38.0,"turns":4.0},{"damage":20.0,"enemies":"3 Darklings","floor":41.0,"turns":3.0},{"damage":3.0,"enemies":"Transient","floor":45.0,"turns":5.0},{"damage":7.0,"enemies":"Maw","floor":46.0,"turns":6.0},{"damage":2,"enemies":"Giant Head","floor":47,"turns":6},{"damage":9,"enemies":"3 Darklings","floor":48,"turns":4},{"damage":64,"enemies":"Donu and Deca","floor":50,"turns":6}],"seed_played":"8814882775576862237","potions_obtained":[{"floor":1.0,"key":"Regen Potion"},{"floor":5.0,"key":"Explosive Potion"},{"floor":14.0,"key":"Swift Potion"},{"floor":18.0,"key":"EssenceOfSteel"},{"floor":23.0,"key":"BottledMiracle"},{"floor":24.0,"key":"AttackPotion"},{"floor":25.0,"key":"DuplicationPotion"},{"floor":25.0,"key":"FearPotion"},{"floor":28.0,"key":"LiquidBronze"},{"floor":35.0,"key":"Regen Potion"},{"floor":38.0,"key":"Dexterity Potion"},{"floor":48,"key":"FearPotion"}],"is_trial":false,"path_per_floor":["M","?","M","?","M","E","R","$","T","M","T","M","$","E","R","B",null,"M","?","?","M","?","M","M","?","T","E","M","$","R","M","R","B",null,"M","?","?","M","?","R","M","R","T","$","M","M","E","M","R","B"],"character_chosen":"WATCHER","items_purchased":["Damaru","Consecrate","Swivel","Consecrate","Lee\u0027s Waffle","Brilliance"],"campfire_rested":3,"item_purchase_floors":[8,8,8,13,29,44],"current_hp_per_floor":[72,65,65,53,53,12,33,33,33,33,33,28,28,30,51,39,72,55,55,55,38,38,39,32,32,32,15,15,57,57,57,57,7,57,20,20,20,23,37,54,36,36,42,42,49,50,56,53,53,0,0],"gold":114,"neow_bonus":"THREE_ENEMY_KILL","is_daily":false,"chose_seed":false,"campfire_upgraded":4,"win_rate":0.0,"timestamp":1610164759,"path_taken":["M","?","?","?","M","E","R","?","T","M","?","M","$","E","R","BOSS","M","?","?","M","?","M","M","?","T","E","?","$","R","M","R","BOSS","M","?","?","?","?","R","M","R","T","$","M","M","E","M","R","BOSS"],"items_purchased_type":["Relic","Card","Card","Card","Relic","Card"],"build_version":"2020-12-22","purchased_purges":1,"victory":false,"max_hp_per_floor":[72,72,72,72,72,72,72,72,72,72,72,72,72,72,72,72,72,72,72,72,72,50,50,50,50,50,50,50,57,57,57,57,57,57,57,57,57,57,57,57,57,57,63,63,63,63,63,63,63,63,63],"card_choices":[{"not_picked":["ThirdEye","ClearTheMind"],"picked":"Prostrate","floor":1.0},{"not_picked":["Indignation","SignatureMove"],"picked":"Collect","floor":3.0},{"not_picked":["ForeignInfluence","EmptyFist"],"picked":"Wallop","floor":5.0},{"not_picked":["Consecrate","ConjureBlade"],"picked":"Prostrate","floor":6.0},{"not_picked":["JustLucky","EmptyBody+1"],"picked":"Consecrate","floor":10.0},{"not_picked":["BowlingBash","ThirdEye+1"],"picked":"FollowUp","floor":12.0},{"not_picked":["Nirvana","Omniscience+1"],"picked":"Brilliance","floor":14.0},{"not_picked":["Establishment","ConjureBlade+1"],"picked":"LessonLearned","floor":16.0},{"not_picked":["FlyingSleeves+1","JustLucky"],"picked":"Prostrate+1","floor":18.0},{"not_picked":["CrushJoints","Pray+1","InnerPeace+1"],"picked":"SKIP","floor":21.0},{"not_picked":["Pray+1","InnerPeace+1"],"picked":"CrushJoints","floor":21.0},{"not_picked":["Consecrate","FollowUp"],"picked":"ReachHeaven","floor":23.0},{"not_picked":["Protect+1","ForeignInfluence+1"],"picked":"SashWhip+1","floor":24.0},{"not_picked":["Wish+1","CrushJoints"],"picked":"Halt+1","floor":27.0},{"not_picked":["FollowUp","JustLucky+1"],"picked":"Worship+1","floor":28.0},{"not_picked":["WreathOfFlame+1","EmptyBody+1"],"picked":"Halt+1","floor":31.0},{"not_picked":["Wish+1","DevaForm"],"picked":"LessonLearned","floor":33.0},{"not_picked":["ClearTheMind+1","Crescendo+1"],"picked":"ReachHeaven","floor":35.0},{"not_picked":["EmptyBody+1","FlurryOfBlows+1"],"picked":"Protect+1","floor":38.0},{"not_picked":["PathToVictory+1","EmptyBody+1"],"picked":"BowlingBash+1","floor":41.0},{"not_picked":["ClearTheMind+1","Vengeance+1"],"picked":"Brilliance","floor":45.0},{"not_picked":["EmptyBody+1","InnerPeace+1"],"picked":"FollowUp","floor":46.0},{"not_picked":["FearNoEvil","Crescendo+1"],"picked":"Protect+1","floor":47},{"not_picked":["PathToVictory+1","Establishment"],"picked":"Prostrate+1","floor":48}],"player_experience":163538,"relics_obtained":[{"floor":6.0,"key":"Bronze Scales"},{"floor":9.0,"key":"Toxic Egg 2"},{"floor":11.0,"key":"Omamori"},{"floor":14.0,"key":"Vajra"},{"floor":26.0,"key":"Darkstone Periapt"},{"floor":27.0,"key":"Oddly Smooth Stone"},{"floor":43.0,"key":"Bag of Preparation"},{"floor":47,"key":"Bag of Marbles"}],"event_choices":[{"damage_healed":0.0,"max_hp_gain":0.0,"max_hp_loss":0.0,"gold_gain":75.0,"event_name":"FaceTrader","player_choice":"Touch","floor":2.0,"gold_loss":0.0,"damage_taken":7.0},{"damage_healed":0.0,"max_hp_gain":0.0,"max_hp_loss":0.0,"gold_gain":0.0,"event_name":"Scrap Ooze","player_choice":"Success","floor":4.0,"gold_loss":0.0,"damage_taken":12.0,"relics_obtained":["Letter Opener"]},{"damage_healed":0.0,"max_hp_gain":0.0,"max_hp_loss":0.0,"gold_gain":0.0,"event_name":"The Library","player_choice":"Read","floor":19.0,"gold_loss":0.0,"damage_taken":0.0,"cards_obtained":["Prostrate"]},{"damage_healed":0.0,"max_hp_gain":0.0,"max_hp_loss":0.0,"gold_gain":0.0,"cards_transformed":["Strike_P","Defend_P"],"event_name":"Drug Dealer","player_choice":"Became Test Subject","floor":20.0,"gold_loss":0.0,"damage_taken":0.0,"cards_obtained":["Adaptation","Collect"]},{"damage_healed":0.0,"max_hp_gain":0.0,"max_hp_loss":22.0,"gold_gain":0.0,"event_name":"Vampires","player_choice":"Became a vampire","floor":22.0,"gold_loss":0.0,"damage_taken":0.0,"cards_obtained":["Bite","Bite","Bite","Bite","Bite"]},{"damage_healed":0.0,"max_hp_gain":0.0,"max_hp_loss":0.0,"gold_gain":0.0,"event_name":"Lab","player_choice":"Got Potions","floor":25.0,"gold_loss":0.0,"damage_taken":0.0},{"cards_removed":["Adaptation"],"damage_healed":0.0,"max_hp_gain":0.0,"max_hp_loss":0.0,"gold_gain":0.0,"event_name":"Falling","player_choice":"Removed Power","floor":36.0,"gold_loss":0.0,"damage_taken":0.0},{"cards_removed":["Halt"],"damage_healed":0.0,"max_hp_gain":0.0,"max_hp_loss":0.0,"gold_gain":0.0,"event_name":"Wheel of Change","player_choice":"Card Removal","floor":37.0,"gold_loss":0.0,"damage_taken":0.0},{"damage_healed":14.0,"max_hp_gain":0.0,"max_hp_loss":0.0,"gold_gain":0.0,"event_name":"Winding Halls","player_choice":"Writhe","floor":39.0,"gold_loss":0.0,"damage_taken":0.0,"cards_obtained":["Writhe"]}],"is_beta":false,"boss_relics":[{"not_picked":["Fusion Hammer","Runic Dome"],"picked":"Cursed Key"},{"not_picked":["Busted Crown","SacredBark"],"picked":"HolyWater"}],"items_purged_floors":[44],"is_endless":false,"potions_floor_spawned":[1,5,14,18,23,24,28,35,38,46,48],"killed_by":"Donu and Deca","ascension_level":0}}