{"host":"ad59wuc8ynh8u2z6","time":1610194525,"event":{"mods":["AchievementEnabler","BaseMod","Colored Powertips","DeckTracker","Highlight Path","Minty Spire (QoL Compilation)","Permanent Neow"],"gold_per_floor":[109,127,139,155,4,4,32,48,48,77,97,129,129,139,139,234,234,249,108,119,119,138,166,184,184,262,287,304,324,324,352,352,452,452,471,471,487,182,197,228,238,265,265,265,294,294,319,333,333,333],"floor_reached":51,"playtime":2582,"items_purged":["Strike_B","Strike_B","Strike_B"],"score":1022,"play_id":"bb59d8d1-bcc7-4c60-878c-80637bae5eac","local_time":"20210109131525","is_ascension_mode":true,"campfire_choices":[{"data":"Genetic Algorithm","floor":6.0,"key":"SMITH"},{"data":"Defragment","floor":13.0,"key":"SMITH"},{"data":"Seek","floor":15.0,"key":"SMITH"},{"data":"Defragment","floor":25.0,"key":"SMITH"},{"data":"Self Repair","floor":30.0,"key":"SMITH"},{"data":"Zap","floor":32.0,"key":"SMITH"},{"data":"Fission","floor":44,"key":"SMITH"},{"data":"FTL","floor":46,"key":"SMITH"},{"data":"Glacier","floor":49,"key":"SMITH"}],"circlet_count":0,"master_deck":["Strike_B","Defend_B","Defend_B","Defend_B","Defend_B","Zap+1","Dualcast","Seek+1","Cold Snap","Self Repair+1","Genetic Algorithm+1","Defragment+1","FTL+1","Ball Lightning+1","Ball Lightning+1","Go for the Eyes+1","Lockon+1","Echo Form","Hologram+1","Defragment+1","Glacier+1","Defragment+1","Glacier+1","Electrodynamics+1","Fission+1","Storm+1","Machine Learning+1"],"relics":["Cracked Core","Letter Opener","Molten Egg 2","Boot","Lizard Tail","Runic Pyramid","Bottled Flame","Bottled Tornado","Frozen Egg 2","Mummified Hand","Coffee Dripper","Potion Belt","Pen Nib","Strawberry","Gremlin Horn","HornCleat","White Beast Statue"],"acts_visited":["Exordium","TheCity","TheBeyond"],"potions_floor_usage":[50,50,50,50],"damage_taken":[{"damage":1.0,"enemies":"Cultist","floor":1.0,"turns":3.0},{"damage":4.0,"enemies":"Jaw Worm","floor":2.0,"turns":3.0},{"damage":0.0,"enemies":"Small Slimes","floor":3.0,"turns":2.0},{"damage":12.0,"enemies":"Looter","floor":4.0,"turns":3.0},{"damage":17.0,"enemies":"3 Sentries","floor":7.0,"turns":14.0},{"damage":0.0,"enemies":"2 Fungi Beasts","floor":8.0,"turns":4.0},{"damage":12.0,"enemies":"Gremlin Nob","floor":10.0,"turns":4.0},{"damage":5.0,"enemies":"Gremlin Gang","floor":11.0,"turns":3.0},{"damage":7.0,"enemies":"3 Sentries","floor":12.0,"turns":5.0},{"damage":3.0,"enemies":"Blue Slaver","floor":14.0,"turns":2.0},{"damage":25.0,"enemies":"Hexaghost","floor":16.0,"turns":6.0},{"damage":15.0,"enemies":"Shell Parasite","floor":18.0,"turns":3.0},{"damage":0.0,"enemies":"Spheric Guardian","floor":20.0,"turns":3.0},{"damage":6.0,"enemies":"Chosen and Byrds","floor":22.0,"turns":5.0},{"damage":40.0,"enemies":"Slavers","floor":23.0,"turns":6.0},{"damage":13.0,"enemies":"Shelled Parasite and Fungi","floor":24.0,"turns":5.0},{"damage":8.0,"enemies":"Gremlin Leader","floor":27.0,"turns":8.0},{"damage":5.0,"enemies":"Sentry and Sphere","floor":28.0,"turns":6.0},{"damage":13.0,"enemies":"3 Cultists","floor":29.0,"turns":7.0},{"damage":37.0,"enemies":"Slavers","floor":31.0,"turns":7.0},{"damage":0.0,"enemies":"Collector","floor":33.0,"turns":7.0},{"damage":0.0,"enemies":"3 Shapes","floor":35.0,"turns":3.0},{"damage":7.0,"enemies":"3 Darklings","floor":37.0,"turns":4.0},{"damage":0.0,"enemies":"Maw","floor":39.0,"turns":4.0},{"damage":2.0,"enemies":"Reptomancer","floor":40.0,"turns":4.0},{"damage":12,"enemies":"Writhing Mass","floor":41,"turns":4},{"damage":0,"enemies":"Nemesis","floor":42,"turns":3},{"damage":8,"enemies":"Giant Head","floor":45,"turns":5},{"damage":8,"enemies":"Reptomancer","floor":47,"turns":4},{"damage":11,"enemies":"Sphere and 2 Shapes","floor":48,"turns":2},{"damage":0,"enemies":"Time Eater","floor":50,"turns":3}],"seed_played":"5924171475423837540","potions_obtained":[{"floor":1.0,"key":"SkillPotion"},{"floor":2.0,"key":"AttackPotion"},{"floor":7.0,"key":"Ancient Potion"},{"floor":12.0,"key":"Fire Potion"},{"floor":14.0,"key":"Dexterity Potion"},{"floor":18.0,"key":"PotionOfCapacity"},{"floor":24.0,"key":"PowerPotion"},{"floor":35.0,"key":"EssenceOfSteel"},{"floor":41,"key":"SpeedPotion"},{"floor":45,"key":"ColorlessPotion"},{"floor":48,"key":"PowerPotion"}],"is_trial":false,"path_per_floor":["M","M","M","M","$","R","E","M","T","E","M","E","R","M","R","B",null,"M","$","M","?","M","E","M","R","T","E","M","M","R","E","R","B",null,"M","?","M","$","M","E","M","E","T","R","E","R","E","M","R","B",null],"character_chosen":"DEFECT","items_purchased":["Defragment","Defragment","Storm+1","Potion Belt"],"campfire_rested":0,"item_purchase_floors":[5,19,38,38],"current_hp_per_floor":[74,70,70,65,65,65,55,62,62,57,59,52,52,56,56,38,75,67,67,74,74,75,49,50,50,50,56,65,66,66,49,49,59,75,75,75,75,75,75,75,73,82,82,82,82,82,82,71,71,71],"gold":333,"neow_bonus":"ONE_RANDOM_RARE_CARD","is_daily":false,"chose_seed":false,"campfire_upgraded":9,"win_rate":0.0,"timestamp":1610194525,"path_taken":["M","M","M","M","?","R","E","M","T","E","M","E","R","M","R","BOSS","M","$","M","?","M","E","?","R","T","E","M","M","R","E","R","BOSS","M","?","M","$","M","E","M","E","T","R","E","R","E","M","R","BOSS"],"items_purchased_type":["Card","Card","Card","Relic"],"build_version":"2020-12-22","purchased_purges":3,"victory":true,"max_hp_per_floor":[75,75,75,75,75,75,75,75,75,75,75,75,75,75,75,75,75,75,75,75,75,75,75,75,75,75,75,75,75,75,75,75,75,75,75,75,75,75,75,75,75,82,82,82,82,82,82,82,82,82],"card_choices":[{"not_picked":["Coolheaded","Beam Cell"],"picked":"Cold Snap","floor":1.0},{"not_picked":["Conserve Battery","Rebound"],"picked":"Self Repair","floor":2.0},{"not_picked":["Static Discharge","All For One"],"picked":"Genetic Algorithm","floor":3.0},{"not_picked":["Steam","Undo","Hologram"],"picked":"SKIP","floor":4.0},{"not_picked":["Gash","Sweeping Beam","Sunder"],"picked":"SKIP","floor":7.0},{"not_picked":["FTL","Streamline","Beam Cell"],"picked":"SKIP","floor":8.0},{"not_picked":["Streamline","Beam Cell"],"picked":"FTL","floor":8.0},{"not_picked":["Aggregate","Lockon+1"],"picked":"Ball Lightning+1","floor":10.0},{"not_picked":["Fusion","Beam Cell+1"],"picked":"Ball Lightning+1","floor":11.0},{"not_picked":["Go for the Eyes+1","Rebound+1","Reprogram"],"picked":"SKIP","floor":12.0},{"not_picked":["Rebound+1","Reprogram"],"picked":"Go for the Eyes+1","floor":12.0},{"not_picked":["Streamline+1","Heatsinks"],"picked":"Lockon+1","floor":14.0},{"not_picked":["Reboot","All For One+1"],"picked":"Echo Form","floor":16.0},{"not_picked":["Reprogram+1","Coolheaded"],"picked":"Hologram+1","floor":18.0},{"not_picked":["Steam Power+1","White Noise","Scrape+1"],"picked":"SKIP","floor":20.0},{"not_picked":["Streamline+1","BootSequence","Ball Lightning+1"],"picked":"SKIP","floor":22.0},{"not_picked":["Beam Cell+1","Thunder Strike+1"],"picked":"Glacier","floor":23.0},{"not_picked":["Streamline+1","Genetic Algorithm"],"picked":"Defragment","floor":24.0},{"not_picked":["Beam Cell+1","Buffer+1"],"picked":"Glacier+1","floor":27.0},{"not_picked":["Compile Driver+1","Doom and Gloom+1","Streamline+1"],"picked":"SKIP","floor":28.0},{"not_picked":["Gash+1","Streamline+1","Darkness"],"picked":"SKIP","floor":29.0},{"not_picked":["Compile Driver+1","Scrape+1"],"picked":"Electrodynamics+1","floor":31.0},{"not_picked":["Thunder Strike+1","Creative AI+1"],"picked":"Fission","floor":33.0},{"not_picked":["Doom and Gloom+1","Streamline+1","Tempest+1"],"picked":"SKIP","floor":35.0},{"not_picked":["Turbo","Hologram","Steam+1"],"picked":"SKIP","floor":37.0},{"not_picked":["Sweeping Beam+1","Cold Snap+1","Redo"],"picked":"SKIP","floor":39.0},{"not_picked":["Steam Power","Beam Cell+1","Rip and Tear+1"],"picked":"SKIP","floor":40.0},{"not_picked":["Steam","Tempest+1","Hello World+1"],"picked":"SKIP","floor":41},{"not_picked":["Tempest+1","Self Repair+1","Redo"],"picked":"SKIP","floor":42},{"not_picked":["Lockon+1","Compile Driver+1","Barrage+1"],"picked":"SKIP","floor":45},{"not_picked":["Go for the Eyes+1","Heatsinks+1"],"picked":"Machine Learning+1","floor":47},{"not_picked":["Rebound+1","Steam","Melter+1"],"picked":"SKIP","floor":48}],"player_experience":51094,"relics_obtained":[{"floor":7.0,"key":"Letter Opener"},{"floor":9.0,"key":"Molten Egg 2"},{"floor":10.0,"key":"Boot"},{"floor":12.0,"key":"Lizard Tail"},{"floor":23.0,"key":"Bottled Flame"},{"floor":26.0,"key":"Bottled Tornado"},{"floor":27.0,"key":"Frozen Egg 2"},{"floor":31.0,"key":"Mummified Hand"},{"floor":40.0,"key":"Pen Nib"},{"floor":42,"key":"Strawberry"},{"floor":43,"key":"Gremlin Horn"},{"floor":45,"key":"HornCleat"},{"floor":47,"key":"White Beast Statue"}],"event_choices":[{"damage_healed":0.0,"max_hp_gain":0.0,"max_hp_loss":0.0,"gold_gain":0.0,"event_name":"Accursed Blacksmith","player_choice":"Forge","floor":21.0,"gold_loss":0.0,"damage_taken":0.0,"cards_upgraded":["Defragment"]},{"damage_healed":0.0,"max_hp_gain":0.0,"max_hp_loss":0.0,"gold_gain":0.0,"event_name":"Tomb of Lord Red Mask","player_choice":"Ignored","floor":36.0,"gold_loss":0.0,"damage_taken":0.0}],"is_beta":false,"boss_relics":[{"not_picked":["Busted Crown","Sozu"],"picked":"Runic Pyramid"},{"not_picked":["Black Star","Empty Cage"],"picked":"Coffee Dripper"}],"items_purged_floors":[5,19,38],"is_endless":false,"potions_floor_spawned":[1,2,7,12,14,18,20,24,28,35,41,45,48],"ascension_level":1}}