{"host":"yii5it3292r9xs7s","time":1610196842,"event":{"mods":["ATMod(阿瑾Mod)","Act Like it!","BaseMod","Better Vampires","Colored Powertips","Energized Spire","Hallownest","Minty Spire (QoL Compilation)","Red Circlet Mod","Relic Stats","RumiaBox-露米娅的神秘盒子","StSLib","The Bug Knight","noobMod","【功能Mod】混沌之环修复补丁","【遗物卡牌】REMEMod","篝火指南"],"gold_per_floor":[116,0,24,24,36,36,54,54,54,79,79,79,99,115,115,214,214,233,233,252,252,162,162,162,186,251,263,285,327,389,418,430,542,554,582,634,660,682,714,742,786,798,880,918,950,1002,1014,1026,166,178],"floor_reached":51,"playtime":2222,"items_purged":["HollowMod:NailStrikeStart"],"score":779,"play_id":"0ce2019c-d497-402b-93c4-95e2bba3e930","local_time":"20210109205402","is_ascension_mode":false,"campfire_choices":[{"data":"AT_Dispersion","floor":6,"key":"SMITH"},{"data":"HollowMod:FastStrike","floor":8,"key":"SMITH"},{"data":"HollowMod:HuntersJournal","floor":15,"key":"SMITH"},{"data":"HollowMod:SlysStrikes","floor":23,"key":"SMITH"},{"floor":32,"key":"REST"},{"floor":42,"key":"REST"}],"circlet_count":0,"master_deck":["HollowMod:NailStrikeStart","HollowMod:NailStrikeStart","HollowMod:QuickDashStart","HollowMod:QuickDashStart","HollowMod:QuickDashStart","HollowMod:QuickDashStart","HollowMod:FocusHealStart","HollowMod:PogoStrike","HollowMod:SoulStrike","AT_Dispersion+1","HollowMod:FastStrike+1","HollowMod:SharpenedNail","HollowMod:DashSlash","HollowMod:HuntersJournal+1","HollowMod:HeavyBlow","HollowMod:SlysStrikes+1","HollowMod:CoiledNail+1","HollowMod:BaldurShell","HollowMod:GreatSlash+1","HollowMod:GoodIntentions","HollowMod:HornetsHelp","AT_EmpoweredMortalDraw","HollowMod:SoulVessel+1","HollowMod:VengefulSpirit+1","HollowMod:MantisMark","HollowMod:QuirrelsAssistance+1","HollowMod:CloakDash","HollowMod:SiblingsSouls","HollowMod:DungDefenderAura","HollowMod:CloakDash","HollowMod:SoulEater"],"relics":["HollowMod:VesselMask","REME_ComplimentaryCards","ice","AT_ATBox","Hallownest:BankAccountRelic","Lantern","Gremlin Horn","PlanX","Hallownest:DreamNailRelic","energizedSpire:NeverEndingSparkler","Hallownest:WatcherSealRelic","Hallownest:StagBellRelic1","MawBank","Bronze Scales","Happy Flower","AT_MortalBlade","HollowMod:StagPassRelic","Mummified Hand","AT_Manta","Hallownest:BeastSealRelic","AT_BellowingDragoncrestRing","Lee\u0027s Waffle","Pen Nib"],"acts_visited":["Hallownest:Greenpath","Hallownest:CityofTears","Hallownest:KingdomsEdge"],"potions_floor_usage":[20,33,33,40,41,50,50,50],"damage_taken":[{"damage":0,"enemies":"Hallownest:monsterHuskGuard","floor":1,"turns":4},{"damage":0,"enemies":"Hallownest:2_Baldur","floor":5,"turns":3},{"damage":0,"enemies":"2_ Uuma","floor":7,"turns":4},{"damage":10,"enemies":"Hallownest:eliteCrystalGuardian","floor":10,"turns":5},{"damage":0,"enemies":"Hallownest:monsterAspidMother","floor":12,"turns":2},{"damage":4,"enemies":"Hallownest:MossCreep_and_Mosskin","floor":13,"turns":5},{"damage":12,"enemies":"Hallownest:Guard_and_Warrior","floor":14,"turns":4},{"damage":23,"enemies":"Hallownest:BossFalseKnight","floor":16,"turns":9},{"damage":10,"enemies":"Hallownest:Guard_and_Sentry","floor":18,"turns":5},{"damage":4,"enemies":"Hallownest:3_Youths","floor":20,"turns":3},{"damage":0,"enemies":"Hallownest:monsterShrumalOgre","floor":25,"turns":3},{"damage":11,"enemies":"Hallownest:Master_and_Novice","floor":28,"turns":3},{"damage":6,"enemies":"Hallownest:Nosk","floor":29,"turns":5},{"damage":15,"enemies":"Hallownest:Glutton_and_Coward","floor":30,"turns":3},{"damage":2,"enemies":"Hallownest:3_Mistakes","floor":31,"turns":5},{"damage":45,"enemies":"Hallownest:BossMantisLord","floor":33,"turns":6},{"damage":24,"enemies":"Hallownest:2_Littles","floor":35,"turns":4},{"damage":0,"enemies":"Hallownest:3_Siblings","floor":37,"turns":1},{"damage":5,"enemies":"Hallownest:Shield_Sturdy","floor":38,"turns":3},{"damage":7,"enemies":"Hallownest:2_Wing_and_1_Kings","floor":39,"turns":4},{"damage":16,"enemies":"Hallownest:Slobbering_and_Violent","floor":40,"turns":4},{"damage":2,"enemies":"Hallownest:StalkingDevout","floor":41,"turns":4},{"damage":14,"enemies":"Hallownest:eliteHiveKnight","floor":44,"turns":4},{"damage":0,"enemies":"Hallownest:Xero_Hu_Marmu","floor":45,"turns":1},{"damage":40,"enemies":"Hallownest:BossHollowKnight","floor":50,"turns":7}],"seed_played":"7194235223874907449","potions_obtained":[{"floor":5,"key":"SpeedPotion"},{"floor":7,"key":"SmokeBomb"},{"floor":13,"key":"Strength Potion"},{"floor":14,"key":"Fire Potion"},{"floor":16,"key":"PowerPotion"},{"floor":25,"key":"Ancient Potion"},{"floor":33,"key":"Regen Potion"},{"floor":35,"key":"LiquidMemories"},{"floor":40,"key":"EssenceOfSteel"},{"floor":41,"key":"REME_GoldPotion"}],"is_trial":false,"path_per_floor":["M","?","T","?","M","R","M","R","T","E","?","M","M","M","R","B",null,"M","?","M","?","?","R","?","M","T","?","M","E","M","M","R","B",null,"M","$","M","M","M","M","E","R","T","E","M","$","?","?","R","B",null],"character_chosen":"THE_BUGKNIGHT","items_purchased":["AT_BellowingDragoncrestRing","Lee\u0027s Waffle","Pen Nib","HollowMod:DungDefenderAura","HollowMod:CloakDash","HollowMod:SoulEater","DuplicationPotion"],"campfire_rested":2,"item_purchase_floors":[49,49,49,49,49,49,49],"current_hp_per_floor":[82,82,82,82,82,82,82,82,82,77,77,77,78,72,72,55,82,72,68,64,64,64,64,64,64,64,64,59,63,48,52,76,37,82,64,64,64,59,58,42,46,70,70,62,62,62,62,62,89,72],"gold":190,"neow_bonus":"TEN_PERCENT_HP_BONUS","is_daily":false,"chose_seed":false,"campfire_upgraded":4,"win_rate":0.0,"timestamp":1610196842,"path_taken":["M","?","?","?","M","R","?","R","T","E","?","M","M","?","R","BOSS","M","?","M","?","?","R","?","?","T","?","M","E","?","M","R","BOSS","M","$","?","M","M","?","E","R","T","E","M","$","?","?","R","BOSS"],"items_purchased_type":["Relic","Relic","Relic","Card","Card","Card","Potion"],"build_version":"2020-12-22","purchased_purges":1,"victory":true,"max_hp_per_floor":[82,82,82,82,82,82,82,82,82,82,82,82,82,82,82,82,82,82,82,82,82,82,82,82,82,82,82,82,82,82,82,82,82,82,82,82,82,82,82,82,82,82,82,82,82,82,82,82,89,89],"relic_stats":{"Lee\u0027s Waffle":27,"Gremlin Horn":[22,22],"Happy Flower":[15],"counters":[25,101],"Mummified Hand":[16],"Bronze Scales":[181],"Pen Nib":[1],"MawBank":324,"obtain_stats":[{"Lantern":3,"Hallownest:StagBellRelic1":22,"Lee\u0027s Waffle":49,"AT_ATBox":0,"Gremlin Horn":9,"Happy Flower":29,"AT_Manta":44,"AT_MortalBlade":34,"HollowMod:VesselMask":0,"Pen Nib":49,"ice":0,"Hallownest:DreamNailRelic":11,"MawBank":24,"HollowMod:StagPassRelic":41,"Hallownest:WatcherSealRelic":21,"AT_BellowingDragoncrestRing":49,"Hallownest:BankAccountRelic":2,"energizedSpire:NeverEndingSparkler":17,"Mummified Hand":43,"PlanX":10,"Bronze Scales":26,"REME_ComplimentaryCards":0,"Hallownest:BeastSealRelic":47},{"Lantern":1,"Hallownest:StagBellRelic1":10,"Lee\u0027s Waffle":24,"AT_ATBox":0,"Gremlin Horn":3,"Happy Flower":13,"AT_Manta":23,"AT_MortalBlade":16,"HollowMod:VesselMask":0,"Pen Nib":24,"ice":0,"Hallownest:DreamNailRelic":4,"MawBank":10,"HollowMod:StagPassRelic":22,"Hallownest:WatcherSealRelic":10,"AT_BellowingDragoncrestRing":24,"Hallownest:BankAccountRelic":1,"energizedSpire:NeverEndingSparkler":8,"Mummified Hand":22,"PlanX":4,"Bronze Scales":11,"REME_ComplimentaryCards":0,"Hallownest:BeastSealRelic":24},{"Lantern":4,"Hallownest:StagBellRelic1":44,"Lee\u0027s Waffle":94,"AT_ATBox":0,"Gremlin Horn":11,"Happy Flower":55,"AT_Manta":93,"AT_MortalBlade":69,"HollowMod:VesselMask":0,"Pen Nib":94,"ice":0,"Hallownest:DreamNailRelic":16,"MawBank":44,"HollowMod:StagPassRelic":89,"Hallownest:WatcherSealRelic":44,"AT_BellowingDragoncrestRing":94,"Hallownest:BankAccountRelic":4,"energizedSpire:NeverEndingSparkler":36,"Mummified Hand":89,"PlanX":16,"Bronze Scales":47,"REME_ComplimentaryCards":0,"Hallownest:BeastSealRelic":94}]},"card_choices":[{"not_picked":["HollowMod:MothsMistake","HollowMod:SharpenedShadows"],"picked":"HollowMod:SoulStrike","floor":1},{"not_picked":["HollowMod:NewGlowingWomb","HollowMod:InfectionAssault","HollowMod:InfectedCysts"],"picked":"SKIP","floor":5},{"not_picked":["HollowMod:ShadowDash","HollowMod:DreamGate"],"picked":"HollowMod:FastStrike","floor":7},{"not_picked":["HollowMod:DoubleDash","HollowMod:SharpenedShadows"],"picked":"HollowMod:SharpenedNail","floor":10},{"not_picked":["HollowMod:DoubleDash","HollowMod:NewJinnsSoul"],"picked":"HollowMod:DashSlash","floor":12},{"not_picked":["HollowMod:BrokenVessel","HollowMod:PureNailStrike"],"picked":"HollowMod:HuntersJournal","floor":13},{"not_picked":["HollowMod:InfectedCysts","HollowMod:LifebloodCore"],"picked":"HollowMod:HeavyBlow","floor":14},{"not_picked":["HollowMod:AwokenDreamNail","HollowMod:theNailsmith"],"picked":"HollowMod:SlysStrikes","floor":16},{"not_picked":["HollowMod:SharpenedNail","HollowMod:AbyssShriek"],"picked":"HollowMod:CoiledNail+1","floor":18},{"not_picked":["HollowMod:CloakDash","HollowMod:SoulShaman"],"picked":"HollowMod:BaldurShell","floor":20},{"not_picked":["HollowMod:CornifersMapStart","HollowMod:SharpenedShadows+1"],"picked":"HollowMod:GreatSlash+1","floor":25},{"not_picked":["HollowMod:SoulStrike","HollowMod:SharpenedShadows+1","HollowMod:LifebloodCocoon"],"picked":"SKIP","floor":28},{"not_picked":["HollowMod:DoubleDash","HollowMod:SoulSplash"],"picked":"HollowMod:GoodIntentions","floor":29},{"not_picked":["HollowMod:MonarchWings","HollowMod:GreatSlash","HollowMod:WraithStrike"],"picked":"SKIP","floor":30},{"not_picked":["HollowMod:SoulSplash","HollowMod:DoubleDash","HollowMod:VengefulVoid"],"picked":"SKIP","floor":31},{"not_picked":["HollowMod:Hiveblood","HollowMod:NewInfectedGuardian"],"picked":"HollowMod:HornetsHelp","floor":33},{"not_picked":["HollowMod:DashSlash+1","HollowMod:NewJinnsSoul"],"picked":"HollowMod:SoulVessel+1","floor":35},{"not_picked":["HollowMod:HeavyBlow","HollowMod:SoulStrike+1"],"picked":"HollowMod:VengefulSpirit+1","floor":37},{"not_picked":["HollowMod:AbyssShriek+1","HollowMod:LifebloodCocoon","HollowMod:ChannelNail"],"picked":"SKIP","floor":38},{"not_picked":["HollowMod:InfectedCysts+1","HollowMod:InfectedAttack"],"picked":"HollowMod:MantisMark","floor":39},{"not_picked":["HollowMod:VoidDash","HollowMod:SharpenedNail"],"picked":"HollowMod:QuirrelsAssistance+1","floor":40},{"not_picked":["HollowMod:SiblingsSouls","HollowMod:GrimmsGift","HollowMod:MonarchWings+1"],"picked":"SKIP","floor":41},{"not_picked":["HollowMod:GoodIntentions+1","HollowMod:DashSlash+1"],"picked":"HollowMod:CloakDash","floor":44},{"not_picked":["HollowMod:DoubleDash","HollowMod:InfectedCysts"],"picked":"HollowMod:SiblingsSouls","floor":45}],"player_experience":4030,"relics_obtained":[{"floor":3,"key":"Lantern"},{"floor":9,"key":"Gremlin Horn"},{"floor":10,"key":"PlanX"},{"floor":26,"key":"Bronze Scales"},{"floor":29,"key":"Happy Flower"},{"floor":41,"key":"HollowMod:StagPassRelic"},{"floor":43,"key":"Mummified Hand"},{"floor":44,"key":"AT_Manta"}],"event_choices":[],"is_beta":false,"boss_relics":[{"not_picked":["AT_TrinityForce","SacredBark"],"picked":"energizedSpire:NeverEndingSparkler"},{"not_picked":["Velvet Choker","SoulBox"],"picked":"AT_MortalBlade"}],"items_purged_floors":[49],"is_endless":false,"potions_floor_spawned":[5,7,13,14,16,18,25,29,31,33,35,40,41],"ascension_level":0}}