{"host":"xkmvu47k9fdstweo","time":1610235391,"event":{"mods":["BaseMod","Colored Map","Conspire","Hubris","Minty Spire (QoL Compilation)","Quick Restart","Railgun Mod","Shop Mod","StSLib","The Alterego","The Servant 0.9.4","The Wild Card","TheBandit","WarShipGirlsR/??è≠èóR mod","vexMod"],"gold_per_floor":[111,111,111,129,129,169,43,43,43],"floor_reached":8,"playtime":211,"items_purged":["Strike_G"],"score":81,"play_id":"08df964e-d940-460b-b108-f483daa3cac8","local_time":"20210109183631","is_ascension_mode":true,"campfire_choices":[],"circlet_count":0,"master_deck":["AscendersBane","Strike_G","Strike_G","Strike_G","Strike_G","Defend_G","Defend_G","Defend_G","Defend_G","Defend_G","Survivor","Neutralize","Dash","Calculated Gamble","Injury","Leg Sweep","Dagger Spray"],"relics":["hubris:TerracottaHorce","Golden Idol","conspire:TopHat"],"acts_visited":["Exordium"],"potions_floor_usage":[6,8],"damage_taken":[{"damage":0,"enemies":"Cultist","floor":1,"turns":4},{"damage":0,"enemies":"Small Slimes","floor":4,"turns":4},{"damage":54,"enemies":"Lagavulin","floor":6,"turns":11},{"damage":8,"enemies":"Gremlin Nob","floor":8,"turns":5}],"seed_played":"6817732169403059686","potions_obtained":[{"floor":4,"key":"SneckoOil"},{"floor":6,"key":"Block Potion"}],"is_trial":false,"path_per_floor":["M","?","?","M","?","E","$","E"],"character_chosen":"THE_SILENT","items_purchased":["Dagger Spray"],"campfire_rested":0,"item_purchase_floors":[7],"current_hp_per_floor":[63,63,63,63,63,9,9,1,1],"gold":43,"neow_bonus":"BOSS_RELIC","is_daily":false,"chose_seed":false,"campfire_upgraded":0,"win_rate":0.0,"timestamp":1610235391,"path_taken":["M","?","?","?","?","E","?","E"],"items_purchased_type":["Card"],"build_version":"2020-12-22","purchased_purges":1,"victory":false,"max_hp_per_floor":[70,70,70,70,70,70,70,70,70],"card_choices":[{"not_picked":["Acrobatics","Flying Knee"],"picked":"Dash","floor":1},{"not_picked":["Flying Knee","Prepared"],"picked":"Calculated Gamble","floor":4},{"not_picked":["Accuracy","Flying Knee"],"picked":"Leg Sweep","floor":6}],"player_experience":293479,"relics_obtained":[{"floor":6,"key":"conspire:TopHat"}],"event_choices":[{"damage_healed":0,"gold_gain":0,"player_choice":"Disagree","damage_taken":0,"max_hp_gain":0,"max_hp_loss":0,"event_name":"conspire:LoneGhost","floor":2,"gold_loss":0},{"damage_healed":0,"gold_gain":0,"player_choice":"0 cards matched","damage_taken":0,"max_hp_gain":0,"max_hp_loss":0,"event_name":"Match and Keep!","floor":3,"gold_loss":0,"cards_obtained":[]},{"damage_healed":0,"gold_gain":0,"player_choice":"Take Wound","damage_taken":0,"relics_obtained":["Golden Idol"],"max_hp_gain":0,"max_hp_loss":0,"event_name":"Golden Idol","floor":5,"gold_loss":0,"cards_obtained":["Injury"]}],"is_beta":false,"boss_relics":[],"items_purged_floors":[7],"is_endless":false,"potions_floor_spawned":[4,6],"killed_by":"Gremlin Nob","ascension_level":10}}