{"host":"8by3m8mve9y2rhh4","time":1610236147,"event":{"mods":["BaseMod","Minty Spire (QoL Compilation)","Quick Restart"],"gold_per_floor":[117,117,117,64,78,110,110,145,145,176,27,46,73,73,73,177,177,189,209,17,29,0,0,35,35,35,35,35,66,81,180,180,279,279,294,53,73,124,174,199,199,210,210,210,242,253,265,265,265,265,265,265,33,67,67],"floor_reached":56,"playtime":2887,"items_purged":["Strike_G"],"score":1394,"play_id":"4b16a3a3-837c-4a53-ac44-491c5a7ea98b","local_time":"20210109234907","is_ascension_mode":true,"campfire_choices":[{"floor":7,"key":"DIG"},{"floor":15,"key":"REST"},{"floor":23,"key":"DIG"},{"floor":25,"key":"REST"},{"floor":32,"key":"DIG"},{"floor":41,"key":"RECALL"},{"floor":44,"key":"DIG"},{"floor":49,"key":"DIG"},{"floor":52,"key":"DIG"}],"circlet_count":0,"master_deck":["Strike_G","Strike_G","Strike_G","Defend_G","Defend_G","Defend_G","Defend_G","Defend_G","Survivor","Neutralize","Deflect","Flying Knee","Poisoned Stab","A Thousand Cuts","Venomology+1","CurseOfTheBell","Blade Dance+1","Infinite Blades","Cloak And Dagger+1","Poisoned Stab","Cloak And Dagger+1","A Thousand Cuts","Noxious Fumes","Bandage Up+1","Dodge and Roll+1","Blade Dance+1","Well Laid Plans","Blade Dance+1","Footwork","Envenom"],"relics":["WristBlade","Shovel","Vajra","Snake Skull","Pocketwatch","Kunai","Lee\u0027s Waffle","Mango","Toxic Egg 2","Calling Bell","Regal Pillow","Paper Crane","Incense Burner","Oddly Smooth Stone","Mummified Hand","Darkstone Periapt","Sundial","Pantograph","Toy Ornithopter","InkBottle","SacredBark","Torii","Peace Pipe","The Courier","Nunchaku","Potion Belt","Bottled Flame","Blue Candle","Ornamental Fan","Boot"],"acts_visited":["Exordium","TheCity","TheBeyond","TheEnding"],"potions_floor_usage":[10,18,18,19,21,21,24,24,29,33,33,33,37,38,39,39,40,42,45,50,50,50,54,54,55,55,55],"damage_taken":[{"damage":2,"enemies":"2 Louse","floor":1,"turns":4},{"damage":1,"enemies":"Small Slimes","floor":5,"turns":4},{"damage":16,"enemies":"Gremlin Nob","floor":6,"turns":5},{"damage":19,"enemies":"3 Sentries","floor":8,"turns":10},{"damage":28,"enemies":"Gremlin Nob","floor":10,"turns":4},{"damage":0,"enemies":"Cultist","floor":12,"turns":3},{"damage":18,"enemies":"Lagavulin","floor":13,"turns":5},{"damage":32,"enemies":"Hexaghost","floor":16,"turns":11},{"damage":3,"enemies":"Spheric Guardian","floor":18,"turns":5},{"damage":22,"enemies":"3 Byrds","floor":19,"turns":6},{"damage":14,"enemies":"Sentry and Sphere","floor":21,"turns":3},{"damage":21,"enemies":"Book of Stabbing","floor":24,"turns":4},{"damage":11,"enemies":"Gremlin Leader","floor":29,"turns":5},{"damage":0,"enemies":"Snake Plant","floor":30,"turns":4},{"damage":22,"enemies":"Champ","floor":33,"turns":8},{"damage":0,"enemies":"3 Shapes","floor":35,"turns":3},{"damage":22,"enemies":"3 Darklings","floor":37,"turns":4},{"damage":28,"enemies":"2 Orb Walkers","floor":38,"turns":3},{"damage":2,"enemies":"Mind Bloom Boss Battle","floor":39,"turns":6},{"damage":0,"enemies":"Nemesis","floor":40,"turns":7},{"damage":0,"enemies":"Sphere and 2 Shapes","floor":42,"turns":3},{"damage":2,"enemies":"Giant Head","floor":45,"turns":8},{"damage":8,"enemies":"Maw","floor":46,"turns":6},{"damage":16,"enemies":"Spire Growth","floor":47,"turns":4},{"damage":11,"enemies":"Donu and Deca","floor":50,"turns":6},{"damage":1,"enemies":"Shield and Spear","floor":54,"turns":6},{"damage":70,"enemies":"The Heart","floor":55,"turns":9}],"seed_played":"5144809583242593865","potions_obtained":[{"floor":8,"key":"SkillPotion"},{"floor":13,"key":"EssenceOfSteel"},{"floor":16,"key":"Regen Potion"},{"floor":19,"key":"Energy Potion"},{"floor":24,"key":"BlessingOfTheForge"},{"floor":29,"key":"Swift Potion"},{"floor":35,"key":"Strength Potion"},{"floor":40,"key":"DuplicationPotion"},{"floor":42,"key":"SneckoOil"},{"floor":46,"key":"EssenceOfSteel"}],"is_trial":false,"path_per_floor":["M","?","?","$","M","E","R","E","T","E","$","M","E","T","R","B",null,"M","M","$","M","?","R","E","R","T","?","?","E","M","?","R","B",null,"M","$","M","?","?","E","R","M","T","R","E","M","M","?","R","B",null,"R","$","E","B",null],"character_chosen":"THE_SILENT","items_purchased":["Flying Knee","Lee\u0027s Waffle","Blade Dance+1","Oddly Smooth Stone","Noxious Fumes","Bandage Up+1","Ornamental Fan","Footwork"],"campfire_rested":2,"item_purchase_floors":[4,11,20,20,36,36,53,53],"current_hp_per_floor":[68,73,73,73,72,56,56,37,37,9,82,82,78,78,96,64,96,93,83,83,69,69,69,48,91,91,91,91,80,80,80,80,89,96,96,96,74,57,94,96,96,96,96,96,96,94,78,78,78,96,96,96,96,96,47],"gold":67,"neow_bonus":"BOSS_RELIC","is_daily":false,"chose_seed":false,"campfire_upgraded":0,"win_rate":0.0,"timestamp":1610236147,"path_taken":["M","?","?","$","?","E","R","E","T","E","$","M","E","?","R","BOSS","M","M","$","M","?","R","E","R","T","?","?","E","M","?","R","BOSS","M","$","M","?","?","E","R","M","T","R","E","M","?","?","R","BOSS","R","$","E","BOSS"],"items_purchased_type":["Card","Relic","Card","Relic","Card","Card","Relic","Card"],"build_version":"2020-12-22","purchased_purges":1,"victory":true,"max_hp_per_floor":[70,75,75,75,75,75,75,75,75,75,82,82,96,96,96,96,96,96,96,96,96,96,96,96,96,96,96,96,96,96,96,96,96,96,96,96,96,96,96,96,96,96,96,96,96,96,96,96,96,96,96,96,96,96,96],"card_choices":[{"not_picked":["Bane","Riddle With Holes"],"picked":"Deflect","floor":1},{"not_picked":["PiercingWail","Outmaneuver"],"picked":"Poisoned Stab","floor":5},{"not_picked":["Outmaneuver","Eviscerate","Glass Knife"],"picked":"SKIP","floor":6},{"not_picked":["PiercingWail","Flechettes","All Out Attack"],"picked":"SKIP","floor":8},{"not_picked":["Flying Knee","Malaise"],"picked":"A Thousand Cuts","floor":10},{"not_picked":["Flechettes","Deflect","Caltrops"],"picked":"SKIP","floor":12},{"not_picked":["Endless Agony","Bane","Prepared"],"picked":"SKIP","floor":13},{"not_picked":["Unload","Grand Finale"],"picked":"Venomology+1","floor":16},{"not_picked":["Outmaneuver+1","Flying Knee+1","Dagger Throw"],"picked":"SKIP","floor":18},{"not_picked":["Slice","Acrobatics+1","Deflect+1"],"picked":"SKIP","floor":19},{"not_picked":["Acrobatics+1","Sucker Punch+1","Dagger Throw"],"picked":"SKIP","floor":21},{"not_picked":["Backflip+1","Wraith Form v2"],"picked":"Infinite Blades","floor":24},{"not_picked":["Concentrate+1","Bouncing Flask+1"],"picked":"Poisoned Stab","floor":29},{"not_picked":["Footwork","Calculated Gamble+1"],"picked":"Cloak And Dagger+1","floor":30},{"not_picked":["Grand Finale","Bullet Time+1"],"picked":"A Thousand Cuts","floor":33},{"not_picked":["Dash","Endless Agony+1","Reflex+1"],"picked":"SKIP","floor":35},{"not_picked":["Heel Hook+1","Distraction+1","Choke"],"picked":"SKIP","floor":37},{"not_picked":["Dash","Poisoned Stab"],"picked":"Dodge and Roll+1","floor":39},{"not_picked":["Dagger Spray+1","Slice","Setup+1"],"picked":"SKIP","floor":40},{"not_picked":["Concentrate+1","Dagger Throw+1"],"picked":"Blade Dance+1","floor":42},{"not_picked":["Catalyst+1","Dash"],"picked":"Well Laid Plans","floor":45},{"not_picked":["Wraith Form v2","Catalyst+1"],"picked":"Blade Dance+1","floor":46},{"not_picked":["Dagger Throw","Poisoned Stab","Distraction+1"],"picked":"SKIP","floor":47},{"not_picked":["Underhanded Strike+1","Blade Dance+1"],"picked":"Envenom","floor":54}],"player_experience":681364,"relics_obtained":[{"floor":6,"key":"Shovel"},{"floor":7,"key":"Vajra"},{"floor":8,"key":"Snake Skull"},{"floor":9,"key":"Pocketwatch"},{"floor":10,"key":"Kunai"},{"floor":13,"key":"Mango"},{"floor":14,"key":"Toxic Egg 2"},{"floor":17,"key":"Regal Pillow"},{"floor":17,"key":"Paper Crane"},{"floor":17,"key":"Incense Burner"},{"floor":23,"key":"Mummified Hand"},{"floor":24,"key":"Darkstone Periapt"},{"floor":26,"key":"Sundial"},{"floor":29,"key":"Toy Ornithopter"},{"floor":32,"key":"InkBottle"},{"floor":38,"key":"Torii"},{"floor":39,"key":"Peace Pipe"},{"floor":40,"key":"The Courier"},{"floor":44,"key":"Nunchaku"},{"floor":45,"key":"Potion Belt"},{"floor":49,"key":"Bottled Flame"},{"floor":52,"key":"Blue Candle"},{"floor":54,"key":"Boot"}],"event_choices":[{"damage_healed":0,"gold_gain":0,"player_choice":"Donut","damage_taken":0,"max_hp_gain":5,"max_hp_loss":0,"event_name":"Big Fish","floor":2,"gold_loss":0},{"cards_removed":["Strike_G"],"damage_healed":0,"gold_gain":0,"player_choice":"Offered Basic","damage_taken":0,"max_hp_gain":0,"max_hp_loss":0,"event_name":"Bonfire Elementals","floor":3,"gold_loss":0},{"damage_healed":0,"gold_gain":0,"player_choice":"Paid Fearfully","damage_taken":0,"max_hp_gain":0,"max_hp_loss":0,"event_name":"Masked Bandits","floor":22,"gold_loss":29},{"damage_healed":0,"gold_gain":0,"player_choice":"Opened","damage_taken":0,"relics_obtained":["Pantograph"],"max_hp_gain":0,"max_hp_loss":0,"event_name":"The Mausoleum","floor":27,"gold_loss":0},{"damage_healed":0,"gold_gain":0,"player_choice":"Read","damage_taken":0,"max_hp_gain":0,"max_hp_loss":0,"event_name":"The Library","floor":28,"gold_loss":0,"cards_obtained":["Cloak And Dagger"]},{"damage_healed":0,"gold_gain":99,"player_choice":"Stole From Cult","damage_taken":0,"max_hp_gain":0,"max_hp_loss":0,"event_name":"Nest","floor":31,"gold_loss":0},{"damage_healed":0,"gold_gain":0,"player_choice":"Fight","damage_taken":0,"max_hp_gain":0,"max_hp_loss":0,"event_name":"Mysterious Sphere","floor":38,"gold_loss":0},{"damage_healed":0,"gold_gain":0,"player_choice":"Fight","damage_taken":0,"max_hp_gain":0,"max_hp_loss":0,"event_name":"MindBloom","floor":39,"gold_loss":0},{"damage_healed":0,"gold_gain":0,"player_choice":"Ignored","damage_taken":0,"max_hp_gain":0,"max_hp_loss":0,"event_name":"Tomb of Lord Red Mask","floor":48,"gold_loss":0}],"is_beta":false,"boss_relics":[{"not_picked":["Runic Pyramid","Cursed Key"],"picked":"Calling Bell"},{"not_picked":["Runic Dome","Philosopher\u0027s Stone"],"picked":"SacredBark"}],"items_purged_floors":[36],"is_endless":false,"potions_floor_spawned":[8,13,16,19,24,29,35,40,42,46],"ascension_level":1}}