{"host":"t6w2q9o6m1ipuhb5","time":1610163712,"event":{"mods":["2.2 Compatiblity","Abigail Mod","AchievementEnabler","Act Like it!","Arknights The Spire","BaseMod","Chen","Colored Map","Colored Powertips","Downfall","Friendly Minions","Gensokyo","GifTheSpireLib","Hermit","Hubris","Infinite Spire","KinomotoSakuraMod(????)","Kiyohime????","Marisa????????","Mimic Mod","Minty Spire (QoL Compilation)","Permanent Neow","Prisma Mod","Quick Restart","Reimu??????","Remilia??????","Replay The Spire","StSLib","SuperFastMode","The Animator","The Bug Knight","The Construct","The Cursed","The Marked","The Mystic","The Senshi","Waifu the Spire"],"gold_per_floor":[213,64,64,79,79,106,106,141,141,153,153,22,37,37,37,37],"floor_reached":16,"playtime":1333,"items_purged":[],"score":108,"play_id":"c383ca7d-08b8-4311-868c-40c9fe279d45","local_time":"20210108224152","is_ascension_mode":false,"campfire_choices":[{"data":"AbbyMod:FleetingSanity","floor":7,"key":"SMITH"},{"floor":15,"key":"REST"}],"circlet_count":0,"master_deck":["AbbyMod:Ab_Strike","AbbyMod:Ab_Strike","AbbyMod:Ab_Strike","AbbyMod:Ab_Strike","AbbyMod:Ab_Defend","AbbyMod:Ab_Defend","AbbyMod:Ab_Defend","AbbyMod:FleetingSanity+1","AbbyMod:ForeheadBeam","AbbyMod:MeltBrain","AbbyMod:PrayerOfFaith+1","AbbyMod:LossOfSanity","AbbyMod:InsaneStrike","AbbyMod:DemonPancake","AbbyMod:PrayerOfFaith","Gensokyo:Shovel","Gensokyo:BlemishedSteel","AbbyMod:LiftSkirt"],"relics":["AbbyMod:Salem_Diary","Gensokyo:PortableGap","hubris:SlimyHat","Turnip","Tiny Chest","hubris:Towel"],"acts_visited":["Exordium"],"potions_floor_usage":[16],"damage_taken":[{"damage":0,"enemies":"Gensokyo:2_Kodama","floor":1,"turns":6},{"damage":0,"enemies":"Gensokyo:Python","floor":4,"turns":4},{"damage":17,"enemies":"Gensokyo:Aya","floor":6,"turns":8},{"damage":26,"enemies":"Gensokyo:Cirno","floor":8,"turns":9},{"damage":0,"enemies":"Gensokyo:3_Fairies","floor":10,"turns":4},{"damage":7,"enemies":"Gensokyo:2_Rabbits","floor":14,"turns":6},{"damage":24,"enemies":"Gensokyo:Yukari","floor":16,"turns":10}],"seed_played":"6453872968483981897","potions_obtained":[{"floor":8,"key":"Reflective Coating"},{"floor":14,"key":"Fire Potion"}],"is_trial":false,"path_per_floor":["M","$","?","M","?","E","R","E","T","M","?","COS","M","R","B"],"character_chosen":"Ab_Foreigner","items_purchased":["AbbyMod:PrayerOfFaith","AbbyMod:SweetPancakes"],"campfire_rested":1,"item_purchase_floors":[2,2],"current_hp_per_floor":[60,60,54,58,58,41,41,15,15,15,15,15,8,23,0,0],"gold":37,"neow_bonus":"HUNDRED_GOLD","is_daily":false,"chose_seed":false,"campfire_upgraded":1,"win_rate":0.0,"timestamp":1610163712,"path_taken":["M","$","?","M","?","E","R","E","T","?","?","COS","?","R","BOSS"],"items_purchased_type":["Card","Card"],"build_version":"2020-12-22","purchased_purges":0,"victory":false,"max_hp_per_floor":[60,60,54,58,58,58,58,58,58,58,55,52,52,52,52,52],"card_choices":[{"not_picked":["AbbyMod:Keyblade","AbbyMod:AceInTheHole"],"picked":"AbbyMod:MeltBrain","floor":1},{"not_picked":["AbbyMod:Kuroboshi","AbbyMod:SanityCheck"],"picked":"AbbyMod:LossOfSanity","floor":4},{"not_picked":["AbbyMod:LossOfSanity","AbbyMod:WorldStrongest"],"picked":"AbbyMod:InsaneStrike","floor":6},{"not_picked":["AbbyMod:FamiliarShield","AbbyMod:AttoSecond"],"picked":"AbbyMod:DemonPancake","floor":8},{"not_picked":["AbbyMod:MeltBrain","AbbyMod:Kuroboshi"],"picked":"AbbyMod:PrayerOfFaith","floor":10},{"not_picked":["AbbyMod:EyesOfMadness","AbbyMod:Memocide"],"picked":"AbbyMod:LiftSkirt","floor":14}],"player_experience":372737,"relics_obtained":[{"floor":6,"key":"hubris:SlimyHat"},{"floor":8,"key":"Turnip"},{"floor":9,"key":"Tiny Chest"}],"event_choices":[],"is_beta":false,"boss_relics":[],"items_purged_floors":[],"is_endless":false,"potions_floor_spawned":[8,10,14],"killed_by":"Gensokyo:Yukari","ascension_level":0}}