{"host":"bpkhhmvsfrvlto2l","time":1610168782,"event":{"mods":["2.2 Compatiblity","AchievementEnabler","Act Like it!","AlwaysNeverKeys","Aspiration","BaseMod","Better Silent Start","Challenge The Spire","Colored Map","Colored Powertips","Custom Start","Downfall","Energized Spire","Friendly Minions","GifTheSpireLib","Halation","Hubris","Infinite Spire","Ironclad Rager","Mimic Mod","Minty Spire (QoL Compilation)","Permanent Neow","Quick Restart","Random Character Button","Relic Sorter","Replay The Spire","Spikes Relics","StSLib","Stuff the Spire","Swap Starting Deck Mod","Trackpad"],"gold_per_floor":[118,118,118,129,145,172,172,206,245,245,93,103,103,103,1,19,19,119,119,137,157,157,157,157,157,157,157,180,192,211,211,211],"floor_reached":31,"playtime":881,"items_purged":[],"score":267,"play_id":"a568ad19-a347-47fd-9560-2c78df895a4f","local_time":"20210109000622","is_ascension_mode":true,"campfire_choices":[{"data":"Eruption","floor":7,"key":"SMITH"},{"floor":17,"key":"REST"},{"data":"Ragnarok","floor":25,"key":"SMITH"}],"circlet_count":0,"master_deck":["Strike_P","Strike_P","Strike_P","Strike_P","Defend_P","Defend_P","Defend_P","Defend_P","Eruption+1","Vigilance","Fasting2","Fasting2+1","Devotion","Ragnarok+1","Replay:AtTheReady+1"],"relics":["PureWater","hubris:Icosahedron","infinitespire:Beetle Shell","trackpad:RapidFire","halation:PrussianBluePaint","Orrery","energizedSpire:MagnifyingGlass","PrismaticShard","Anchor"],"acts_visited":["Exordium","TheCity"],"potions_floor_usage":[5,5,6,16,18,18,20,21,30,31],"damage_taken":[{"damage":5.0,"enemies":"Jaw Worm","floor":1.0,"turns":6.0},{"damage":0,"enemies":"Cultist","floor":4,"turns":4},{"damage":8,"enemies":"Small Slimes","floor":5,"turns":2},{"damage":30,"enemies":"3 Sentries","floor":6,"turns":5},{"damage":12,"enemies":"Replay:BlueRogue","floor":8,"turns":5},{"damage":13,"enemies":"Exordium Thugs","floor":9,"turns":5},{"damage":4,"enemies":"Exordium Thugs","floor":12,"turns":7},{"damage":1,"enemies":"Looter","floor":16,"turns":3},{"damage":10,"enemies":"The Guardian","floor":18,"turns":14},{"damage":36,"enemies":"2 Thieves","floor":20,"turns":4},{"damage":0,"enemies":"Chosen","floor":21,"turns":7},{"damage":8,"enemies":"Snecko","floor":29,"turns":3},{"damage":0,"enemies":"Chosen and Byrds","floor":30,"turns":5},{"damage":48,"enemies":"3 Cultists","floor":31,"turns":5}],"seed_played":"5345817276382232921","potions_obtained":[{"floor":0.0,"key":"PowerPotion"},{"floor":0.0,"key":"Reflective Coating"},{"floor":0.0,"key":"Regen Potion"},{"floor":1.0,"key":"Weak Potion"},{"floor":16,"key":"PowerPotion"},{"floor":20,"key":"EssenceOfSteel"},{"floor":29,"key":"Explosive Potion"},{"floor":30,"key":"StancePotion"}],"is_trial":false,"path_per_floor":["M","?","$","M","M","E","R","E","MIM","?","$","M","PTL","PTL","$","M","R","B",null,"M","M","?","AVR","?","R","$","?","T","M","M","M"],"character_chosen":"WATCHER","items_purchased":["Orrery","Swift Potion","Explosive Potion"],"campfire_rested":1,"item_purchase_floors":[11,15,15],"current_hp_per_floor":[67,67,67,67,64,34,34,22,9,9,9,5,5,5,5,4,25,15,72,36,36,36,36,43,43,43,43,43,35,35,0,0],"gold":211,"neow_bonus":"THREE_SMALL_POTIONS","is_daily":false,"chose_seed":false,"campfire_upgraded":2,"win_rate":0.0,"timestamp":1610168782,"path_taken":["M","?","?","?","M","E","R","E","MIM","?","?","M","PTL","PTL","$","M","R","BOSS","M","M","?","AVR","?","R","$","?","T","M","M","M"],"items_purchased_type":["Relic","Potion","Potion"],"build_version":"2020-12-22","purchased_purges":0,"victory":false,"max_hp_per_floor":[72,72,72,72,72,72,72,72,72,72,72,72,72,72,72,72,72,72,72,72,72,72,72,72,72,72,72,72,72,72,72,72],"card_choices":[{"not_picked":["Replay:Battleflow","Conclude"],"picked":"Fasting2","floor":11},{"not_picked":["Meditate","Prostrate"],"picked":"Fasting2","floor":11},{"not_picked":["Prostrate","JustLucky"],"picked":"Devotion","floor":12},{"not_picked":["Replay:AllIn","MasterReality"],"picked":"Ragnarok","floor":18},{"not_picked":["CutThroughFate","InnerPeace"],"picked":"Replay:AtTheReady+1","floor":20},{"not_picked":["Evaluate","EmptyFist","Collect+1"],"picked":"SKIP","floor":21},{"not_picked":["Replay:BluntJabs","hexamod:SpectersWail+1","Stack+1"],"picked":"SKIP","floor":30}],"player_experience":49411,"relics_obtained":[{"floor":6,"key":"infinitespire:Beetle Shell"},{"floor":8,"key":"trackpad:RapidFire"},{"floor":9,"key":"halation:PrussianBluePaint"},{"floor":28,"key":"Anchor"}],"event_choices":[{"damage_healed":0,"gold_gain":0,"player_choice":"Ignored","damage_taken":0,"max_hp_gain":0,"max_hp_loss":0,"event_name":"Golden Wing","floor":10,"gold_loss":0},{"damage_healed":0,"gold_gain":0,"player_choice":"Upgraded","damage_taken":0,"max_hp_gain":0,"max_hp_loss":0,"event_name":"Upgrade Shrine","floor":27,"gold_loss":0,"cards_upgraded":["Fasting2"]}],"is_beta":false,"boss_relics":[{"not_picked":["Replay:Grab Bag","halation:HeavySnake"],"picked":"energizedSpire:MagnifyingGlass"}],"items_purged_floors":[],"is_endless":false,"potions_floor_spawned":[1,4,16,20,29,30],"killed_by":"3 Cultists","ascension_level":2}}