{"host":"i9h64q9gphvrup4n","time":1610221565,"event":{"mods":["2.2 Compatiblity","AchievementEnabler","Aspiration","Astrologer","Bard","BaseMod","Beaked The Cultist","BetterRewards","Colored Powertips","Conspire","Downfall","Gremlin Mod","Hermit","Hubris","Infinite Spire","Jorbs\u0027s Wanderer Trilogy","Minty Spire (QoL Compilation)","Replay The Spire","Shop Mod","StSLib","SuperFastMode","The Blackbeard","The Bladedancer","The Bug Knight","The Construct","The Cursed","The Disciple","The Hierophant","The Jungle","The Necromancer","The Runesmith","The Wild Card","slay the spire mod where everything is the same but ironclad has a cowboy hat","vexMod"],"gold_per_floor":[118,128,143,143,93,120,120,132,132,151,2,2,2,32,87,106,106,201,201,215,108,119,169,205,205,227,227,227,227,266,290,290,320,320,454,454,470,470,470,501,522,522,522,528,552,27,60,80,80],"floor_reached":48,"playtime":1735,"items_purged":["Voices","Guardian:Aged"],"score":599,"play_id":"e6701748-dc29-4fdc-9d00-e8d8593df5d7","local_time":"20210109134605","is_ascension_mode":false,"campfire_choices":[{"floor":7,"key":"REST"},{"floor":17,"key":"DIG"},{"floor":25,"key":"REST"},{"floor":27,"key":"REST"},{"floor":29,"key":"REST"},{"floor":42,"key":"RECALL"}],"circlet_count":0,"master_deck":["construct:Strike_Gold","construct:Strike_Gold","construct:Strike_Gold","construct:Strike_Gold","construct:Strike_Gold","construct:Defend_Gold","construct:Defend_Gold","construct:Defend_Gold","construct:Defend_Gold","construct:Defend_Gold","construct:AttackMode","construct:DefenseMode","construct:Autoturret","construct:HammerDown","construct:ScopeCore+1","construct:Autoturret","construct:FierceBash+1","construct:SuppressiveFire+1","construct:FierceBash+1","construct:ChargeShot+1","construct:HeavyBolt+1","construct:HyperBeam+1","construct:SuppressiveFire+1","construct:Enhance","construct:ScopeCore","construct:PointDefense+1","construct:HeavyBolt+1","construct:ShiftStrike+1","infinitespire:Gouge+1","infinitespire:UltimateForm","infinitespire:Execution","Doubt","construct:GoldenBullet+1","construct:Autoturret","construct:ShiftStrike+1","construct:Autoturret+1","conspire:NecroticWound","Panache+1","construct:Enhance+1"],"relics":["construct:Cogwheel","hubris:Icosahedron","Molten Egg 2","Toy Ornithopter","hubris:TenFootPole","vexMod:RetaliationKit","SlaversCollar","Tiny Chest","Ring of Greed","Golden Idol","Replay:Bandana","Ice Cream","Mango","aspiration:SecretTechniqueScroll","Singing Bowl","Blue Doll","Counterbalance","Toxic Egg 2"],"acts_visited":["Exordium","TheCity","TheBeyond"],"potions_floor_usage":[8,16,18,26,31,40,41,46,48,48],"damage_taken":[{"damage":1,"enemies":"Cultist","floor":1,"turns":4},{"damage":0,"enemies":"Small Slimes","floor":2,"turns":3},{"damage":2,"enemies":"2 Louse","floor":3,"turns":4},{"damage":32,"enemies":"Gremlin Nob","floor":6,"turns":4},{"damage":19,"enemies":"Lots of Slimes","floor":8,"turns":4},{"damage":1,"enemies":"Exordium Thugs","floor":10,"turns":4},{"damage":18,"enemies":"3 Sentries","floor":14,"turns":5},{"damage":1,"enemies":"3 Louse","floor":16,"turns":2},{"damage":35,"enemies":"Fading Forest","floor":18,"turns":11},{"damage":19,"enemies":"Shell Parasite","floor":20,"turns":3},{"damage":11,"enemies":"3 Byrds","floor":22,"turns":6},{"damage":38,"enemies":"Cultist and Chosen","floor":24,"turns":6},{"damage":32,"enemies":"Snake Plant","floor":26,"turns":5},{"damage":11,"enemies":"Snecko","floor":30,"turns":4},{"damage":35,"enemies":"Sentry and Sphere","floor":31,"turns":5},{"damage":5,"enemies":"Centurion and Healer","floor":33,"turns":4},{"damage":31,"enemies":"conspire:MysteriousRune","floor":35,"turns":7},{"damage":4,"enemies":"3 Shapes","floor":37,"turns":4},{"damage":6,"enemies":"Orb Walker","floor":40,"turns":3},{"damage":37,"enemies":"4 Shapes","floor":41,"turns":8},{"damage":35,"enemies":"Maw","floor":44,"turns":5},{"damage":38,"enemies":"Nemesis","floor":47,"turns":5},{"damage":25,"enemies":"Jaw Worm Horde","floor":48,"turns":3}],"seed_played":"-5940360129149316065","potions_obtained":[{"floor":1,"key":"BlessingOfTheForge"},{"floor":6,"key":"LiquidBronze"},{"floor":8,"key":"Explosive Potion"},{"floor":18,"key":"Guardian:BlockOnCardUsePotion"},{"floor":24,"key":"SkillPotion"},{"floor":30,"key":"Dexterity Potion"},{"floor":40,"key":"Fruit Juice"},{"floor":41,"key":"Swift Potion"},{"floor":44,"key":"Energy Potion"}],"is_trial":false,"path_per_floor":["M","M","M","?","$","E","R","M","T","M","$","PTL","PTL","E","?","M","R","B",null,"M","?","M","?","M","R","M","R","T","R","M","M","AVR","M","R","B",null,"M","AVR","?","M","M","R","T","M","T","$","E","M"],"character_chosen":"THE_CONSTRUCT_MOD","items_purchased":["construct:Autoturret","hubris:TenFootPole","Fruit Juice","Panache+1","Counterbalance"],"campfire_rested":4,"item_purchase_floors":[5,11,46,46,46],"current_hp_per_floor":[92,92,90,90,90,58,85,66,66,65,65,65,65,47,47,51,51,31,93,74,74,63,63,25,52,25,52,52,79,68,38,52,47,79,48,107,103,103,107,106,75,75,75,42,42,52,14,0,0],"gold":80,"neow_bonus":"TEN_PERCENT_HP_BONUS","is_daily":false,"chose_seed":false,"campfire_upgraded":0,"win_rate":0.0,"timestamp":1610221565,"path_taken":["M","M","?","?","$","E","R","M","T","M","$","PTL","PTL","E","?","M","R","BOSS","M","?","?","?","M","R","M","R","T","R","M","M","AVR","M","R","BOSS","M","AVR","?","M","M","R","?","M","T","$","E","M"],"items_purchased_type":["Card","Relic","Potion","Card","Relic"],"build_version":"2020-12-22","purchased_purges":2,"victory":false,"max_hp_per_floor":[93,93,93,93,93,93,93,93,93,93,93,93,93,93,93,93,93,93,93,93,93,93,93,93,93,93,93,93,93,93,93,107,107,107,107,107,107,107,107,107,112,112,112,114,114,119,119,119,119],"card_choices":[{"not_picked":["construct:Failsafe","construct:Analyze"],"picked":"construct:Autoturret","floor":1},{"not_picked":["construct:FocusedBeam","construct:Boost"],"picked":"construct:HammerDown","floor":2},{"not_picked":["construct:Backup","construct:FierceBash"],"picked":"construct:ScopeCore","floor":3},{"not_picked":["construct:Anticipate","construct:Impenetrable"],"picked":"construct:FierceBash+1","floor":6},{"not_picked":["construct:Forcefield","construct:ClusterMines+1"],"picked":"construct:SuppressiveFire+1","floor":8},{"not_picked":["construct:FocusedBeam+1","construct:Failsafe"],"picked":"construct:FierceBash+1","floor":10},{"not_picked":["construct:Chainstrike+1","construct:SuppressiveFire+1"],"picked":"construct:ChargeShot+1","floor":14},{"not_picked":["construct:HastyRepair","construct:QuickAttack+1"],"picked":"construct:HeavyBolt+1","floor":16},{"not_picked":["construct:PanicFire","construct:MassProduction"],"picked":"construct:HyperBeam+1","floor":18},{"not_picked":["construct:Accumulate+1","construct:FocusedBeam+1"],"picked":"construct:SuppressiveFire+1","floor":20},{"not_picked":["construct:ModeShift","construct:VentSteam"],"picked":"construct:Enhance","floor":22},{"not_picked":["construct:Reinforce","construct:Accumulate+1"],"picked":"construct:ScopeCore","floor":24},{"not_picked":["construct:FocusedBeam+1","construct:FlameCore"],"picked":"construct:PointDefense+1","floor":26},{"not_picked":["construct:SuppressiveFire+1","construct:Anticipate"],"picked":"construct:HeavyBolt+1","floor":30},{"not_picked":["construct:LaserCore","construct:Bunker"],"picked":"construct:ShiftStrike+1","floor":31},{"not_picked":["construct:Dampening","construct:ClusterMines+1","construct:ScrapCannon+1"],"picked":"SKIP","floor":33},{"not_picked":["construct:MemoryTap","construct:GatlingGun+1"],"picked":"construct:GoldenBullet+1","floor":35},{"not_picked":["construct:Enhance","construct:FierceBash+1"],"picked":"construct:Autoturret","floor":37},{"not_picked":["construct:FlakBarrage+1","construct:Accumulate+1"],"picked":"construct:ShiftStrike+1","floor":40},{"not_picked":["construct:Backup","construct:SuppressiveFire+1"],"picked":"construct:Autoturret+1","floor":41},{"not_picked":["construct:Accumulate+1","construct:Anticipate+1","construct:Stasis+1"],"picked":"Singing Bowl","floor":44},{"not_picked":["construct:Forcefield+1","construct:Analyze+1"],"picked":"construct:Enhance+1","floor":47}],"player_experience":708695,"relics_obtained":[{"floor":6,"key":"Molten Egg 2"},{"floor":9,"key":"Toy Ornithopter"},{"floor":17,"key":"vexMod:RetaliationKit"},{"floor":23,"key":"Ring of Greed"},{"floor":23,"key":"Golden Idol"},{"floor":23,"key":"Replay:Bandana"},{"floor":28,"key":"Ice Cream"},{"floor":45,"key":"Blue Doll"},{"floor":47,"key":"Toxic Egg 2"}],"event_choices":[{"damage_healed":0,"gold_gain":55,"player_choice":"Gained Gold","damage_taken":0,"max_hp_gain":0,"max_hp_loss":0,"event_name":"Golden Wing","floor":15,"gold_loss":0},{"damage_healed":0,"gold_gain":0,"player_choice":"Paid Gold","damage_taken":0,"relics_obtained":["Tiny Chest"],"max_hp_gain":0,"max_hp_loss":0,"event_name":"WeMeetAgain","floor":21,"gold_loss":107}],"is_beta":false,"boss_relics":[{"not_picked":["aspiration:FutureDiary","Cursed Key"],"picked":"SlaversCollar"},{"not_picked":["Runic Pyramid","Replay:Drink Me"],"picked":"aspiration:SecretTechniqueScroll"}],"items_purged_floors":[32,38],"is_endless":false,"potions_floor_spawned":[1,6,8,10,14,18,24,30,40,41,44],"killed_by":"Jaw Worm Horde","ascension_level":0}}