{"host":"g75gtovmj0ine2rf","time":1610198956,"event":{"mods":["2.2 Compatiblity","AchievementEnabler","Act Like it!","Aspiration","Astrologer","Bard","BaseMod","Better Match","BetterRewards","CapriCore","Challenge The Spire","ChefMod","Colored Map","Conspire","Elementarium","Energized Spire","Friendly Minions","Gensokyo","Halation","Hallownest","Hermit","HexUI Lib","Highlight Path","Hubris","Infinite Spire","Jedi Mod","Lobotomy","Menagerie","Minty Spire (QoL Compilation)","Puzzle Mod","Quick Restart","Rare Cards Sparkle","Relic Stats","Replay The Spire","Robot Space Explorer","Shade Mod","Shop Mod","Spicy Shops","StSLib","SuperFastMode","The Construct","The Cursed","The Dragon Tamer","The Factory","The Jungle","The Marked","The Runesmith","TheBandit","TheFirefly","TheSwordswoman","TheVacant","Transform Curses","Wandering Minibosses","thorton","vexMod"],"gold_per_floor":[112,37,17,27,127,459,459,488,513,532,547,783,783,380,380,380,380,380,380,380,380,380,380,380,380,380,380,380,380,380,380,380,380,380,380,418,459,498,553,622,622,622,647,647,647,699,761,761,761,799,799,799,219,286,332],"floor_reached":56,"playtime":3265,"items_purged":["RobotSpaceExplorer:Strike","RobotSpaceExplorer:Strike","RobotSpaceExplorer:Strike","RobotSpaceExplorer:Defend","RobotSpaceExplorer:Defend"],"score":1846,"play_id":"fdc9a921-22b9-4f8a-ab2d-b34c807d5546","local_time":"20210110002916","is_ascension_mode":true,"campfire_choices":[{"floor":7,"key":"REST"},{"data":"RobotSpaceExplorer:MiniLasers","floor":13,"key":"SMITH"},{"floor":23,"key":"RECALL"},{"data":"RobotSpaceExplorer:Defend","floor":32,"key":"PURGE"},{"floor":41,"key":"REST"},{"floor":44,"key":"REST"},{"data":"RobotSpaceExplorer:PowerCollector","floor":52,"key":"SMITH"}],"circlet_count":0,"master_deck":["RobotSpaceExplorer:Defend","RobotSpaceExplorer:Scan+1","RobotSpaceExplorer:MiniLasers+1","RobotSpaceExplorer:StarLightning+1","RobotSpaceExplorer:ShockMissile+1","RobotSpaceExplorer:GlueShot+1","RobotSpaceExplorer:TrailblazerForm","AbeCurse","RobotSpaceExplorer:ChargingLaser","RobotSpaceExplorer:JunkDive+1","RobotSpaceExplorer:StarLightning","RobotSpaceExplorer:TrailblazerForm+1","RobotSpaceExplorer:PowerCollector+1","RobotSpaceExplorer:StarLightning+1","RobotSpaceExplorer:Ammunition+1","RobotSpaceExplorer:Calculate+1","RobotSpaceExplorer:Jetpack+1","infinitespire:Starlight","RobotSpaceExplorer:ShovelStrike","RobotSpaceExplorer:Fix+1","infinitespire:Oblivion","ReplayTheSpireMod:Haul","RobotSpaceExplorer:StarDust"],"relics":["vexMod:CursedCompass","Pet Ghost","Vajra","jedi:ominousloannote","Lee\u0027s Waffle","vexMod:PaidLearning","Abe\u0027s Treasure","aspiration:PoetsPen_weak","halation:OrihimeAndHikoboshiSamaAndTears","halation:PinkSoulGem","halation:LettersToHer","hubris:Metronome","Replay:Bandana","wanderingMiniBosses:OtherGremlinHorn","energizedSpire:OgreHead","Anchor","Sundial","Nunchaku","Busted Crown","halation:PrussianBluePaint","MerchantsRug","Membership Card","infinitespire:Joker Card","infinitespire:PuzzleCube"],"acts_visited":["Exordium","TheCity","TheCity","TheEnding"],"potions_floor_usage":[15,25,36,37,47,50,54,55],"damage_taken":[{"damage":6,"enemies":"Gensokyo:2_Kodama","floor":1,"turns":3},{"damage":6,"enemies":"Gensokyo:3_Fairies","floor":4,"turns":6},{"damage":28,"enemies":"Gensokyo:Cirno","floor":6,"turns":10},{"damage":10,"enemies":"Gensokyo:Mamizou","floor":8,"turns":8},{"damage":6,"enemies":"Gensokyo:Gryphon","floor":10,"turns":5},{"damage":7,"enemies":"Gensokyo:3_Kodama","floor":11,"turns":3},{"damage":1,"enemies":"Gensokyo:Kokoro","floor":16,"turns":10},{"damage":0,"enemies":"Chosen","floor":18,"turns":4},{"damage":0,"enemies":"3 Byrds","floor":20,"turns":3},{"damage":0,"enemies":"Centurion and Healer","floor":22,"turns":5},{"damage":0,"enemies":"Shelled Parasite and Fungi","floor":24,"turns":1},{"damage":1,"enemies":"3 Cultists","floor":25,"turns":5},{"damage":0,"enemies":"conspire:SneckoGhost","floor":28,"turns":4},{"damage":0,"enemies":"Centurion and Healer","floor":29,"turns":3},{"damage":0,"enemies":"Nightmare","floor":30,"turns":5},{"damage":8,"enemies":"Cultist and Chosen","floor":31,"turns":6},{"damage":0,"enemies":"Automaton","floor":33,"turns":4},{"damage":0,"enemies":"theFactory:BigBot","floor":35,"turns":2},{"damage":0,"enemies":"theFactory:2_Experiment_Personnel","floor":36,"turns":2},{"damage":40,"enemies":"theFactory:6_Mini-Bots","floor":37,"turns":4},{"damage":0,"enemies":"theFactory:Orbs_and_Orb_Walker","floor":39,"turns":3},{"damage":16,"enemies":"Nightmare","floor":40,"turns":6},{"damage":8,"enemies":"theFactory:Big_Bot_Bundle","floor":46,"turns":5},{"damage":1,"enemies":"theFactory:SmogElemental","floor":47,"turns":3},{"damage":0,"enemies":"theFactory:SPIDER","floor":50,"turns":4},{"damage":0,"enemies":"Shield and Spear","floor":54,"turns":2},{"damage":32,"enemies":"The Heart","floor":55,"turns":5}],"seed_played":"-8166966429104439176","potions_obtained":[{"floor":4,"key":"Weak Potion"},{"floor":11,"key":"RobotSpaceExplorer:RecyclePotion"},{"floor":16,"key":"Adrenaline Potion"},{"floor":18,"key":"FairyPotion"},{"floor":29,"key":"construct:ShiftPotion"},{"floor":36,"key":"jedi:tentaclejuice"},{"floor":38,"key":"SpeedPotion"},{"floor":47,"key":"Fire Potion"},{"floor":54,"key":"Strength Potion"}],"is_trial":false,"path_per_floor":["M","?","COS","M","?","E","R","E","T","M","M","$","R","$","R_BF","B",null,"M","AVR","M","?","M","R","M","M","T","?","E","M","NM","M","R_BF","B",null,"M","M","M","?","M","NM","R","?","T","R","HB","M","E","AVR","R_BF","B",null,"R","$","E","B",null],"character_chosen":"RobotSpaceExplorer","items_purchased":["jedi:ominousloannote","Fruit Juice","Lee\u0027s Waffle","vexMod:PaidLearning","MerchantsRug","Membership Card","infinitespire:Joker Card","RobotSpaceExplorer:StarDust"],"campfire_rested":3,"item_purchase_floors":[12,12,14,14,53,53,53,53],"current_hp_per_floor":[62,62,62,56,56,34,58,48,48,42,35,35,35,88,93,92,93,93,93,93,93,93,93,93,92,92,77,77,77,77,69,69,69,87,87,87,47,47,47,31,58,58,58,85,85,87,86,86,93,93,93,93,93,93,77],"gold":332,"neow_bonus":"BOSS_RELIC","is_daily":false,"chose_seed":false,"campfire_upgraded":2,"win_rate":0.0,"timestamp":1610198956,"path_taken":["M","?","COS","M","?","E","R","E","T","M","?","$","R","$","R_BF","BOSS","M","AVR","?","?","M","R","M","M","T","?","E","M","NM","M","R_BF","BOSS","M","M","M","?","M","NM","R","?","T","R","HB","M","E","AVR","R_BF","BOSS","R","$","E","BOSS"],"items_purchased_type":["Relic","Potion","Relic","Relic","Relic","Relic","Relic","Card"],"build_version":"2020-12-22","purchased_purges":5,"victory":true,"max_hp_per_floor":[75,75,75,75,75,81,81,81,81,81,81,81,81,88,93,93,93,93,93,93,93,93,93,93,93,93,93,93,93,93,93,93,93,93,93,93,93,93,93,93,93,93,93,93,93,93,93,93,93,93,93,93,93,93,93],"relic_stats":{"Lee\u0027s Waffle":53,"Nunchaku":[9],"Busted Crown":10,"counters":[27,121],"Sundial":[6],"obtain_stats":[{"hubris:Metronome":28,"Vajra":9,"aspiration:PoetsPen_weak":19,"wanderingMiniBosses:OtherGremlinHorn":31,"Pet Ghost":8,"Replay:Bandana":30,"Nunchaku":43,"Sundial":40,"halation:PrussianBluePaint":47,"halation:LettersToHer":27,"jedi:command_common":27,"MerchantsRug":53,"Lee\u0027s Waffle":14,"halation:OrihimeAndHikoboshiSamaAndTears":19,"RobotSpaceExplorer:RoboCore":0,"vexMod:BerryBomb":6,"infinitespire:Joker Card":53,"vexMod:PaidLearning":14,"energizedSpire:OgreHead":34,"Anchor":38,"Busted Crown":45,"jedi:ominousloannote":12,"vexMod:CursedCompass":0,"Membership Card":53,"halation:PinkSoulGem":21,"Abe\u0027s Treasure":17,"infinitespire:PuzzleCube":54},{"hubris:Metronome":13,"Vajra":4,"aspiration:PoetsPen_weak":8,"wanderingMiniBosses:OtherGremlinHorn":16,"Pet Ghost":4,"Replay:Bandana":15,"Nunchaku":22,"Sundial":22,"halation:PrussianBluePaint":24,"halation:LettersToHer":12,"jedi:command_common":12,"MerchantsRug":25,"Lee\u0027s Waffle":6,"halation:OrihimeAndHikoboshiSamaAndTears":8,"RobotSpaceExplorer:RoboCore":0,"vexMod:BerryBomb":3,"infinitespire:Joker Card":25,"vexMod:PaidLearning":6,"energizedSpire:OgreHead":17,"Anchor":20,"Busted Crown":22,"jedi:ominousloannote":6,"vexMod:CursedCompass":0,"Membership Card":25,"halation:PinkSoulGem":9,"Abe\u0027s Treasure":7,"infinitespire:PuzzleCube":26},{"hubris:Metronome":67,"Vajra":27,"aspiration:PoetsPen_weak":49,"wanderingMiniBosses:OtherGremlinHorn":81,"Pet Ghost":27,"Replay:Bandana":75,"Nunchaku":102,"Sundial":102,"halation:PrussianBluePaint":110,"halation:LettersToHer":63,"jedi:command_common":63,"MerchantsRug":114,"Lee\u0027s Waffle":35,"halation:OrihimeAndHikoboshiSamaAndTears":49,"RobotSpaceExplorer:RoboCore":0,"vexMod:BerryBomb":19,"infinitespire:Joker Card":114,"vexMod:PaidLearning":35,"energizedSpire:OgreHead":85,"Anchor":93,"Busted Crown":102,"jedi:ominousloannote":35,"vexMod:CursedCompass":0,"Membership Card":114,"halation:PinkSoulGem":52,"Abe\u0027s Treasure":45,"infinitespire:PuzzleCube":116}]},"card_choices":[{"not_picked":["RobotSpaceExplorer:MetalStrike","RobotSpaceExplorer:SlimeMissile","RobotSpaceExplorer:SwiftStep"],"picked":"SKIP","floor":1},{"not_picked":["RobotSpaceExplorer:GearShield+1","RobotSpaceExplorer:ToxicBomb+1"],"picked":"RobotSpaceExplorer:StarLightning+1","floor":2},{"not_picked":["RobotSpaceExplorer:StunGrenade","RobotSpaceExplorer:SwiftStep","RobotSpaceExplorer:SlimeMissile"],"picked":"SKIP","floor":4},{"not_picked":["RobotSpaceExplorer:MiniDrones","RobotSpaceExplorer:MakeshiftVolley","RobotSpaceExplorer:Probe"],"picked":"SKIP","floor":6},{"not_picked":["RobotSpaceExplorer:GlueShot","RobotSpaceExplorer:SurgingStrike"],"picked":"RobotSpaceExplorer:ShockMissile","floor":8},{"not_picked":["RobotSpaceExplorer:MakeshiftVolley","RobotSpaceExplorer:SurgingShield","RobotSpaceExplorer:MiniDrones"],"picked":"SKIP","floor":10},{"not_picked":["RobotSpaceExplorer:FrostMissile","RobotSpaceExplorer:ScrapMissile"],"picked":"RobotSpaceExplorer:GlueShot","floor":11},{"not_picked":["RobotSpaceExplorer:Wormhole","RobotSpaceExplorer:Accelerator"],"picked":"RobotSpaceExplorer:TrailblazerForm","floor":16},{"not_picked":["RobotSpaceExplorer:ScrapMissile","RobotSpaceExplorer:SurgingShield","RobotSpaceExplorer:Probe"],"picked":"SKIP","floor":18},{"not_picked":["RobotSpaceExplorer:FranticSearch","RobotSpaceExplorer:Ammunition","RobotSpaceExplorer:SurgingStrike"],"picked":"SKIP","floor":20},{"not_picked":["RobotSpaceExplorer:SlimeMissile","RobotSpaceExplorer:MiniDrones+1","RobotSpaceExplorer:DoubleBlock"],"picked":"SKIP","floor":22},{"not_picked":["RobotSpaceExplorer:MiniDrones","RobotSpaceExplorer:ScrapMissile","RobotSpaceExplorer:RigExplosive"],"picked":"SKIP","floor":24},{"not_picked":["RobotSpaceExplorer:Pulsar","RobotSpaceExplorer:Smokescreen","RobotSpaceExplorer:ShovelStrike+1"],"picked":"SKIP","floor":25},{"not_picked":["RobotSpaceExplorer:SwiftStep","RobotSpaceExplorer:SurgingStrike"],"picked":"RobotSpaceExplorer:ChargingLaser","floor":28},{"not_picked":["RobotSpaceExplorer:ShovelStrike+1","RobotSpaceExplorer:DoubleBlock"],"picked":"RobotSpaceExplorer:JunkDive+1","floor":29},{"not_picked":["RobotSpaceExplorer:SwiftStep+1","RobotSpaceExplorer:Accelerator"],"picked":"RobotSpaceExplorer:StarLightning","floor":30},{"not_picked":["RobotSpaceExplorer:MiniDrones","RobotSpaceExplorer:Ammunition+1","RobotSpaceExplorer:Discharger+1"],"picked":"SKIP","floor":31},{"not_picked":["RobotSpaceExplorer:Asteroid","RobotSpaceExplorer:HighVoltage"],"picked":"RobotSpaceExplorer:TrailblazerForm","floor":33},{"not_picked":["RobotSpaceExplorer:StunGrenade+1","RobotSpaceExplorer:ScrapToss"],"picked":"RobotSpaceExplorer:PowerCollector","floor":35},{"not_picked":["RobotSpaceExplorer:ToxicBomb+1","RobotSpaceExplorer:ScrapMissile"],"picked":"RobotSpaceExplorer:StarLightning+1","floor":36},{"not_picked":["RobotSpaceExplorer:StunGrenade","RobotSpaceExplorer:ScrapMissile","RobotSpaceExplorer:ExhaustFan+1"],"picked":"SKIP","floor":37},{"not_picked":["RobotSpaceExplorer:SlimeMissile","RobotSpaceExplorer:MetalStrike+1"],"picked":"RobotSpaceExplorer:Ammunition+1","floor":38},{"not_picked":["RobotSpaceExplorer:SurgingStrike","RobotSpaceExplorer:Counterblock"],"picked":"RobotSpaceExplorer:Calculate+1","floor":39},{"not_picked":["RobotSpaceExplorer:Pulsar+1","RobotSpaceExplorer:SwiftStep+1"],"picked":"RobotSpaceExplorer:Jetpack+1","floor":40},{"not_picked":["ReplayTheSpireMod:Chaos Vortex","infinitespire:UltimateForm"],"picked":"infinitespire:Starlight","floor":40},{"not_picked":["RobotSpaceExplorer:SlimeMissile+1"],"picked":"SKIP","floor":46},{"not_picked":[],"picked":"RobotSpaceExplorer:Fix+1","floor":47},{"not_picked":["RobotSpaceExplorer:Calculate"],"picked":"SKIP","floor":54}],"player_experience":1397259,"relics_obtained":[{"floor":6,"key":"vexMod:BerryBomb"},{"floor":8,"key":"Pet Ghost"},{"floor":9,"key":"Vajra"},{"floor":28,"key":"hubris:Metronome"},{"floor":30,"key":"Replay:Bandana"},{"floor":31,"key":"wanderingMiniBosses:OtherGremlinHorn"},{"floor":38,"key":"Anchor"},{"floor":40,"key":"Sundial"},{"floor":43,"key":"halation:LettersToHer"},{"floor":43,"key":"Nunchaku"},{"floor":47,"key":"halation:PrussianBluePaint"},{"floor":54,"key":"infinitespire:PuzzleCube"}],"event_choices":[{"damage_healed":0,"gold_gain":0,"player_choice":"2","damage_taken":0,"max_hp_gain":0,"max_hp_loss":0,"event_name":"betterMatch:BetterMatch","floor":2,"gold_loss":0,"cards_obtained":["betterMatch:UncommonCard"]},{"damage_healed":0,"gold_gain":0,"cards_transformed":["RobotSpaceExplorer:Strike"],"player_choice":"Transformed","damage_taken":0,"max_hp_gain":0,"max_hp_loss":0,"event_name":"Transmorgrifier","floor":42,"gold_loss":0,"cards_obtained":["RobotSpaceExplorer:ShovelStrike"]}],"is_beta":false,"boss_relics":[{"not_picked":["aspiration:MobileForge","halation:LoveArrow"],"picked":"Abe\u0027s Treasure"},{"not_picked":["Ring of Chaos","energizedSpire:StickyHand"],"picked":"energizedSpire:OgreHead"}],"items_purged_floors":[12,14,19,48,53],"is_endless":false,"potions_floor_spawned":[4,11,16,18,24,29,31,33,35,36,47,54],"ascension_level":7}}