{"host":"roqztpbdbchtekes","time":1610187928,"event":{"mods":["A Magickal Journey","AchievementEnabler","BaseMod","Better Note","Better Third Choice","BetterRewards","Block Reminder","Colored Map","Colored Powertips","Curses Come First","DeckTracker","Minty Spire (QoL Compilation)","Relic Stats","Spicy Shops","StSLib"],"gold_per_floor":[117,117,42,42,42,42,81,81,81,101,1,21,102,102,102,102,102],"floor_reached":16,"playtime":605,"items_purged":["Strike_R","Strike_R"],"score":133,"play_id":"279f42a3-dd16-49a9-bb55-c1045d6a32c7","local_time":"20210109112528","is_ascension_mode":true,"campfire_choices":[{"data":"Bash","floor":6,"key":"SMITH"},{"data":"Strike_R","floor":8,"key":"SMITH"},{"data":"Flame Barrier","floor":15,"key":"SMITH"}],"circlet_count":0,"master_deck":["Strike_R","Strike_R","Strike_R+1","Defend_R+1","Defend_R","Defend_R","Bash+1","Clash+1","Flex","Metallicize","Flame Barrier+1","Regret"],"relics":["Burning Blood","NeowsBlessing","Golden Idol","Paper Frog","Self Forming Clay","Strawberry","Ornamental Fan"],"acts_visited":["Exordium"],"potions_floor_usage":[16],"damage_taken":[{"damage":0,"enemies":"Small Slimes","floor":1,"turns":1},{"damage":0,"enemies":"3 Sentries","floor":7,"turns":1},{"damage":0,"enemies":"Jaw Worm","floor":10,"turns":1},{"damage":3,"enemies":"2 Louse","floor":12,"turns":2},{"damage":9,"enemies":"Lagavulin Event","floor":13,"turns":4},{"damage":59,"enemies":"Slime Boss","floor":16,"turns":11}],"seed_played":"5859000415450397220","potions_obtained":[{"floor":7,"key":"FearPotion"},{"floor":13,"key":"EssenceOfSteel"}],"is_trial":false,"path_per_floor":["M","?","$","?","?","R","E","R","T","M","$","M","?","?","R","B"],"character_chosen":"IRONCLAD","items_purchased":[],"campfire_rested":0,"item_purchase_floors":[],"current_hp_per_floor":[80,64,64,44,37,37,43,43,43,49,49,52,56,56,56,0,0],"gold":102,"neow_bonus":"THREE_ENEMY_KILL","is_daily":false,"chose_seed":false,"campfire_upgraded":3,"win_rate":0.0,"timestamp":1610187928,"path_taken":["M","?","$","?","?","R","E","R","T","M","?","M","?","?","R","BOSS"],"items_purchased_type":[],"build_version":"2020-12-22","purchased_purges":2,"victory":false,"max_hp_per_floor":[80,80,80,80,80,80,80,80,80,80,80,80,87,87,87,87,87],"relic_stats":{"counters":[6,20],"Golden Idol":41,"Self Forming Clay":[33],"Ornamental Fan":[0],"obtain_stats":[{"NeowsBlessing":0,"Golden Idol":4,"Self Forming Clay":9,"Ornamental Fan":14,"Strawberry":13,"Burning Blood":0,"Paper Frog":7},{"NeowsBlessing":0,"Golden Idol":1,"Self Forming Clay":2,"Ornamental Fan":5,"Strawberry":5,"Burning Blood":0,"Paper Frog":2},{"NeowsBlessing":0,"Golden Idol":1,"Self Forming Clay":2,"Ornamental Fan":9,"Strawberry":9,"Burning Blood":0,"Paper Frog":2}],"Burning Blood":24},"card_choices":[{"not_picked":["Flex","Heavy Blade"],"picked":"Clash","floor":1},{"not_picked":["True Grit","Juggernaut","Anger"],"picked":"SKIP","floor":7},{"not_picked":["Heavy Blade","Headbutt"],"picked":"Flex","floor":10},{"not_picked":["Barricade","Rupture"],"picked":"Metallicize","floor":12},{"not_picked":["Second Wind","Clothesline"],"picked":"Flame Barrier","floor":13}],"player_experience":269907,"relics_obtained":[{"floor":7,"key":"Paper Frog"},{"floor":9,"key":"Self Forming Clay"},{"floor":13,"key":"Strawberry"}],"event_choices":[{"damage_healed":80,"gold_gain":0,"player_choice":"Upgrade","damage_taken":16,"max_hp_gain":0,"max_hp_loss":80,"event_name":"betterThird:BetterShining","floor":2,"gold_loss":0,"cards_upgraded":["Defend_R","Clash"]},{"damage_healed":0,"gold_gain":0,"player_choice":"Take Damage","damage_taken":20,"relics_obtained":["Golden Idol"],"max_hp_gain":0,"max_hp_loss":0,"event_name":"Golden Idol","floor":4,"gold_loss":0},{"cards_removed":["Defend_R"],"damage_healed":0,"gold_gain":0,"player_choice":"Card Removal","damage_taken":7,"max_hp_gain":0,"max_hp_loss":0,"event_name":"Golden Wing","floor":5,"gold_loss":0},{"damage_healed":0,"gold_gain":0,"player_choice":"Searched \u00272\u0027 times","damage_taken":0,"max_hp_gain":0,"max_hp_loss":0,"event_name":"Dead Adventurer","floor":13,"gold_loss":0},{"damage_healed":0,"gold_gain":0,"player_choice":"Box","damage_taken":0,"relics_obtained":["Ornamental Fan"],"max_hp_gain":0,"max_hp_loss":0,"event_name":"Big Fish","floor":14,"gold_loss":0,"cards_obtained":["Regret"]}],"is_beta":false,"boss_relics":[],"items_purged_floors":[3,11],"is_endless":false,"potions_floor_spawned":[7,13],"killed_by":"Slime Boss","ascension_level":2}}