{"host":"7eghw93eeze7thed","time":1610164575,"event":{"mods":["Act Like it!","Aspiration","BaseMod","CapriCore","Challenge The Spire","Colored Map","Colored Powertips","Gensokyo","Koishi","Marked Mod","Minty Spire (QoL Compilation)","Quick Restart","StSLib","The Immortal","The Jungle"],"gold_per_floor":[118,169,169,180,199,199,225,225,248,266,284,318,337,351,351,351,351],"floor_reached":16,"playtime":1233,"items_purged":[],"score":123,"play_id":"31e76621-62d8-4e17-b5a9-ed8a7f2286a4","local_time":"20210109115615","is_ascension_mode":true,"campfire_choices":[{"data":"Koishi:RacingHeart","floor":6.0,"key":"SMITH"},{"data":"Koishi:Bloodlust","floor":8.0,"key":"SMITH"},{"floor":15,"key":"REST"}],"circlet_count":0,"master_deck":["Koishi:BasicStrike","Koishi:BasicStrike","Koishi:BasicDefend","Koishi:BasicDefend","Koishi:BasicDefend","Koishi:Provoke","Koishi:HauntingSlash","Koishi:Vanish","Koishi:PhantomBarrier","Koishi:RacingHeart+1","Koishi:Bloodlust+1","Koishi:ReflexRadar","Koishi:IdleWhim","Koishi:DanmakuParanoia","Koishi:RacingHeart"],"relics":["Koishi:ImaginaryFriend","NeowsBlessing","Koishi:BloodstainedWhiteRose","Boot","InkBottle"],"acts_visited":["Gensokyo:Gensokyo"],"potions_floor_usage":[],"damage_taken":[{"damage":0.0,"enemies":"Gensokyo:2_Kodama","floor":1.0,"turns":1.0},{"damage":0.0,"enemies":"Gensokyo:Gryphon","floor":4.0,"turns":1.0},{"damage":0.0,"enemies":"Gensokyo:Python","floor":5.0,"turns":1.0},{"damage":23.0,"enemies":"Gensokyo:Mamizou","floor":7.0,"turns":13.0},{"damage":10.0,"enemies":"Gensokyo:Kitsune","floor":10.0,"turns":5.0},{"damage":0.0,"enemies":"Gensokyo:LivingMonolith","floor":11.0,"turns":3.0},{"damage":33.0,"enemies":"Gensokyo:Cirno","floor":12.0,"turns":7.0},{"damage":5,"enemies":"Gensokyo:CorruptedTreant","floor":13,"turns":7},{"damage":20,"enemies":"Gensokyo:VengefulSpirit","floor":14,"turns":7},{"damage":42,"enemies":"Gensokyo:Kokoro","floor":16,"turns":11}],"seed_played":"-2705315080822842831","potions_obtained":[{"floor":1.0,"key":"EssenceOfSteel"},{"floor":10.0,"key":"FearPotion"},{"floor":11.0,"key":"SkillPotion"},{"floor":12.0,"key":"Energy Potion"},{"floor":13,"key":"SteroidPotion"}],"is_trial":false,"path_per_floor":["M","T","?","M","M","R","E","R","T","M","M","E","M","M","R","B"],"character_chosen":"KOISHI","items_purchased":[],"campfire_rested":1,"item_purchase_floors":[],"current_hp_per_floor":[60,60,36,36,36,36,33,33,33,34,41,11,21,19,37,0,0],"gold":351,"neow_bonus":"THREE_ENEMY_KILL","is_daily":false,"chose_seed":false,"campfire_upgraded":2,"win_rate":0.0,"timestamp":1610164575,"path_taken":["M","?","?","M","?","R","E","R","T","M","M","E","M","M","R","BOSS"],"items_purchased_type":[],"build_version":"2020-12-22","purchased_purges":0,"victory":false,"max_hp_per_floor":[60,60,60,60,60,60,60,60,60,60,60,60,60,60,60,60,60],"card_choices":[{"not_picked":["Koishi:BramblyRoseGarden","Koishi:StingingMind"],"picked":"Koishi:Vanish","floor":1.0},{"not_picked":["Koishi:UnconsciousUprising","Koishi:MassHysteria"],"picked":"Koishi:PhantomBarrier","floor":4.0},{"not_picked":["Koishi:PhantomStrike","Koishi:FourthEye"],"picked":"Koishi:RacingHeart","floor":5.0},{"not_picked":["Koishi:PhantomBarrier","Koishi:ApparitionsStalkTheNight"],"picked":"Koishi:Bloodlust","floor":7.0},{"not_picked":["Koishi:StrangeCloudFist","Koishi:RorschachInDanmaku"],"picked":"Koishi:ReflexRadar","floor":10.0},{"not_picked":["Koishi:SubconsciousSweep","Koishi:SuperEgo"],"picked":"Koishi:IdleWhim","floor":11.0},{"not_picked":["Koishi:SubconsciousSweep","Koishi:ApparitionsStalkTheNight"],"picked":"Koishi:DanmakuParanoia","floor":12.0},{"not_picked":["Koishi:EmbryosDream","Koishi:ReflexRadar","Koishi:BramblyRoseGarden"],"picked":"SKIP","floor":13},{"not_picked":["Koishi:LastRemote","Koishi:MassHysteria"],"picked":"Koishi:RacingHeart","floor":14}],"player_experience":82949,"relics_obtained":[{"floor":7.0,"key":"Koishi:BloodstainedWhiteRose"},{"floor":9.0,"key":"Boot"},{"floor":12.0,"key":"InkBottle"}],"event_choices":[],"is_beta":false,"boss_relics":[],"items_purged_floors":[],"is_endless":false,"potions_floor_spawned":[1,10,11,12,13],"killed_by":"Gensokyo:Kokoro","ascension_level":2}}