{"host":"2brg86hfzr3u5cix","time":1610166286,"event":{"mods":["AchievementEnabler","Ascension Unlocker","BaseMod","CapriCore","DeckTracker","Highlight Path","Keyboard Shortcuts","Minty Spire (QoL Compilation)","Permanent Neow","Relic Stats","StSLib","The Cursed","Twitch Utils","Uncapped","UnlockEverythingMod"],"gold_per_floor":[18,38,38,58,58,83,83,96,145,145,220,220,248,262,262,336,336,352,6,6,6,6,6,24,24,24,50,67,167,167,179,179,252,252,262,262,274,7,55,55,74,74,154,170,182,182,200,235,235,235,235,235],"floor_reached":51,"playtime":2116,"items_purged":["Perseverance","WaveOfTheHand"],"score":1410,"play_id":"1cdeab96-3572-4c00-812c-fd8bd9dbb68b","local_time":"20210109132446","is_ascension_mode":true,"campfire_choices":[{"data":"Eruption","floor":7.0,"key":"SMITH"},{"data":"CrushJoints","floor":10.0,"key":"SMITH"},{"data":"ForeignInfluence","floor":15.0,"key":"SMITH"},{"data":"Vault","floor":23.0,"key":"SMITH"},{"data":"Ragnarok","floor":25.0,"key":"SMITH"},{"data":"ClearTheMind","floor":30.0,"key":"SMITH"},{"floor":32.0,"key":"REST"},{"floor":40.0,"key":"REST"},{"floor":46,"key":"RECALL"},{"floor":49,"key":"REST"}],"circlet_count":0,"master_deck":["AscendersBane","Eruption+1","Vigilance+1","EmptyFist","CutThroughFate","CrushJoints+1","ThirdEye","Halt","Vault+1","ForeignInfluence+1","Ragnarok+1","BattleHymn","Meditate","Omniscience","Pray+1","Perseverance","Prostrate","Writhe","JustLucky","MasterReality","MentalFortress","ClearTheMind+1","Protect","DeusExMachina","Weave","Doubt","DeusExMachina","FlurryOfBlows+1","EmptyMind+1"],"relics":["HolyWater","FossilizedHelix","Pear","Blood Vial","Potion Belt","Pandora\u0027s Box","TeardropLocket","Bag of Marbles","War Paint","Shuriken","GoldenEye","StrikeDummy","Sling","Du-Vu Doll","Lizard Tail"],"acts_visited":["Exordium","TheCity","TheBeyond"],"potions_floor_usage":[47,48],"damage_taken":[{"damage":0.0,"enemies":"Cultist","floor":1.0,"turns":3.0},{"damage":0.0,"enemies":"Jaw Worm","floor":2.0,"turns":3.0},{"damage":0.0,"enemies":"2 Louse","floor":4.0,"turns":2.0},{"damage":28.0,"enemies":"Gremlin Nob","floor":6.0,"turns":4.0},{"damage":0.0,"enemies":"Looter","floor":8.0,"turns":2.0},{"damage":0.0,"enemies":"Lagavulin","floor":13.0,"turns":3.0},{"damage":0.0,"enemies":"Large Slime","floor":14.0,"turns":4.0},{"damage":18.0,"enemies":"Hexaghost","floor":16.0,"turns":8.0},{"damage":0.0,"enemies":"Spheric Guardian","floor":18.0,"turns":2.0},{"damage":0.0,"enemies":"3 Byrds","floor":24.0,"turns":1.0},{"damage":36.0,"enemies":"Slavers","floor":27.0,"turns":3.0},{"damage":16.0,"enemies":"Snake Plant","floor":28.0,"turns":4.0},{"damage":8.0,"enemies":"Colosseum Slavers","floor":29.0,"turns":6.0},{"damage":35.0,"enemies":"Colosseum Nobs","floor":29.0,"turns":5.0},{"damage":14.0,"enemies":"Centurion and Healer","floor":31.0,"turns":4.0},{"damage":24.0,"enemies":"Champ","floor":33.0,"turns":11.0},{"damage":0.0,"enemies":"Orb Walker","floor":35.0,"turns":3.0},{"damage":47.0,"enemies":"3 Shapes","floor":37.0,"turns":5.0},{"damage":6.0,"enemies":"2 Orb Walkers","floor":39.0,"turns":4.0},{"damage":22,"enemies":"3 Darklings","floor":41,"turns":3},{"damage":0,"enemies":"Maw","floor":44,"turns":4},{"damage":43,"enemies":"4 Shapes","floor":45,"turns":4},{"damage":18,"enemies":"Spire Growth","floor":47,"turns":3},{"damage":0,"enemies":"Giant Head","floor":48,"turns":3},{"damage":106,"enemies":"Time Eater","floor":50,"turns":7},{"damage":13,"enemies":"Awakened One","floor":51,"turns":4}],"seed_played":"-6716167156103525907","potions_obtained":[{"floor":2.0,"key":"FairyPotion"},{"floor":4.0,"key":"SkillPotion"},{"floor":6.0,"key":"LiquidMemories"},{"floor":24.0,"key":"Dexterity Potion"},{"floor":27.0,"key":"Dexterity Potion"},{"floor":31.0,"key":"Weak Potion"},{"floor":35.0,"key":"Weak Potion"},{"floor":44,"key":"Weak Potion"},{"floor":47,"key":"GamblersBrew"}],"is_trial":false,"path_per_floor":["M","M","$","M","?","E","R","M","T","R","?","?","E","M","R","B",null,"M","$","?","?","$","R","M","R","T","E","M","?","R","M","R","B",null,"M","?","M","$","?","R","M","?","T","M","M","R","M","E","R","B","B"],"character_chosen":"WATCHER","items_purchased":["TeardropLocket","Sling"],"campfire_rested":3,"item_purchase_floors":[19,38],"current_hp_per_floor":[61,61,61,61,66,48,48,48,48,48,37,37,39,41,41,25,69,71,71,71,71,71,71,73,73,73,39,25,21,21,9,33,11,65,67,67,22,22,18,42,22,83,83,83,40,40,24,26,50,3,0,0],"gold":235,"neow_bonus":"ONE_RARE_RELIC","is_daily":false,"chose_seed":false,"campfire_upgraded":6,"win_rate":0.0,"timestamp":1610166286,"path_taken":["M","M","$","M","?","E","R","M","T","R","?","?","E","M","R","BOSS","M","$","?","?","?","R","M","R","T","E","M","?","R","M","R","BOSS","M","?","M","$","?","R","M","?","T","M","M","R","M","E","R","BOSS","BOSS"],"items_purchased_type":["Relic","Relic"],"build_version":"2020-12-22","purchased_purges":2,"victory":false,"max_hp_per_floor":[68,68,68,68,73,83,83,83,83,83,83,83,83,83,83,83,83,83,83,83,83,83,83,83,83,83,83,83,83,83,83,83,83,83,83,83,83,83,83,83,83,83,83,83,83,83,83,83,83,83,83,83],"relic_stats":{"Blood Vial":38,"Lizard Tail":41,"counters":[26,105],"Shuriken":[24],"Pandora\u0027s Box":["BattleHymn","Meditate","Omniscience","Pray","WaveOfTheHand","Perseverance","Perseverance"],"War Paint":["Pray","Vigilance"],"GoldenEye":[44],"obtain_stats":[{"Potion Belt":13,"Pear":6,"TeardropLocket":19,"War Paint":26,"GoldenEye":29,"Sling":38,"Blood Vial":9,"Du-Vu Doll":39,"Lizard Tail":48,"Shuriken":27,"HolyWater":34,"Pandora\u0027s Box":17,"Bag of Marbles":21,"PureWater":0,"StrikeDummy":29,"FossilizedHelix":0},{"Potion Belt":6,"Pear":4,"TeardropLocket":9,"War Paint":10,"GoldenEye":14,"Sling":18,"Blood Vial":5,"Du-Vu Doll":19,"Lizard Tail":24,"Shuriken":11,"HolyWater":16,"Pandora\u0027s Box":8,"Bag of Marbles":9,"PureWater":0,"StrikeDummy":14,"FossilizedHelix":0},{"Potion Belt":17,"Pear":12,"TeardropLocket":31,"War Paint":32,"GoldenEye":50,"Sling":73,"Blood Vial":14,"Du-Vu Doll":77,"Lizard Tail":94,"Shuriken":35,"HolyWater":65,"Pandora\u0027s Box":29,"Bag of Marbles":31,"PureWater":0,"StrikeDummy":50,"FossilizedHelix":0}]},"card_choices":[{"not_picked":["Protect","FlurryOfBlows"],"picked":"EmptyFist","floor":1.0},{"not_picked":["Fasting2","FollowUp"],"picked":"CutThroughFate","floor":2.0},{"not_picked":["FollowUp","BowlingBash"],"picked":"CrushJoints","floor":4.0},{"not_picked":["Study","Wallop"],"picked":"ThirdEye","floor":6.0},{"not_picked":["Consecrate","BattleHymn"],"picked":"Halt","floor":8.0},{"not_picked":["EmptyFist","Evaluate"],"picked":"Vault","floor":13.0},{"not_picked":["BowlingBash","Indignation"],"picked":"ForeignInfluence","floor":14.0},{"not_picked":["SpiritShield","Scrawl"],"picked":"Ragnarok","floor":16.0},{"not_picked":["Consecrate","CutThroughFate","Pray"],"picked":"SKIP","floor":18.0},{"not_picked":["Crescendo","Meditate"],"picked":"JustLucky","floor":24.0},{"not_picked":["Consecrate","Pray"],"picked":"MasterReality","floor":27.0},{"not_picked":["Prostrate","Swivel+1"],"picked":"MentalFortress","floor":28.0},{"not_picked":["FollowUp","PathToVictory"],"picked":"ClearTheMind","floor":29.0},{"not_picked":["WreathOfFlame","Evaluate"],"picked":"Protect","floor":31.0},{"not_picked":["SpiritShield","Ragnarok"],"picked":"DeusExMachina","floor":33.0},{"not_picked":["FlyingSleeves","CarveReality","FlurryOfBlows"],"picked":"SKIP","floor":35.0},{"not_picked":["Halt","Evaluate","Worship"],"picked":"SKIP","floor":37.0},{"not_picked":["Study","Perseverance+1"],"picked":"Weave","floor":41},{"not_picked":["ClearTheMind","WaveOfTheHand"],"picked":"DeusExMachina","floor":44},{"not_picked":["Protect+1","SashWhip+1"],"picked":"FlurryOfBlows+1","floor":45},{"not_picked":["Prostrate","Omniscience","JustLucky"],"picked":"SKIP","floor":47},{"not_picked":["SashWhip","PathToVictory"],"picked":"EmptyMind+1","floor":48}],"player_experience":335116,"relics_obtained":[{"floor":6.0,"key":"Pear"},{"floor":9.0,"key":"Blood Vial"},{"floor":13.0,"key":"Potion Belt"},{"floor":26.0,"key":"War Paint"},{"floor":27.0,"key":"Shuriken"},{"floor":29.0,"key":"GoldenEye"},{"floor":29.0,"key":"StrikeDummy"},{"floor":39.0,"key":"Du-Vu Doll"},{"floor":48,"key":"Lizard Tail"}],"event_choices":[{"damage_healed":0.0,"max_hp_gain":5.0,"max_hp_loss":0.0,"gold_gain":0.0,"event_name":"Big Fish","player_choice":"Donut","floor":5.0,"gold_loss":0.0,"damage_taken":0.0},{"damage_healed":0.0,"max_hp_gain":0.0,"max_hp_loss":0.0,"gold_gain":75.0,"event_name":"World of Goop","player_choice":"Gather Gold","floor":11.0,"gold_loss":0.0,"damage_taken":11.0},{"damage_healed":0.0,"max_hp_gain":0.0,"max_hp_loss":0.0,"gold_gain":0.0,"cards_transformed":["Strike_P"],"event_name":"Living Wall","player_choice":"Change","floor":12.0,"gold_loss":0.0,"damage_taken":0.0,"cards_obtained":["FlyingSleeves"]},{"damage_healed":0.0,"max_hp_gain":0.0,"max_hp_loss":0.0,"gold_gain":0.0,"event_name":"The Library","player_choice":"Read","floor":20.0,"gold_loss":0.0,"damage_taken":0.0,"cards_obtained":["Prostrate"]},{"damage_healed":0.0,"max_hp_gain":0.0,"max_hp_loss":0.0,"gold_gain":0.0,"event_name":"The Mausoleum","player_choice":"Opened","floor":21.0,"gold_loss":0.0,"damage_taken":0.0,"relics_obtained":["Bag of Marbles"],"cards_obtained":["Writhe"]},{"damage_healed":0.0,"max_hp_gain":0.0,"max_hp_loss":0.0,"gold_gain":0.0,"event_name":"Colosseum","player_choice":"Fight","floor":29.0,"gold_loss":0.0,"damage_taken":0.0},{"damage_healed":0.0,"max_hp_gain":0.0,"max_hp_loss":0.0,"gold_gain":0.0,"event_name":"Colosseum","player_choice":"Fought Nobs","floor":29.0,"gold_loss":0.0,"damage_taken":0.0},{"cards_removed":["FlyingSleeves"],"damage_healed":0.0,"max_hp_gain":0.0,"max_hp_loss":0.0,"gold_gain":0.0,"event_name":"Falling","player_choice":"Removed Attack","floor":36.0,"gold_loss":0.0,"damage_taken":0.0},{"damage_healed":0.0,"max_hp_gain":0.0,"max_hp_loss":0.0,"gold_gain":0.0,"event_name":"Mysterious Sphere","player_choice":"Fight","floor":39.0,"gold_loss":0.0,"damage_taken":0.0},{"damage_healed":61,"gold_gain":0,"player_choice":"Heal","damage_taken":0,"max_hp_gain":0,"max_hp_loss":0,"event_name":"MindBloom","floor":42,"gold_loss":0,"cards_obtained":["Doubt"]}],"is_beta":false,"boss_relics":[{"not_picked":["Runic Dome","Empty Cage"],"picked":"Pandora\u0027s Box"},{"not_picked":["Philosopher\u0027s Stone","Sozu"],"picked":"HolyWater"}],"items_purged_floors":[19,38],"is_endless":false,"potions_floor_spawned":[2,4,6,24,27,29,31,35,44,47],"killed_by":"Awakened One","ascension_level":20}}