{"host":"jksa5rawk3m4gilz","time":1610186677,"event":{"mods":["BaseMod","Colored Map","Highlight Path","Minty Spire (QoL Compilation)","Quick Restart"],"gold_per_floor":[110,122,122,47,62,62,93,93,93,168,168,179,193,221,221,294,294,309,52,71,84,0,0,34,34,34,63,63,63,63],"floor_reached":29,"playtime":1223,"items_purged":["Defend_P","Defend_P"],"score":488,"play_id":"1a9b9ec9-644e-4fe5-942e-85e2bdf0a07f","local_time":"20210109110437","is_ascension_mode":true,"campfire_choices":[{"data":"Eruption","floor":6,"key":"SMITH"},{"floor":11,"key":"REST"},{"data":"Collect","floor":15,"key":"SMITH"},{"floor":23,"key":"REST"},{"floor":25,"key":"REST"}],"circlet_count":0,"master_deck":["AscendersBane","Strike_P","Strike_P+1","Strike_P","Defend_P+1","Defend_P+1","Eruption+1","Vigilance+1","Collect+1","Fasting2","FlurryOfBlows+1","TalkToTheHand","LessonLearned","Wish+1","CurseOfTheBell","FlurryOfBlows","MentalFortress+1","DeusExMachina"],"relics":["Runic Pyramid","InkBottle","Art of War","StrikeDummy","Question Card","Calling Bell","Oddly Smooth Stone","Yang","Peace Pipe","ClockworkSouvenir","Meat on the Bone","Dream Catcher","Damaru"],"acts_visited":["Exordium","TheCity"],"potions_floor_usage":[12,27,27,27,29],"damage_taken":[{"damage":1,"enemies":"2 Louse","floor":1,"turns":2},{"damage":2,"enemies":"Jaw Worm","floor":2,"turns":4},{"damage":1,"enemies":"Small Slimes","floor":5,"turns":4},{"damage":0,"enemies":"Lagavulin","floor":7,"turns":4},{"damage":0,"enemies":"Exordium Wildlife","floor":12,"turns":4},{"damage":0,"enemies":"Blue Slaver","floor":13,"turns":2},{"damage":15,"enemies":"3 Sentries","floor":14,"turns":5},{"damage":33,"enemies":"Hexaghost","floor":16,"turns":7},{"damage":38,"enemies":"Spheric Guardian","floor":18,"turns":4},{"damage":0,"enemies":"Chosen","floor":20,"turns":3},{"damage":12,"enemies":"Sentry and Sphere","floor":21,"turns":4},{"damage":30,"enemies":"Slavers","floor":24,"turns":7},{"damage":18,"enemies":"Gremlin Leader","floor":27,"turns":6},{"damage":26,"enemies":"Slavers","floor":29,"turns":2}],"seed_played":"740115359077357216","potions_obtained":[{"floor":1,"key":"SpeedPotion"},{"floor":12,"key":"Fruit Juice"},{"floor":16,"key":"EntropicBrew"},{"floor":27,"key":"Block Potion"}],"is_trial":false,"path_per_floor":["M","M","?","$","M","R","E","T","T","?","R","M","M","E","R","B",null,"M","$","M","M","?","R","E","R","T","E","$","E"],"character_chosen":"WATCHER","items_purchased":["ClockworkSouvenir"],"campfire_rested":3,"item_purchase_floors":[19],"current_hp_per_floor":[64,62,55,55,54,54,54,54,54,43,64,69,69,54,54,21,63,25,25,25,13,13,36,6,29,29,23,23,0,0],"gold":63,"neow_bonus":"BOSS_RELIC","is_daily":false,"chose_seed":false,"campfire_upgraded":2,"win_rate":0.0,"timestamp":1610186677,"path_taken":["M","M","?","$","M","R","E","?","T","?","R","M","?","E","R","BOSS","M","$","M","M","?","R","E","R","T","E","$","E"],"items_purchased_type":["Relic"],"build_version":"2020-12-22","purchased_purges":2,"victory":false,"max_hp_per_floor":[72,72,72,72,72,72,72,72,72,72,72,77,77,77,77,77,77,77,77,77,77,77,77,77,77,77,77,77,77,77],"card_choices":[{"not_picked":["Adaptation","MentalFortress"],"picked":"Collect","floor":1},{"not_picked":["FlurryOfBlows","LikeWater"],"picked":"Fasting2","floor":2},{"not_picked":["Protect","Perseverance","SashWhip"],"picked":"SKIP","floor":5},{"not_picked":["Indignation","PathToVictory","EmptyBody"],"picked":"SKIP","floor":7},{"not_picked":["Meditate","SashWhip"],"picked":"FlurryOfBlows","floor":12},{"not_picked":["Weave","FlyingSleeves"],"picked":"TalkToTheHand","floor":13},{"not_picked":["CutThroughFate","SashWhip"],"picked":"LessonLearned","floor":14},{"not_picked":["Judgement","Ragnarok","Brilliance"],"picked":"Wish","floor":16},{"not_picked":["Evaluate","LikeWater","PathToVictory","Crescendo"],"picked":"SKIP","floor":18},{"not_picked":["CutThroughFate","CarveReality","CrushJoints"],"picked":"FlurryOfBlows","floor":20},{"not_picked":["SandsOfTime+1","WreathOfFlame","FollowUp","Protect"],"picked":"SKIP","floor":21},{"not_picked":["Weave","Nirvana","Halt"],"picked":"MentalFortress+1","floor":24},{"not_picked":["Sanctity","LikeWater","JustLucky"],"picked":"DeusExMachina","floor":27}],"player_experience":2117360,"relics_obtained":[{"floor":7,"key":"InkBottle"},{"floor":8,"key":"Art of War"},{"floor":9,"key":"StrikeDummy"},{"floor":14,"key":"Question Card"},{"floor":17,"key":"Oddly Smooth Stone"},{"floor":17,"key":"Yang"},{"floor":17,"key":"Peace Pipe"},{"floor":24,"key":"Meat on the Bone"},{"floor":26,"key":"Dream Catcher"},{"floor":27,"key":"Damaru"}],"event_choices":[{"cards_removed":["Strike_P"],"damage_healed":0,"gold_gain":0,"player_choice":"Card Removal","damage_taken":7,"max_hp_gain":0,"max_hp_loss":0,"event_name":"Golden Wing","floor":3,"gold_loss":0},{"damage_healed":0,"gold_gain":75,"player_choice":"Gather Gold","damage_taken":11,"max_hp_gain":0,"max_hp_loss":0,"event_name":"World of Goop","floor":10,"gold_loss":0},{"damage_healed":0,"gold_gain":0,"player_choice":"Paid Fearfully","damage_taken":0,"max_hp_gain":0,"max_hp_loss":0,"event_name":"Masked Bandits","floor":22,"gold_loss":84}],"is_beta":false,"boss_relics":[{"not_picked":["Pandora\u0027s Box","Tiny House"],"picked":"Calling Bell"}],"items_purged_floors":[4,19],"is_endless":false,"potions_floor_spawned":[1,12,16,27],"killed_by":"Slavers","ascension_level":13}}