{"host":"rv17l6ilftf4fv77","time":1610197368,"event":{"mods":["BaseMod","Minty Spire (QoL Compilation)"],"gold_per_floor":[110,110,128,128,128,128,161,177,177,188,217,217,245,260,260,358,408,419,447,465,465,151,185,185,31,58,75,87,112,155,184,196,305,317,345,374,402,162,180,195,195,229,229,249,259,270,270,295,295,295,295,295,13,39,39,39],"floor_reached":55,"playtime":2611,"items_purged":["Strike_P","Strike_P","Strike_P"],"score":1101,"play_id":"438e32b7-242c-4842-ae54-a309b587ce3c","local_time":"20210109210248","is_ascension_mode":true,"campfire_choices":[{"data":"Halt","floor":6.0,"key":"SMITH"},{"data":"TalkToTheHand","floor":15.0,"key":"SMITH"},{"data":"Scrawl","floor":24.0,"key":"SMITH"},{"data":"Ragnarok","floor":32.0,"key":"SMITH"},{"data":"Turbo","floor":41.0,"key":"SMITH"},{"floor":49.0,"key":"RECALL"},{"data":"Thinking Ahead","floor":52.0,"key":"SMITH"}],"circlet_count":0,"master_deck":["Strike_P","Defend_P","Defend_P","Defend_P","Eruption+1","Vigilance+1","Halt+1","Tantrum+1","Vault","Prostrate","TalkToTheHand+1","Scrawl+1","Ragnarok+1","TalkToTheHand+1","Collect+1","Sanctity","InnerPeace","Fasting2+1","Turbo+1","Finesse","Thinking Ahead+1","Pray","Warcry+1"],"relics":["PureWater","NeowsBlessing","Singing Bowl","Ornamental Fan","Akabeko","Prayer Wheel","Tiny House","Red Mask","Nilry\u0027s Codex","Meat on the Bone","Damaru","Medical Kit","Regal Pillow","MawBank","Gremlin Horn","Philosopher\u0027s Stone","PrismaticShard","Blood Vial","Pear","Art of War","Whetstone"],"acts_visited":["Exordium","TheCity","TheBeyond","TheEnding"],"potions_floor_usage":[54,55],"damage_taken":[{"damage":0.0,"enemies":"2 Louse","floor":1.0,"turns":1.0},{"damage":0.0,"enemies":"Small Slimes","floor":3.0,"turns":1.0},{"damage":0.0,"enemies":"Lagavulin","floor":7.0,"turns":1.0},{"damage":0.0,"enemies":"Jaw Worm","floor":8.0,"turns":4.0},{"damage":0.0,"enemies":"Blue Slaver","floor":10.0,"turns":3.0},{"damage":30.0,"enemies":"3 Sentries","floor":11.0,"turns":7.0},{"damage":0.0,"enemies":"Lagavulin","floor":13.0,"turns":4.0},{"damage":0.0,"enemies":"Looter","floor":14.0,"turns":2.0},{"damage":15.0,"enemies":"The Guardian","floor":16.0,"turns":14.0},{"damage":0.0,"enemies":"Shell Parasite","floor":18.0,"turns":5.0},{"damage":27.0,"enemies":"Masked Bandits","floor":19.0,"turns":4.0},{"damage":0.0,"enemies":"Spheric Guardian","floor":20.0,"turns":1.0},{"damage":9.0,"enemies":"Gremlin Leader","floor":23.0,"turns":6.0},{"damage":15.0,"enemies":"Snake Plant","floor":27.0,"turns":5.0},{"damage":0.0,"enemies":"Chosen and Byrds","floor":28.0,"turns":3.0},{"damage":1.0,"enemies":"Book of Stabbing","floor":30.0,"turns":5.0},{"damage":4.0,"enemies":"Cultist and Chosen","floor":31.0,"turns":4.0},{"damage":43.0,"enemies":"Collector","floor":33.0,"turns":8.0},{"damage":7.0,"enemies":"3 Shapes","floor":35.0,"turns":1.0},{"damage":11.0,"enemies":"3 Darklings","floor":36.0,"turns":5.0},{"damage":0.0,"enemies":"Jaw Worm Horde","floor":37.0,"turns":3.0},{"damage":0.0,"enemies":"4 Shapes","floor":39.0,"turns":2.0},{"damage":34.0,"enemies":"Spire Growth","floor":40.0,"turns":5.0},{"damage":0.0,"enemies":"Giant Head","floor":42.0,"turns":4.0},{"damage":0.0,"enemies":"Transient","floor":44.0,"turns":6.0},{"damage":0.0,"enemies":"Jaw Worm Horde","floor":45.0,"turns":2.0},{"damage":6.0,"enemies":"Sphere and 2 Shapes","floor":46.0,"turns":3.0},{"damage":0.0,"enemies":"Reptomancer","floor":48.0,"turns":5.0},{"damage":42.0,"enemies":"Time Eater","floor":50.0,"turns":9.0},{"damage":34,"enemies":"Shield and Spear","floor":54,"turns":6},{"damage":177,"enemies":"The Heart","floor":55,"turns":7}],"seed_played":"7770307365068892108","potions_obtained":[{"floor":7.0,"key":"Fire Potion"},{"floor":11.0,"key":"CultistPotion"},{"floor":14.0,"key":"BottledMiracle"},{"floor":16.0,"key":"Ancient Potion"},{"floor":17.0,"key":"BottledMiracle"},{"floor":18.0,"key":"EntropicBrew"},{"floor":37.0,"key":"LiquidMemories"},{"floor":44.0,"key":"Swift Potion"},{"floor":46.0,"key":"PowerPotion"}],"is_trial":false,"path_per_floor":["M","?","M","?","?","R","E","M","T","M","E","?","E","M","R","B",null,"M","?","M","?","$","E","R","$","T","M","M","T","E","M","R","B",null,"M","M","M","$","M","M","R","E","T","M","M","M","?","E","R","B",null,"R","$","E","B"],"character_chosen":"WATCHER","items_purchased":["Meat on the Bone","Medical Kit","PrismaticShard","DistilledChaos","Pray"],"campfire_rested":0,"item_purchase_floors":[22,25,38,53,53],"current_hp_per_floor":[72,72,72,60,60,60,60,60,60,62,34,27,27,29,29,14,67,69,44,48,32,32,37,37,37,37,36,52,52,53,63,63,34,87,82,75,79,79,83,63,63,65,75,81,87,87,79,83,83,55,126,126,126,94,0,0],"gold":39,"neow_bonus":"THREE_ENEMY_KILL","is_daily":false,"chose_seed":false,"campfire_upgraded":6,"win_rate":0.0,"timestamp":1610197368,"path_taken":["M","?","M","?","?","R","E","M","T","?","E","?","E","M","R","BOSS","M","?","M","?","$","E","R","?","T","M","?","?","E","M","R","BOSS","M","M","M","$","?","M","R","E","T","?","M","M","?","E","R","BOSS","R","$","E","BOSS"],"items_purchased_type":["Relic","Relic","Relic","Potion","Card"],"build_version":"2020-12-22","purchased_purges":3,"victory":false,"max_hp_per_floor":[72,72,72,72,72,72,72,72,72,74,76,76,76,78,78,78,83,85,87,91,91,91,93,93,93,93,95,99,99,101,103,103,105,105,107,111,115,115,119,121,121,123,133,137,141,145,147,149,149,149,149,149,149,149,149,149],"card_choices":[{"not_picked":["EmptyBody","Study"],"picked":"Halt","floor":1.0},{"not_picked":["Perseverance","Sanctity"],"picked":"Tantrum","floor":3.0},{"not_picked":["Adaptation","EmptyBody"],"picked":"Vault","floor":7.0},{"not_picked":["FollowUp","CrushJoints"],"picked":"Prostrate","floor":8.0},{"not_picked":["Sanctity","SandsOfTime","FollowUp"],"picked":"Singing Bowl","floor":10.0},{"not_picked":["PathToVictory","JustLucky","CutThroughFate"],"picked":"Singing Bowl","floor":11.0},{"not_picked":["JustLucky","WindmillStrike"],"picked":"TalkToTheHand","floor":13.0},{"not_picked":["DeceiveReality","Weave"],"picked":"Scrawl","floor":14.0},{"not_picked":["Nirvana","Perseverance","Consecrate"],"picked":"Singing Bowl","floor":14.0},{"not_picked":["LessonLearned","DeusExMachina"],"picked":"Ragnarok","floor":16.0},{"not_picked":["EmptyFist","JustLucky"],"picked":"TalkToTheHand","floor":17.0},{"not_picked":["Conclude","ClearTheMind"],"picked":"Collect+1","floor":18.0},{"not_picked":["ThirdEye","Protect","Perseverance"],"picked":"Singing Bowl","floor":18.0},{"not_picked":["Weave+1","Crescendo","PathToVictory"],"picked":"Singing Bowl","floor":19.0},{"not_picked":["CutThroughFate","EmptyBody+1","Protect+1"],"picked":"Singing Bowl","floor":20.0},{"not_picked":["Brilliance","Vengeance","Protect+1"],"picked":"Singing Bowl","floor":20.0},{"not_picked":["EmptyFist","EmptyBody","FlyingSleeves+1"],"picked":"Singing Bowl","floor":23.0},{"not_picked":["TalkToTheHand","BattleHymn+1"],"picked":"Sanctity","floor":27.0},{"not_picked":["SashWhip","Consecrate","Protect+1"],"picked":"Singing Bowl","floor":27.0},{"not_picked":["WindmillStrike+1","Protect","EmptyMind+1"],"picked":"Singing Bowl","floor":28.0},{"not_picked":["Wireheading","Devotion","PathToVictory"],"picked":"Singing Bowl","floor":28.0},{"not_picked":["Scrawl","DevaForm","Worship"],"picked":"Singing Bowl","floor":30.0},{"not_picked":["EmptyFist","Collect","TalkToTheHand"],"picked":"Singing Bowl","floor":31.0},{"not_picked":["SashWhip","EmptyFist"],"picked":"InnerPeace","floor":31.0},{"not_picked":["SpiritShield","Judgement","ConjureBlade"],"picked":"Singing Bowl","floor":33.0},{"not_picked":["BowlingBash","FlyingSleeves+1","FollowUp"],"picked":"Singing Bowl","floor":35.0},{"not_picked":["Wireheading","Sanctity"],"picked":"Fasting2+1","floor":35.0},{"not_picked":["ForeignInfluence","FlurryOfBlows","Protect"],"picked":"Singing Bowl","floor":36.0},{"not_picked":["Swivel+1","PathToVictory","ForeignInfluence"],"picked":"Singing Bowl","floor":36.0},{"not_picked":["Perseverance+1","CarveReality+1","FollowUp+1"],"picked":"Singing Bowl","floor":37.0},{"not_picked":["FlyingSleeves+1","Evaluate+1","EmptyBody"],"picked":"Singing Bowl","floor":37.0},{"not_picked":["FlyingSleeves","ThirdEye","Feed"],"picked":"Singing Bowl","floor":39.0},{"not_picked":["Flex+1","Headbutt+1","Fasting2+1"],"picked":"Singing Bowl","floor":39.0},{"not_picked":["Spot Weakness+1","FlyingSleeves"],"picked":"Turbo","floor":40.0},{"not_picked":["Capacitor+1","FlyingSleeves+1","Stack+1"],"picked":"Singing Bowl","floor":40.0},{"not_picked":["Pummel+1","Terror","Crescendo"],"picked":"Singing Bowl","floor":42.0},{"not_picked":["Sentinel","Backstab+1","Envenom"],"picked":"Singing Bowl","floor":44.0},{"not_picked":["Dagger Spray+1","Melter","Turbo"],"picked":"Singing Bowl","floor":44.0},{"not_picked":["Steam+1","Outmaneuver+1","Deadly Poison+1"],"picked":"Singing Bowl","floor":45.0},{"not_picked":["SashWhip","Dagger Throw+1","Auto Shields"],"picked":"Singing Bowl","floor":45.0},{"not_picked":["Leg Sweep+1","DeusExMachina","Warcry"],"picked":"Singing Bowl","floor":46.0},{"not_picked":["Havoc+1","EmptyFist+1","Panacea+1"],"picked":"Singing Bowl","floor":46.0},{"not_picked":["Magnetism","Bandage Up","Enlightenment"],"picked":"Singing Bowl","floor":47.0},{"not_picked":["PanicButton","Good Instincts"],"picked":"Finesse","floor":47.0},{"not_picked":["Panacea","Forethought"],"picked":"Thinking Ahead","floor":47.0},{"not_picked":["BattleHymn+1","SignatureMove","Outmaneuver+1"],"picked":"Singing Bowl","floor":48.0},{"not_picked":["FlyingSleeves","Poisoned Stab+1"],"picked":"Warcry+1","floor":54}],"player_experience":197498,"relics_obtained":[{"floor":7.0,"key":"Ornamental Fan"},{"floor":11.0,"key":"Akabeko"},{"floor":13.0,"key":"Prayer Wheel"},{"floor":19.0,"key":"Red Mask"},{"floor":21.0,"key":"Nilry\u0027s Codex"},{"floor":23.0,"key":"Damaru"},{"floor":26.0,"key":"Regal Pillow"},{"floor":29.0,"key":"MawBank"},{"floor":30.0,"key":"Gremlin Horn"},{"floor":42.0,"key":"Blood Vial"},{"floor":43.0,"key":"Pear"},{"floor":48.0,"key":"Art of War"},{"floor":54,"key":"Whetstone"}],"event_choices":[{"damage_healed":0.0,"max_hp_gain":0.0,"max_hp_loss":0.0,"gold_gain":0.0,"event_name":"Shining Light","player_choice":"Ignored","floor":2.0,"gold_loss":0.0,"damage_taken":0.0},{"damage_healed":0.0,"max_hp_gain":0.0,"max_hp_loss":0.0,"gold_gain":0.0,"event_name":"Scrap Ooze","player_choice":"Success","floor":4.0,"gold_loss":0.0,"damage_taken":12.0,"relics_obtained":["Singing Bowl"]},{"damage_healed":0.0,"max_hp_gain":0.0,"max_hp_loss":0.0,"gold_gain":0.0,"event_name":"Living Wall","player_choice":"Grow","floor":5.0,"gold_loss":0.0,"damage_taken":0.0,"cards_upgraded":["Eruption"]},{"cards_removed":["Defend_P"],"damage_healed":0.0,"max_hp_gain":0.0,"max_hp_loss":0.0,"gold_gain":0.0,"event_name":"Golden Wing","player_choice":"Card Removal","floor":12.0,"gold_loss":0.0,"damage_taken":7.0},{"damage_healed":0.0,"max_hp_gain":0.0,"max_hp_loss":0.0,"gold_gain":0.0,"event_name":"Masked Bandits","player_choice":"Fought Bandits","floor":19.0,"gold_loss":0.0,"damage_taken":0.0},{"damage_healed":0.0,"max_hp_gain":0.0,"max_hp_loss":0.0,"gold_gain":0.0,"event_name":"Cursed Tome","player_choice":"Obtained Book","floor":21.0,"gold_loss":0.0,"damage_taken":16.0},{"damage_healed":0.0,"max_hp_gain":0.0,"max_hp_loss":0.0,"gold_gain":0.0,"event_name":"SensoryStone","player_choice":"Memory 3","floor":47.0,"gold_loss":0.0,"damage_taken":10.0}],"is_beta":false,"boss_relics":[{"not_picked":["Pandora\u0027s Box","Busted Crown"],"picked":"Tiny House"},{"not_picked":["Black Star","Cursed Key"],"picked":"Philosopher\u0027s Stone"}],"items_purged_floors":[22,38,53],"is_endless":false,"potions_floor_spawned":[7,11,14,16,18,20,27,31,37,39,42,44,45,46],"killed_by":"The Heart","ascension_level":5}}