{"host":"r2xhbz7xmd090pnn","time":1610223760,"event":{"mods":["2.2 Compatiblity","AchievementEnabler","BaseMod","Better Third Choice","Block Reminder","Card Forge","Dark Map","Downfall","Hermit","Marisa????????","Minty Spire (QoL Compilation)","Rare Cards Sparkle","Replay The Spire","StSLib","SuperFastMode","The Bug Knight","The Necromancer","The Runesmith","The Servant 0.9.4"],"gold_per_floor":[114,132,25,25,41,70,45,73,73,73,90,109,109,120,120,218,218,235,160,140,154,167,167,182,198,198,198,215,230,505,312,312,412,412,425,425,425],"floor_reached":36,"playtime":933,"items_purged":[],"score":528,"play_id":"2516b533-89d6-4659-a9bc-0e6e5f8a7505","local_time":"20210109122240","is_ascension_mode":false,"campfire_choices":[{"floor":10,"key":"REST"},{"floor":13,"key":"REST"},{"data":"Bouncing Flask","floor":15,"key":"SMITH"},{"floor":23,"key":"REST"},{"floor":27,"key":"REST"},{"data":"ReplayTheSpireMod:Tripwire","floor":32,"key":"SMITH"}],"circlet_count":0,"master_deck":["Defend_G+3","Defend_G+3","Survivor+1","Neutralize+1","Envenom+1","Poisoned Stab+1","Replay:Poison Smokescreen+1","Noxious Fumes+1","Glass Knife+1","Heel Hook+1","Slice+1","Catalyst+1","Toxin Wave+1","Bouncing Flask+1","Atom Bomb+1","Sucker Punch+1","Terror+1","Poisoned Stab+1","Slice+1","ReplayTheSpireMod:Tripwire+1","ReplayTheSpireMod:Tripwire+1","Malaise","Flying Knee"],"relics":["Ring of the Snake","Hammer of Thor","Seething Fire","Anvil of the Gods","ReplayTheSpireMod:CursedCoin","Onion Ring","Blue Doll","Anchor","Kunai","ChewingGum","Replay:Bottled Snecko","Simple Rune","ReplayTheSpireMod:DimensionalGlitch"],"acts_visited":["Exordium","TheCity","TheBeyond"],"potions_floor_usage":[16,16,24,33],"damage_taken":[{"damage":5,"enemies":"2 Louse","floor":1,"turns":3},{"damage":0,"enemies":"Cultist","floor":2,"turns":4},{"damage":3,"enemies":"Jaw Worm","floor":5,"turns":3},{"damage":11,"enemies":"3 Sentries","floor":6,"turns":6},{"damage":9,"enemies":"Replay:BlueRogue","floor":8,"turns":4},{"damage":8,"enemies":"Gremlin Gang","floor":11,"turns":3},{"damage":0,"enemies":"Blue Slaver","floor":12,"turns":2},{"damage":2,"enemies":"Exordium Thugs","floor":14,"turns":3},{"damage":43,"enemies":"Fading Forest","floor":16,"turns":11},{"damage":9,"enemies":"2 Thieves","floor":18,"turns":3},{"damage":0,"enemies":"Snake Plant","floor":21,"turns":1},{"damage":0,"enemies":"Cultist and Chosen","floor":22,"turns":3},{"damage":6,"enemies":"Shelled Parasite and Fungi","floor":24,"turns":3},{"damage":2,"enemies":"3 Cultists","floor":25,"turns":4},{"damage":0,"enemies":"Centurion and Healer","floor":28,"turns":3},{"damage":0,"enemies":"Cultist and Chosen","floor":29,"turns":3},{"damage":18,"enemies":"Pondfish","floor":33,"turns":7},{"damage":25,"enemies":"3 Shapes","floor":35,"turns":5}],"seed_played":"846731447326649093","potions_obtained":[{"floor":2,"key":"SteroidPotion"},{"floor":11,"key":"PowerPotion"},{"floor":12,"key":"Toxic Potion"},{"floor":18,"key":"Weak Potion"},{"floor":20,"key":"Milkshake"},{"floor":25,"key":"Explosive Potion"},{"floor":35,"key":"sneckomod:MuddlingPotion"}],"is_trial":false,"path_per_floor":["M","M","$","?","M","E","$","E","T","R","M","M","R","M","R","B",null,"M","?","?","M","M","R","M","M","T","R","M","M","?","$","R","B",null,"M","?"],"character_chosen":"THE_SILENT","items_purchased":["ReplayTheSpireMod:CursedCoin","Onion Ring","Heel Hook","Simple Rune","ReplayTheSpireMod:Tripwire"],"campfire_rested":4,"item_purchase_floors":[3,3,7,31,31],"current_hp_per_floor":[65,65,65,65,62,51,51,42,42,63,55,55,70,68,68,35,70,61,61,61,61,61,70,64,62,62,70,70,70,70,70,70,52,70,45,45,45],"gold":425,"neow_bonus":"ONE_RANDOM_RARE_CARD","is_daily":false,"chose_seed":false,"campfire_upgraded":2,"win_rate":0.0,"timestamp":1610223760,"path_taken":["M","M","$","?","?","E","?","E","T","R","M","M","R","M","R","BOSS","M","?","?","M","M","R","M","M","T","R","?","?","?","$","R","BOSS","M","?"],"items_purchased_type":["Relic","Relic","Card","Relic","Card"],"build_version":"2020-12-22","purchased_purges":0,"victory":false,"max_hp_per_floor":[70,70,70,70,70,70,70,70,70,70,70,70,70,70,70,70,70,70,70,70,70,70,70,70,70,70,70,70,70,70,70,70,70,70,70,70,70],"card_choices":[{"not_picked":["Acrobatics","Flechettes"],"picked":"Poisoned Stab","floor":1},{"not_picked":["Reflex","Outmaneuver"],"picked":"Replay:Poison Smokescreen","floor":2},{"not_picked":["Draining Mist","Dodge and Roll"],"picked":"Noxious Fumes","floor":5},{"not_picked":["Deadly Poison","Deflect"],"picked":"Glass Knife","floor":6},{"not_picked":["Dagger Spray","ReplayTheSpireMod:Scrap Shanks"],"picked":"Slice","floor":8},{"not_picked":["Deadly Poison","Blade Dance"],"picked":"Catalyst","floor":11},{"not_picked":["Well Laid Plans","Sucker Punch"],"picked":"Toxin Wave","floor":12},{"not_picked":["Bane","Poisoned Stab"],"picked":"Bouncing Flask","floor":14},{"not_picked":["Corpse Explosion","Night Terror"],"picked":"Atom Bomb","floor":16},{"not_picked":["Flechettes","Backflip"],"picked":"Sucker Punch+1","floor":18},{"not_picked":["Poisoned Stab","Eviscerate+1","Prepared"],"picked":"SKIP","floor":21},{"not_picked":["Bouncing Flask","Infinite Blades","Backflip"],"picked":"SKIP","floor":22},{"not_picked":["Acrobatics","Flying Knee"],"picked":"Terror+1","floor":24},{"not_picked":["Bouncing Flask+1","Calculated Gamble"],"picked":"Poisoned Stab","floor":25},{"not_picked":["Outmaneuver","Fluid Movement"],"picked":"Slice","floor":28},{"not_picked":["Hidden Blade","Sucker Punch","Dagger Throw"],"picked":"SKIP","floor":29},{"not_picked":["Envenom","Replay:Bag of Tricks"],"picked":"Malaise","floor":33},{"not_picked":["Dagger Spray+1","Prepared+1"],"picked":"Flying Knee","floor":35}],"player_experience":7719,"relics_obtained":[{"floor":6,"key":"Blue Doll"},{"floor":8,"key":"Anchor"},{"floor":9,"key":"Kunai"},{"floor":26,"key":"Replay:Bottled Snecko"}],"event_choices":[{"cards_removed":["Defend_G"],"damage_healed":0,"gold_gain":0,"player_choice":"Purged","damage_taken":0,"max_hp_gain":0,"max_hp_loss":0,"event_name":"Purifier","floor":4,"gold_loss":0},{"cards_removed":["Strike_G"],"damage_healed":0,"gold_gain":0,"player_choice":"Gave Gold","damage_taken":0,"max_hp_gain":0,"max_hp_loss":0,"event_name":"Beggar","floor":19,"gold_loss":75},{"damage_healed":0,"gold_gain":0,"player_choice":"Bought 1 Potion","damage_taken":0,"max_hp_gain":0,"max_hp_loss":0,"event_name":"The Woman in Blue","floor":20,"gold_loss":0},{"damage_healed":0,"gold_gain":275,"player_choice":"Desecrate","damage_taken":0,"max_hp_gain":0,"max_hp_loss":0,"event_name":"Golden Shrine","floor":30,"gold_loss":0,"cards_obtained":["Regret"]}],"is_beta":false,"boss_relics":[{"not_picked":["Replay:Grab Bag","Snecko Scales"],"picked":"ChewingGum"},{"not_picked":["Black Star","SacredBark"],"picked":"ReplayTheSpireMod:DimensionalGlitch"}],"items_purged_floors":[],"is_endless":false,"potions_floor_spawned":[2,11,12,14,18,22,25,35],"ascension_level":0}}