{"host":"wha9hktbkslqvblg","time":1610169177,"event":{"mods":["BaseMod","Colored Map","Minty Spire (QoL Compilation)","Relic Stats","SuperFastMode","everything is the same but u backflip on backflip"],"gold_per_floor":[112,187,36,36,1,40,40,84,132,132,155,190,264,288,288,384,384,407,427,75,75,93,93,16,39,92,92,130,130,145,179,179,179,179],"floor_reached":33,"playtime":695,"items_purged":["Strike_R"],"score":702,"play_id":"4052e03d-65d8-46a2-a645-793aa000d34a","local_time":"20210109141257","is_ascension_mode":true,"campfire_choices":[{"data":"Perfected Strike","floor":7.0,"key":"SMITH"},{"data":"Wild Strike","floor":10.0,"key":"SMITH"},{"floor":15.0,"key":"RECALL"},{"floor":23.0,"key":"REST"},{"data":"Perfected Strike","floor":27.0,"key":"SMITH"},{"data":"Perfected Strike","floor":29.0,"key":"SMITH"},{"data":"Corruption","floor":32.0,"key":"SMITH"}],"circlet_count":0,"master_deck":["AscendersBane","Strike_R+1","Strike_R+1","Strike_R+1","Strike_R+1","Defend_R+1","Defend_R+1","Defend_R+1","Defend_R+1","Bash","Perfected Strike+1","Wild Strike+1","Flash of Steel","Brutality","Thunderclap","Pommel Strike","Power Through","Corruption+1","Feel No Pain","Pommel Strike","Shrug It Off","Perfected Strike+1","Evolve","Perfected Strike+1","Warcry+1"],"relics":["Burning Blood","NeowsBlessing","Golden Idol","Bag of Preparation","Centennial Puzzle","Happy Flower","Singing Bowl","Incense Burner","Sozu","Regal Pillow","Bag of Marbles","WingedGreaves","Tiny Chest"],"acts_visited":["Exordium","TheCity"],"potions_floor_usage":[],"damage_taken":[{"damage":0.0,"enemies":"Jaw Worm","floor":1.0,"turns":1.0},{"damage":0.0,"enemies":"Lagavulin","floor":6.0,"turns":1.0},{"damage":0.0,"enemies":"Gremlin Nob","floor":8.0,"turns":1.0},{"damage":3.0,"enemies":"2 Louse","floor":11.0,"turns":2.0},{"damage":22.0,"enemies":"3 Sentries","floor":12.0,"turns":4.0},{"damage":18.0,"enemies":"3 Sentries","floor":13.0,"turns":6.0},{"damage":1.0,"enemies":"Small Slimes","floor":14.0,"turns":2.0},{"damage":44.0,"enemies":"Hexaghost","floor":16.0,"turns":7.0},{"damage":25.0,"enemies":"3 Byrds","floor":18.0,"turns":5.0},{"damage":20.0,"enemies":"Spheric Guardian","floor":19.0,"turns":5.0},{"damage":12.0,"enemies":"Snecko","floor":22.0,"turns":3.0},{"damage":2.0,"enemies":"Cultist and Chosen","floor":25.0,"turns":5.0},{"damage":29.0,"enemies":"Slavers","floor":28.0,"turns":4.0},{"damage":1.0,"enemies":"Centurion and Healer","floor":30.0,"turns":2.0},{"damage":19.0,"enemies":"Gremlin Leader","floor":31.0,"turns":5.0},{"damage":24,"enemies":"Automaton","floor":33,"turns":6}],"seed_played":"-104213609171811093","potions_obtained":[{"floor":11.0,"key":"GamblersBrew"},{"floor":13.0,"key":"BlessingOfTheForge"}],"is_trial":false,"path_per_floor":["M","?","$","?","?","E","R","E","T","R","M","E","?","M","R","B",null,"M","M","$","?","M","R","$","M","T","R","E","R","M","E","R","B"],"character_chosen":"IRONCLAD","items_purchased":["Wild Strike","Flash of Steel","Pommel Strike","Shrug It Off","Regal Pillow","Evolve"],"campfire_rested":1,"item_purchase_floors":[3,3,20,20,20,24],"current_hp_per_floor":[74,63,63,37,55,61,61,67,67,67,70,54,44,51,51,13,63,46,32,32,32,26,65,65,71,71,71,48,48,53,42,42,18,18],"gold":179,"neow_bonus":"THREE_ENEMY_KILL","is_daily":false,"chose_seed":false,"campfire_upgraded":5,"win_rate":0.0,"timestamp":1610169177,"path_taken":["M","?","$","?","?","E","R","E","T","R","M","E","?","M","R","BOSS","M","M","$","?","M","R","$","M","T","R","E","R","M","E","R","BOSS"],"items_purchased_type":["Card","Card","Card","Card","Relic","Card"],"build_version":"2020-12-22","purchased_purges":1,"victory":false,"max_hp_per_floor":[75,75,75,75,75,75,75,75,75,75,75,75,77,79,79,79,79,81,81,81,81,81,81,81,83,83,83,83,83,83,85,85,85,85],"relic_stats":{"Sozu":3,"Centennial Puzzle":[39],"Regal Pillow":15,"Happy Flower":[18],"Singing Bowl":10,"counters":[16,59],"Golden Idol":111,"Tiny Chest":0,"Bag of Preparation":[28],"obtain_stats":[{"Regal Pillow":20,"NeowsBlessing":0,"Happy Flower":9,"Singing Bowl":12,"Golden Idol":4,"Bag of Preparation":6,"Incense Burner":13,"Burning Blood":0,"Sozu":17,"Centennial Puzzle":8,"Tiny Chest":31,"WingedGreaves":28,"Bag of Marbles":26},{"Regal Pillow":10,"NeowsBlessing":0,"Happy Flower":3,"Singing Bowl":5,"Golden Idol":1,"Bag of Preparation":2,"Incense Burner":6,"Burning Blood":0,"Sozu":8,"Centennial Puzzle":3,"Tiny Chest":15,"WingedGreaves":13,"Bag of Marbles":12},{"Regal Pillow":34,"NeowsBlessing":0,"Happy Flower":3,"Singing Bowl":9,"Golden Idol":1,"Bag of Preparation":2,"Incense Burner":15,"Burning Blood":0,"Sozu":24,"Centennial Puzzle":3,"Tiny Chest":53,"WingedGreaves":46,"Bag of Marbles":42}],"Burning Blood":90},"card_choices":[{"not_picked":["Warcry","Ghostly Armor"],"picked":"Perfected Strike","floor":1.0},{"not_picked":["True Grit","Spot Weakness"],"picked":"Brutality","floor":6.0},{"not_picked":["Heavy Blade","Cleave"],"picked":"Thunderclap","floor":8.0},{"not_picked":["Armaments","Thunderclap"],"picked":"Pommel Strike","floor":11.0},{"not_picked":["Metallicize","Dual Wield"],"picked":"Power Through","floor":12.0},{"not_picked":["Headbutt","True Grit","Rupture"],"picked":"Singing Bowl","floor":13.0},{"not_picked":["Brutality","Warcry","Ghostly Armor"],"picked":"Singing Bowl","floor":14.0},{"not_picked":["Bludgeon","Demon Form"],"picked":"Corruption","floor":16.0},{"not_picked":["Heavy Blade","Flex+1","Warcry"],"picked":"Singing Bowl","floor":18.0},{"not_picked":["Wild Strike","Shockwave"],"picked":"Feel No Pain","floor":19.0},{"not_picked":["Shrug It Off","Dual Wield"],"picked":"Perfected Strike","floor":22.0},{"not_picked":["Clash","Cleave","Body Slam"],"picked":"Singing Bowl","floor":25.0},{"not_picked":["Flex","Thunderclap"],"picked":"Perfected Strike","floor":28.0},{"not_picked":["Twin Strike","Armaments"],"picked":"Warcry+1","floor":30.0},{"not_picked":["Intimidate","Sword Boomerang","Second Wind"],"picked":"Singing Bowl","floor":31.0}],"player_experience":948634,"relics_obtained":[{"floor":6.0,"key":"Bag of Preparation"},{"floor":8.0,"key":"Centennial Puzzle"},{"floor":9.0,"key":"Happy Flower"},{"floor":12.0,"key":"Singing Bowl"},{"floor":13.0,"key":"Incense Burner"},{"floor":26.0,"key":"Bag of Marbles"},{"floor":28.0,"key":"WingedGreaves"},{"floor":31.0,"key":"Tiny Chest"}],"event_choices":[{"damage_healed":0.0,"max_hp_gain":0.0,"max_hp_loss":0.0,"gold_gain":75.0,"event_name":"World of Goop","player_choice":"Gather Gold","floor":2.0,"gold_loss":0.0,"damage_taken":11.0},{"damage_healed":0.0,"max_hp_gain":0.0,"max_hp_loss":0.0,"gold_gain":0.0,"event_name":"Golden Idol","player_choice":"Take Damage","floor":4.0,"gold_loss":0.0,"damage_taken":26.0,"relics_obtained":["Golden Idol"]},{"damage_healed":18.0,"max_hp_gain":0.0,"max_hp_loss":0.0,"gold_gain":0.0,"event_name":"The Cleric","player_choice":"Healed","floor":5.0,"gold_loss":35.0,"damage_taken":0.0},{"damage_healed":0.0,"max_hp_gain":0.0,"max_hp_loss":0.0,"gold_gain":0.0,"event_name":"Dead Adventurer","player_choice":"Searched \u00271\u0027 times","floor":13.0,"gold_loss":0.0,"damage_taken":0.0},{"damage_healed":0.0,"max_hp_gain":0.0,"max_hp_loss":0.0,"gold_gain":0.0,"event_name":"Back to Basics","player_choice":"Simplicity","floor":21.0,"gold_loss":0.0,"damage_taken":0.0,"cards_upgraded":["Strike_R","Strike_R","Strike_R","Strike_R","Defend_R","Defend_R","Defend_R","Defend_R"]}],"is_beta":false,"boss_relics":[{"not_picked":["Runic Dome","Busted Crown"],"picked":"Sozu"}],"items_purged_floors":[20],"is_endless":false,"potions_floor_spawned":[11,13,14,22,30,31],"killed_by":"Automaton","ascension_level":20}}