{"host":"pgqkv8mh62pnrbci","time":1610174970,"event":{"mods":["2.2 Compatiblity","AchievementEnabler","BaseMod","Custom Start","DeckTracker","Minty Spire (QoL Compilation)","StSLib","SuperFastMode"],"gold_per_floor":[110,124,143,163,180,180,213,225,263,275,287,299,328,370,382,467,479,502,439,100,120,135,135,168,181,230,250,280,280,295,18,18,92,92,109,122,122,0,17,17,46,61,61,6,17,17,27,27,27,27,27],"floor_reached":50,"playtime":2341,"items_purged":["Strike_G"],"score":1030,"play_id":"de4872c6-eaea-40d7-b2b0-8d90094cded7","local_time":"20210109154930","is_ascension_mode":true,"campfire_choices":[{"floor":6.0,"key":"RECALL"},{"floor":8.0,"key":"REST"},{"floor":10.0,"key":"REST"},{"floor":15.0,"key":"REST"},{"floor":23.0,"key":"REST"},{"floor":32.0,"key":"REST"},{"floor":40.0,"key":"REST"},{"floor":49,"key":"REST"}],"circlet_count":0,"master_deck":["AscendersBane","Strike_G+1","Strike_G+1","Defend_G+1","Defend_G+1","Defend_G+1","Defend_G+1","Defend_G+1","Survivor","Neutralize","Blade Dance","Choke","Calculated Gamble+1","Cloak And Dagger","Burst","Escape Plan","Crippling Poison","Footwork","Tools of the Trade","Blade Dance","Apotheosis","Well Laid Plans","PiercingWail+1","Expertise","Calculated Gamble","Terror","Noxious Fumes","Doppelganger","Distraction","Well Laid Plans","Acrobatics+1","Tactician+1","Flash of Steel","Writhe"],"relics":["Fusion Hammer","MawBank","Oddly Smooth Stone","Blood Vial","HoveringKite","Pen Nib","Strawberry","Akabeko","Paper Crane","WristBlade","Red Mask","Torii","Mummified Hand"],"acts_visited":["Exordium","TheCity","TheBeyond"],"potions_floor_usage":[45,45,50],"damage_taken":[{"damage":5.0,"enemies":"Cultist","floor":1.0,"turns":4.0},{"damage":3.0,"enemies":"Small Slimes","floor":2.0,"turns":5.0},{"damage":0.0,"enemies":"2 Louse","floor":3.0,"turns":3.0},{"damage":11.0,"enemies":"Exordium Thugs","floor":4.0,"turns":3.0},{"damage":0.0,"enemies":"Looter","floor":5.0,"turns":2.0},{"damage":29.0,"enemies":"3 Sentries","floor":7.0,"turns":9.0},{"damage":0.0,"enemies":"Exordium Wildlife","floor":13.0,"turns":2.0},{"damage":17.0,"enemies":"Lagavulin","floor":14.0,"turns":5.0},{"damage":5.0,"enemies":"The Guardian","floor":16.0,"turns":12.0},{"damage":2.0,"enemies":"3 Byrds","floor":18.0,"turns":6.0},{"damage":0.0,"enemies":"2 Thieves","floor":21.0,"turns":4.0},{"damage":28.0,"enemies":"Shelled Parasite and Fungi","floor":22.0,"turns":7.0},{"damage":20.0,"enemies":"Book of Stabbing","floor":24.0,"turns":7.0},{"damage":3.0,"enemies":"Chosen and Byrds","floor":25.0,"turns":6.0},{"damage":0.0,"enemies":"Snecko","floor":27.0,"turns":4.0},{"damage":27.0,"enemies":"Slavers","floor":28.0,"turns":7.0},{"damage":8.0,"enemies":"Centurion and Healer","floor":30.0,"turns":5.0},{"damage":35.0,"enemies":"Collector","floor":33.0,"turns":8.0},{"damage":32.0,"enemies":"3 Darklings","floor":35.0,"turns":5.0},{"damage":7.0,"enemies":"3 Shapes","floor":36.0,"turns":4.0},{"damage":0.0,"enemies":"Writhing Mass","floor":37.0,"turns":3.0},{"damage":19.0,"enemies":"Jaw Worm Horde","floor":39.0,"turns":4.0},{"damage":27.0,"enemies":"Nemesis","floor":41.0,"turns":3.0},{"damage":6.0,"enemies":"4 Shapes","floor":42.0,"turns":6.0},{"damage":0,"enemies":"Maw","floor":45,"turns":6},{"damage":1,"enemies":"Transient","floor":47,"turns":6},{"damage":66,"enemies":"Time Eater","floor":50,"turns":12}],"seed_played":"-1604562774690814160","potions_obtained":[{"floor":2.0,"key":"DistilledChaos"},{"floor":4.0,"key":"FairyPotion"},{"floor":13.0,"key":"LiquidBronze"},{"floor":14.0,"key":"Fire Potion"},{"floor":16.0,"key":"GhostInAJar"},{"floor":22.0,"key":"Energy Potion"},{"floor":28.0,"key":"Block Potion"},{"floor":30.0,"key":"SmokeBomb"},{"floor":42.0,"key":"Dexterity Potion"},{"floor":47,"key":"EssenceOfSteel"}],"is_trial":false,"path_per_floor":["M","M","M","M","M","R","E","R","T","R","?","?","M","E","R","B",null,"M","?","$","M","M","R","E","M","T","M","E","?","M","$","R","B",null,"M","M","M","?","M","R","E","M","T","$","M","?","M","?","R","B"],"character_chosen":"THE_SILENT","items_purchased":["Apotheosis","Well Laid Plans","Paper Crane","Energy Potion"],"campfire_rested":7,"item_purchase_floors":[20,20,31,44],"current_hp_per_floor":[54,51,51,40,40,40,11,30,30,49,29,29,29,12,31,28,57,57,57,57,59,33,52,34,33,40,42,17,17,11,11,32,21,60,30,25,27,27,10,31,6,2,2,2,4,4,5,20,41,0,0],"gold":27,"neow_bonus":"BOSS_RELIC","is_daily":false,"chose_seed":false,"campfire_upgraded":0,"win_rate":0.0,"timestamp":1610174970,"path_taken":["M","?","M","M","M","R","E","R","T","R","?","?","M","E","R","BOSS","M","?","$","M","M","R","E","M","T","M","E","?","M","?","R","BOSS","M","M","M","?","M","R","E","M","T","$","M","?","M","?","R","BOSS"],"items_purchased_type":["Card","Card","Relic","Potion"],"build_version":"2020-12-22","purchased_purges":1,"victory":false,"max_hp_per_floor":[66,66,66,66,66,66,66,66,66,66,66,66,66,66,66,66,66,66,66,66,66,66,66,66,66,73,73,73,73,73,73,73,73,73,73,73,73,73,73,73,73,73,73,73,73,73,73,73,73,73,73],"card_choices":[{"not_picked":["Sucker Punch","Outmaneuver","Setup"],"picked":"SKIP","floor":1.0},{"not_picked":["Bane","Distraction"],"picked":"Blade Dance","floor":2.0},{"not_picked":["Prepared","Flying Knee"],"picked":"Choke","floor":3.0},{"not_picked":["Slice","Dagger Spray"],"picked":"Calculated Gamble","floor":4.0},{"not_picked":["Flechettes","Quick Slash"],"picked":"Cloak And Dagger","floor":5.0},{"not_picked":["Dagger Spray","Quick Slash"],"picked":"Burst","floor":7.0},{"not_picked":["Bouncing Flask","Escape Plan"],"picked":"Crippling Poison","floor":13.0},{"not_picked":["Predator","Quick Slash"],"picked":"Footwork","floor":14.0},{"not_picked":["Venomology","Malaise"],"picked":"Tools of the Trade","floor":16.0},{"not_picked":["Outmaneuver","Deflect+1"],"picked":"Blade Dance","floor":18.0},{"not_picked":["Acrobatics","Crippling Poison"],"picked":"PiercingWail+1","floor":21.0},{"not_picked":["Quick Slash","Bouncing Flask+1","Cloak And Dagger"],"picked":"SKIP","floor":22.0},{"not_picked":["Eviscerate","Riddle With Holes"],"picked":"Expertise","floor":24.0},{"not_picked":["Flying Knee","Deadly Poison+1","Underhanded Strike"],"picked":"SKIP","floor":25.0},{"not_picked":["Poisoned Stab","Deadly Poison"],"picked":"Calculated Gamble","floor":27.0},{"not_picked":["Dodge and Roll","Malaise"],"picked":"Terror","floor":28.0},{"not_picked":["Deflect","Acrobatics"],"picked":"Noxious Fumes","floor":30.0},{"not_picked":["Grand Finale","Tools of the Trade"],"picked":"Doppelganger","floor":33.0},{"not_picked":["Poisoned Stab","Dodge and Roll"],"picked":"Distraction","floor":35.0},{"not_picked":["Eviscerate+1","Acrobatics"],"picked":"Well Laid Plans","floor":36.0},{"not_picked":["Slice","Predator","Dagger Spray"],"picked":"SKIP","floor":39.0},{"not_picked":["Setup","Glass Knife"],"picked":"Acrobatics+1","floor":41.0},{"not_picked":["Well Laid Plans+1","Sucker Punch","Poisoned Stab"],"picked":"SKIP","floor":42.0},{"not_picked":["Deflect","Dagger Throw+1"],"picked":"Tactician+1","floor":45},{"not_picked":["PanicButton","Swift Strike"],"picked":"Flash of Steel","floor":46},{"not_picked":["Flechettes","Prepared","Dagger Spray"],"picked":"SKIP","floor":47}],"player_experience":602206,"relics_obtained":[{"floor":7.0,"key":"MawBank"},{"floor":9.0,"key":"Oddly Smooth Stone"},{"floor":14.0,"key":"Blood Vial"},{"floor":24.0,"key":"Pen Nib"},{"floor":26.0,"key":"Strawberry"},{"floor":28.0,"key":"Akabeko"},{"floor":41.0,"key":"Torii"},{"floor":43.0,"key":"Mummified Hand"}],"event_choices":[{"damage_healed":0.0,"max_hp_gain":0.0,"max_hp_loss":0.0,"gold_gain":0.0,"event_name":"Shining Light","player_choice":"Entered Light","floor":11.0,"gold_loss":0.0,"damage_taken":20.0,"cards_upgraded":["Strike_G","Calculated Gamble"]},{"damage_healed":0.0,"max_hp_gain":0.0,"max_hp_loss":0.0,"gold_gain":0.0,"cards_transformed":["Strike_G"],"event_name":"Transmorgrifier","player_choice":"Transformed","floor":12.0,"gold_loss":0.0,"damage_taken":0.0,"cards_obtained":["Escape Plan"]},{"cards_removed":["Strike_G"],"damage_healed":0.0,"max_hp_gain":0.0,"max_hp_loss":0.0,"gold_gain":0.0,"event_name":"Beggar","player_choice":"Gave Gold","floor":19.0,"gold_loss":75.0,"damage_taken":0.0},{"damage_healed":0.0,"max_hp_gain":0.0,"max_hp_loss":0.0,"gold_gain":0.0,"event_name":"Back to Basics","player_choice":"Simplicity","floor":29.0,"gold_loss":0.0,"damage_taken":0.0,"cards_upgraded":["Strike_G","Defend_G","Defend_G","Defend_G","Defend_G","Defend_G"]},{"damage_healed":0.0,"max_hp_gain":0.0,"max_hp_loss":0.0,"gold_gain":0.0,"event_name":"Tomb of Lord Red Mask","player_choice":"Paid","floor":38.0,"gold_loss":122.0,"damage_taken":0.0,"relics_obtained":["Red Mask"]},{"damage_healed":0,"gold_gain":0,"player_choice":"Memory 1","damage_taken":0,"max_hp_gain":0,"max_hp_loss":0,"event_name":"SensoryStone","floor":46,"gold_loss":0},{"damage_healed":15,"gold_gain":0,"player_choice":"Writhe","damage_taken":0,"max_hp_gain":0,"max_hp_loss":0,"event_name":"Winding Halls","floor":48,"gold_loss":0,"cards_obtained":["Writhe"]}],"is_beta":false,"boss_relics":[{"not_picked":["Philosopher\u0027s Stone","Astrolabe"],"picked":"HoveringKite"},{"not_picked":["Empty Cage","Velvet Choker"],"picked":"WristBlade"}],"items_purged_floors":[20],"is_endless":false,"potions_floor_spawned":[2,4,13,14,16,22,24,25,28,30,37,42,47],"killed_by":"Time Eater","ascension_level":19}}