{"host":"newqdrzxfhh2im9e","time":1610169672,"event":{"mods":["AchievementEnabler","BaseMod","BetterRewards","Block Reminder","Colored Map","Jorbs\u0027s Wanderer Trilogy","Minty Spire (QoL Compilation)","Rare Cards Sparkle","Shop Mod","StSLib"],"gold_per_floor":[368,5,5,22,34,34,44,44,68,30,105,105,123,10,10,111,111,130,130,79,79,61,61,72,72,72],"floor_reached":25,"playtime":1082,"items_purged":[],"score":216,"play_id":"eb01d0d7-cd64-4bc2-82b7-ac5e3fd876b9","local_time":"20210108212112","is_ascension_mode":false,"campfire_choices":[{"data":"Wallop","floor":6,"key":"SMITH"},{"data":"Alpha","floor":8,"key":"SMITH"},{"data":"Pray","floor":12,"key":"SMITH"},{"floor":15,"key":"REST"},{"floor":23,"key":"REST"}],"circlet_count":0,"master_deck":["Strike_P","Strike_P","Strike_P","Strike_P","Defend_P","Defend_P","Defend_P","Defend_P","Eruption","Vigilance","Writhe","SignatureMove","Alpha+1","TalkToTheHand","Perseverance","Wallop+1","BattleHymn","Pray+1","Collect","Study","WindmillStrike","Devotion","SignatureMove","Consecrate","RitualDagger","Worship+1","Tantrum"],"relics":["HolyWater","PreservedInsect","NlothsMask"],"acts_visited":["Exordium","TheCity"],"potions_floor_usage":[5,24],"damage_taken":[{"damage":0,"enemies":"Small Slimes","floor":1,"turns":3},{"damage":0,"enemies":"Cultist","floor":4,"turns":2},{"damage":1,"enemies":"Jaw Worm","floor":5,"turns":5},{"damage":10,"enemies":"Exordium Wildlife","floor":7,"turns":6},{"damage":8,"enemies":"Red Slaver","floor":13,"turns":2},{"damage":29,"enemies":"Hexaghost","floor":16,"turns":8},{"damage":33,"enemies":"Shell Parasite","floor":18,"turns":5},{"damage":21,"enemies":"2 Thieves","floor":22,"turns":4},{"damage":23,"enemies":"Centurion and Healer","floor":24,"turns":7},{"damage":16,"enemies":"Snecko","floor":25,"turns":2}],"seed_played":"8333284678268157950","potions_obtained":[{"floor":4,"key":"Explosive Potion"},{"floor":22,"key":"Weak Potion"}],"is_trial":false,"path_per_floor":["M","$","?","M","M","R","M","R","T","$","?","R","M","$","R","B",null,"M","?","$","?","M","R","M","M"],"character_chosen":"WATCHER","items_purchased":["PreservedInsect","Alpha","TalkToTheHand","Pray","Study","WindmillStrike","Consecrate"],"campfire_rested":2,"item_purchase_floors":[2,2,2,10,14,14,20],"current_hp_per_floor":[72,72,72,72,71,71,61,61,61,61,50,50,42,42,63,34,72,39,39,39,33,12,33,10,0,0],"gold":72,"neow_bonus":"TWO_FIFTY_GOLD","is_daily":false,"chose_seed":false,"campfire_upgraded":3,"win_rate":0.0,"timestamp":1610169672,"path_taken":["M","$","?","M","M","R","?","R","T","$","?","R","M","?","R","BOSS","M","?","$","?","M","R","M","M"],"items_purchased_type":["Relic","Card","Card","Card","Card","Card","Card"],"build_version":"2020-12-22","purchased_purges":0,"victory":false,"max_hp_per_floor":[72,72,72,72,72,72,72,72,72,72,72,72,72,72,72,72,72,72,72,72,72,72,72,72,72,72],"card_choices":[{"not_picked":["BattleHymn","ReachHeaven"],"picked":"SignatureMove","floor":1},{"not_picked":["JustLucky","LikeWater"],"picked":"Perseverance","floor":4},{"not_picked":["Sanctity","ReachHeaven"],"picked":"Wallop","floor":5},{"not_picked":["CarveReality","PathToVictory"],"picked":"BattleHymn","floor":7},{"not_picked":["ClearTheMind","Meditate"],"picked":"Collect","floor":13},{"not_picked":["LessonLearned","Vault"],"picked":"Devotion","floor":16},{"not_picked":["Crescendo","Evaluate"],"picked":"SignatureMove","floor":18},{"not_picked":["Wireheading+1","Nirvana+1"],"picked":"Worship+1","floor":22},{"not_picked":["FlurryOfBlows","CrushJoints"],"picked":"Tantrum","floor":24}],"player_experience":711374,"relics_obtained":[],"event_choices":[{"damage_healed":0,"gold_gain":0,"player_choice":"Trade","damage_taken":0,"relics_obtained":["NlothsMask"],"max_hp_gain":0,"max_hp_loss":0,"event_name":"FaceTrader","floor":3,"gold_loss":0},{"damage_healed":0,"gold_gain":75,"player_choice":"Gather Gold","damage_taken":11,"max_hp_gain":0,"max_hp_loss":0,"event_name":"World of Goop","floor":11,"gold_loss":0},{"damage_healed":0,"gold_gain":0,"player_choice":"Ignored","damage_taken":0,"max_hp_gain":0,"max_hp_loss":0,"event_name":"Vampires","floor":19,"gold_loss":0},{"damage_healed":0,"gold_gain":0,"player_choice":"Joined the Cult","damage_taken":6,"max_hp_gain":0,"max_hp_loss":0,"event_name":"Nest","floor":21,"gold_loss":0,"cards_obtained":["RitualDagger"]}],"is_beta":false,"boss_relics":[{"not_picked":["SlaversCollar","SacredBark"],"picked":"HolyWater"}],"items_purged_floors":[],"is_endless":false,"potions_floor_spawned":[4,22],"killed_by":"Snecko","ascension_level":0}}