{"host":"nquo8ojcfeju04s6","time":1610200205,"event":{"mods":["Act Like it!","BaseMod","Better Third Choice","Downfall","Minty Spire (QoL Compilation)","Pale of the Ancients","Shade Mod","StSLib"],"gold_per_floor":[99,116,134,152,252,262,310,324,324,61,211,196,214,232,245,245,245,245],"floor_reached":16,"playtime":1497,"items_purged":[],"score":96,"play_id":"53472666-f0c7-4fc3-bb58-edbc93568082","local_time":"20210109145005","is_ascension_mode":false,"campfire_choices":[{"data":"champ:Taunt","floor":1,"key":"SMITH"}],"circlet_count":0,"master_deck":["champ:Strike","champ:Strike","champ:Strike","champ:Strike","champ:Defend","champ:Defend","champ:Defend","champ:Defend","champ:Execute","champ:Taunt+1","champ:FlashCut","champ:DefensiveShout","champ:Backstep","champ:BringItOn","champ:FlashCut","champ:IronFortress","Slimebound:Icky","champ:RecklessLeap","champ:PreciseThrust","champ:TornadoPunch","champ:BerserkersShout"],"relics":["champ:ChampionCrown","downfall:GremlinWheel","Meat on the Bone"],"acts_visited":["Exordium"],"potions_floor_usage":[5,16],"damage_taken":[{"damage":29,"enemies":"Jaw Worm","floor":2,"turns":4},{"damage":9,"enemies":"Cultist","floor":3,"turns":4},{"damage":5,"enemies":"Small Slimes","floor":4,"turns":4},{"damage":21,"enemies":"Small Slimes","floor":5,"turns":5},{"damage":28,"enemies":"Exordium Wildlife","floor":6,"turns":8},{"damage":18,"enemies":"Exordium Thugs","floor":8,"turns":5},{"damage":5,"enemies":"downfall:FleeingMerchant","floor":10,"turns":4},{"damage":0,"enemies":"downfall:FleeingMerchant","floor":12,"turns":4},{"damage":47,"enemies":"Gremlin Gang","floor":13,"turns":4},{"damage":17,"enemies":"2 Fungi Beasts","floor":14,"turns":3},{"damage":20,"enemies":"Large Slime","floor":15,"turns":4},{"damage":80,"enemies":"downfall:Watcher","floor":16,"turns":11}],"seed_played":"6698957772459153254","potions_obtained":[{"floor":4,"key":"SteroidPotion"},{"floor":6,"key":"Ancient Potion"},{"floor":14,"key":"FearPotion"},{"floor":15,"key":"champ:OpenerPotion"}],"is_trial":false,"path_per_floor":["R","M","M","M","?","M","T","M","?","$","?","$","M","M","M","B"],"character_chosen":"THE_CHAMP","items_purchased":["Meat on the Bone"],"campfire_rested":0,"item_purchase_floors":[10],"current_hp_per_floor":[99,80,76,76,60,42,42,29,62,62,62,62,47,57,69,0,0,0],"gold":245,"neow_bonus":"TEN_PERCENT_HP_BONUS","is_daily":false,"chose_seed":false,"campfire_upgraded":1,"win_rate":0.0,"timestamp":1610200205,"path_taken":["R","M","M","M","?","M","T","?","?","$","?","?","?","M","M","BOSS"],"items_purchased_type":["Relic"],"build_version":"2020-12-22","purchased_purges":0,"victory":false,"max_hp_per_floor":[99,99,99,99,99,99,99,99,99,99,99,99,99,99,99,99,99,99],"card_choices":[{"not_picked":["champ:FalseCounter","champ:RisingSlash"],"picked":"champ:FlashCut","floor":2},{"not_picked":["champ:GladiatorsShout","champ:FocusedGladiator"],"picked":"champ:DefensiveShout","floor":3},{"not_picked":["champ:FlashCut","champ:GutPunch"],"picked":"champ:Backstep","floor":4},{"not_picked":["champ:SwordThrow","champ:FlashCut"],"picked":"champ:BringItOn","floor":6},{"not_picked":["champ:Backstep","champ:CalledShot"],"picked":"champ:FlashCut","floor":8},{"not_picked":["champ:EnGarde","champ:GladiatorsShout"],"picked":"champ:IronFortress","floor":10},{"not_picked":["champ:DefensiveShout","champ:Shatter"],"picked":"champ:RecklessLeap","floor":12},{"not_picked":["champ:BladeFlurry","champ:PerfectedStrike"],"picked":"champ:PreciseThrust","floor":13},{"not_picked":["champ:DefensiveShout","champ:Circumvent"],"picked":"champ:TornadoPunch","floor":14},{"not_picked":["champ:BringItOn","champ:TornadoPunch"],"picked":"champ:BerserkersShout","floor":15}],"player_experience":355524,"relics_obtained":[{"floor":5,"key":"downfall:GremlinWheel"}],"event_choices":[{"damage_healed":33,"gold_gain":0,"player_choice":"Banana","damage_taken":0,"max_hp_gain":0,"max_hp_loss":0,"event_name":"Big Fish","floor":9,"gold_loss":0}],"is_beta":false,"boss_relics":[],"items_purged_floors":[],"is_endless":false,"potions_floor_spawned":[4,6,14,15],"killed_by":"downfall:Watcher","ascension_level":0}}