{"host":"9eojso4kl4lidi9b","time":1610170183,"event":{"mods":["BaseMod","Beaked The Cultist","Better Skull","Colored Map","Colored Powertips","Conspire","Downfall","GifTheSpireLib","Minty Spire (QoL Compilation)","Random Character Button","Relic Sorter","Replay The Spire","Small Relic Pack","StSLib","Stuff the Spire","The Blackbeard","The Druid","The Factory","The Judge","The Necromancer","The Poker Player","The Wild Card","Trackpad","Unceasing Turn Reminder","Yuri Mod"],"gold_per_floor":[139,154,260,275,290,325,325,325,375,375,390,390,405,420,420,520,520,535,535,550,550,275,275,275,290,315,15,30,30,80,95,95,195,195,210,225,275,4,19,19,19,49,49,79,79,79,94,94,94,94],"floor_reached":51,"playtime":3231,"items_purged":[],"score":707,"play_id":"70779c22-5893-4abe-b332-f16a6b4dbeb0","local_time":"20210108232943","daily_mods":["downfall:Improvised","ControlledChaos","Night Terrors"],"is_ascension_mode":false,"campfire_choices":[{"floor":7,"key":"REST"},{"data":"sneckomod:TailWhip","floor":10,"key":"SMITH"},{"floor":15,"key":"REST"},{"data":"StuffTheSpire:BrainWave","floor":23,"key":"SMITH"},{"floor":32,"key":"REST"},{"floor":40,"key":"REST"},{"data":"1","floor":45,"key":"LIFT"},{"data":"2","floor":49,"key":"LIFT"}],"circlet_count":0,"master_deck":["sneckomod:Strike+1","sneckomod:Strike","sneckomod:Strike+1","sneckomod:Defend","sneckomod:Defend","sneckomod:Defend","sneckomod:TailWhip+1","sneckomod:SnekBite","sneckomod:Unknown","sneckomod:Unknown","sneckomod:UnknownCommonAttack","sneckomod:UnknownCommonAttack+1","sneckomod:UnknownCommonAttack","sneckomod:UnknownCommonSkill","sneckomod:UnknownCommonSkill","sneckomod:UnknownCommonSkill","sneckomod:UnknownUncommonAttack","sneckomod:UnknownUncommonSkill","sneckomod:UnknownUncommonPower","sneckomod:Unknown","sneckomod:Unknown1Cost","sneckomod:UnknownClassRED","sneckomod:QuickBite","sneckomod:UnknownClassDEFAULT_BLUE_COLOR","sneckomod:UnknownClassGREEN","sneckomod:UnknownClassWHITE","sneckomod:RainOfDice","sneckomod:UnknownEthereal","sneckomod:DiceBlock","sneckomod:UnknownClassPOKER_PLAYER_GRAY+2","sneckomod:UnknownVulnerable","sneckomod:MorePower","sneckomod:UnknownClassBLESSING+1","sneckomod:IronFang+1","sneckomod:UnknownRarePower+1","sneckomod:UnknownStrike","sneckomod:UnknownClassTHE_CHAMP_GRAY","StuffTheSpire:BrainWave+1","sneckomod:UnknownClassSLIMEBOUND+1","sneckomod:Cheat","sneckomod:UnknownStrike","sneckomod:UnknownUncommonPower+1","sneckomod:UnknownX+1","sneckomod:UnknownRarePower+1","sneckomod:UnknownRarePower","sneckomod:QuickMove","sneckomod:DiceCrush+1","hexamod:SixthSeal","sneckomod:UnknownWeak+1","sneckomod:UnknownClassBEAKED_YELLOW+1","sneckomod:IronFang+1","sneckomod:WideSting+1","sneckomod:UnknownClassSLIMEBOUND+1","sneckomod:UnknownX+1","sneckomod:UnknownColorless+1","sneckomod:UnknownClassSLIMEBOUND","sneckomod:UnknownClassPOKER_PLAYER_GRAY+1","sneckomod:IronFang","Doubt"],"relics":["sneckomod:SuperSneckoSoul","Frozen Eye","trackpad:ToughGloves","trackpad:BottledTsunami","trackpad:Mousetrap","Snecko Heart","Blood Vial","Ice Cream","trackpad:SneckoScepter","Whetstone","Replay:Grab Bag","beaked:SacredNecklace","ChewingGum","FossilizedHelix","trackpad:PocketGalaxy","Gambling Chip","Girya","StuffTheSpire:ForceGauntlet","relicPack:DSword"],"acts_visited":["Exordium","TheCity","TheBeyond"],"potions_floor_usage":[5,16,28,28,28,36,42,42,42,44,50],"damage_taken":[{"damage":8,"enemies":"conspire:RoseBush","floor":1,"turns":2},{"damage":6,"enemies":"Small Slimes","floor":2,"turns":3},{"damage":0,"enemies":"2 Louse","floor":4,"turns":1},{"damage":19,"enemies":"Exordium Wildlife","floor":5,"turns":4},{"damage":14,"enemies":"3 Sentries","floor":6,"turns":5},{"damage":10,"enemies":"Looter","floor":11,"turns":1},{"damage":22,"enemies":"Gremlin Gang","floor":13,"turns":4},{"damage":0,"enemies":"2 Fungi Beasts","floor":14,"turns":2},{"damage":0,"enemies":"Slime Boss","floor":16,"turns":6},{"damage":19,"enemies":"3 Byrds","floor":18,"turns":6},{"damage":5,"enemies":"Shell Parasite","floor":20,"turns":3},{"damage":18,"enemies":"Sentry and Sphere","floor":25,"turns":6},{"damage":14,"enemies":"Snake Plant","floor":28,"turns":1},{"damage":9,"enemies":"Centurion and Healer","floor":31,"turns":6},{"damage":38,"enemies":"conspire:MysteriousRune","floor":33,"turns":12},{"damage":13,"enemies":"Orb Walker","floor":35,"turns":3},{"damage":33,"enemies":"3 Darklings","floor":36,"turns":6},{"damage":32,"enemies":"2 Orb Walkers","floor":37,"turns":3},{"damage":23,"enemies":"Sphere and 2 Shapes","floor":39,"turns":4},{"damage":38,"enemies":"Giant Head","floor":42,"turns":7},{"damage":54,"enemies":"Reptomancer","floor":44,"turns":5},{"damage":16,"enemies":"4 Shapes","floor":47,"turns":5},{"damage":49,"enemies":"Replay:Hell Engine","floor":50,"turns":11}],"seed_played":"579003938715623652","potions_obtained":[{"floor":2,"key":"SkillPotion"},{"floor":11,"key":"Reflective Coating"},{"floor":12,"key":"Energy Potion"},{"floor":12,"key":"Milkshake"},{"floor":13,"key":"AttackPotion"},{"floor":14,"key":"DuplicationPotion"},{"floor":18,"key":"SteroidPotion"},{"floor":20,"key":"LiquidMemories"},{"floor":25,"key":"sneckomod:DiceRollPotion"},{"floor":35,"key":"Flashbang"},{"floor":47,"key":"Explosive Potion"}],"is_trial":false,"path_per_floor":["M","M","?","M","M","E","R","?","T","R","M","?","M","M","R","B",null,"M","?","M","?","?","R","?","M","T","$","M","T","T","M","R","B",null,"M","M","?","$","M","R","?","E","T","E","R","?","M","?","R","B",null],"character_chosen":"THE_SNECKO","items_purchased":["Ice Cream","trackpad:PocketGalaxy","Venom Potion","sneckomod:IronFang"],"campfire_rested":4,"item_purchase_floors":[27,38,38,38],"current_hp_per_floor":[83,78,44,45,44,31,91,84,84,84,74,74,53,54,88,88,88,70,70,67,68,68,68,50,37,37,37,32,32,32,31,96,66,158,145,134,104,104,84,153,153,130,130,93,93,58,44,153,153,104],"gold":94,"neow_bonus":"","is_daily":true,"chose_seed":false,"campfire_upgraded":2,"win_rate":0.0,"timestamp":1610170183,"path_taken":["M","M","?","M","M","E","R","?","T","R","?","?","?","M","R","BOSS","M","?","M","?","?","R","?","M","T","?","?","?","?","M","R","BOSS","M","M","?","$","M","R","?","E","T","E","R","?","M","?","R","BOSS"],"items_purchased_type":["Relic","Relic","Potion","Card"],"build_version":"2020-12-22","purchased_purges":0,"victory":true,"max_hp_per_floor":[91,92,94,95,95,96,91,91,91,91,91,91,92,93,88,88,88,89,89,91,92,92,92,97,98,98,98,99,99,99,101,96,98,158,158,158,158,158,158,153,153,153,153,153,153,153,153,153,153,153],"card_choices":[{"not_picked":["sneckomod:DiceCrush","sneckomod:QuickBite"],"picked":"sneckomod:Unknown1Cost","floor":1},{"not_picked":["sneckomod:SoulRoll","sneckomod:UnknownExhaust"],"picked":"sneckomod:UnknownClassRED","floor":2},{"not_picked":["sneckomod:UnknownUncommonSkill","sneckomod:UnknownExhaust"],"picked":"sneckomod:QuickBite","floor":3},{"not_picked":["sneckomod:UnknownClassWORDO_MOD_COLOR","sneckomod:UnknownStrike"],"picked":"sneckomod:UnknownClassDEFAULT_BLUE_COLOR","floor":3},{"not_picked":["sneckomod:UnknownCommonSkill","sneckomod:SoulDraw"],"picked":"sneckomod:UnknownClassGREEN","floor":3},{"not_picked":["sneckomod:SoulDraw","sneckomod:ImprovisedGuard"],"picked":"sneckomod:UnknownClassWHITE","floor":4},{"not_picked":["sneckomod:QuickMove","sneckomod:DiceBlock"],"picked":"sneckomod:RainOfDice","floor":5},{"not_picked":["sneckomod:Unknown3Cost","sneckomod:UnknownWeak"],"picked":"sneckomod:UnknownEthereal","floor":6},{"not_picked":["sneckomod:UnknownBlock","sneckomod:UnknownClassORANGE"],"picked":"sneckomod:DiceBlock","floor":11},{"not_picked":["sneckomod:WideSting","sneckomod:DiceBlock"],"picked":"sneckomod:UnknownClassPOKER_PLAYER_GRAY","floor":13},{"not_picked":["sneckomod:UnknownBlock","sneckomod:MasterEye"],"picked":"sneckomod:UnknownVulnerable","floor":14},{"not_picked":["sneckomod:Unknown3Cost","sneckomod:SerpentMind"],"picked":"sneckomod:MorePower","floor":16},{"not_picked":["sneckomod:UnknownDexterity+1","sneckomod:UnknownClassPURPLE+1"],"picked":"sneckomod:UnknownClassBLESSING+1","floor":18},{"not_picked":["sneckomod:Unknown1Cost","sneckomod:UnknownCommonAttack+1"],"picked":"sneckomod:IronFang+1","floor":18},{"not_picked":["sneckomod:UnknownUncommonPower+1","sneckomod:UnknownUncommonSkill+1"],"picked":"sneckomod:UnknownRarePower+1","floor":20},{"not_picked":["sneckomod:SerpentIdol","sneckomod:UnknownCommonAttack"],"picked":"sneckomod:UnknownStrike","floor":20},{"not_picked":["sneckomod:UnknownClassWORDO_MOD_COLOR+1","sneckomod:UnknownClassYURI_RED+1"],"picked":"sneckomod:UnknownClassSLIMEBOUND+1","floor":25},{"not_picked":["sneckomod:ImprovisedAttack","sneckomod:PureSnecko"],"picked":"sneckomod:Cheat","floor":25},{"not_picked":["sneckomod:UnknownClassSLIMEBOUND","sneckomod:WideSting"],"picked":"sneckomod:UnknownStrike","floor":28},{"not_picked":["sneckomod:UnknownCommonAttack+1","sneckomod:UnknownEthereal+1"],"picked":"sneckomod:UnknownUncommonPower+1","floor":31},{"not_picked":["sneckomod:UnknownUncommonSkill+1","sneckomod:DiceBoulder"],"picked":"sneckomod:UnknownX+1","floor":31},{"not_picked":["sneckomod:UnknownBlock+1","sneckomod:UnknownClassBLESSING+1"],"picked":"sneckomod:UnknownRarePower+1","floor":33},{"not_picked":["sneckomod:SoulExchange","sneckomod:MorePower"],"picked":"sneckomod:UnknownRarePower","floor":33},{"not_picked":["sneckomod:MasterEye","sneckomod:UnknownExhaust+1"],"picked":"sneckomod:QuickMove","floor":35},{"not_picked":["sneckomod:SoulCleanse+1","sneckomod:UnknownDexterity"],"picked":"sneckomod:DiceCrush+1","floor":36},{"not_picked":["hexamod:FourthSeal","hexamod:ThirdSeal"],"picked":"hexamod:SixthSeal","floor":37},{"not_picked":["sneckomod:UnknownUncommonSkill+1","sneckomod:UnknownClassYURI_RED+1"],"picked":"sneckomod:UnknownWeak+1","floor":37},{"not_picked":["sneckomod:UnknownClassORANGE+1","sneckomod:QuickBite"],"picked":"sneckomod:UnknownClassBEAKED_YELLOW+1","floor":37},{"not_picked":["sneckomod:UnknownUncommonSkill+1","sneckomod:DiceBlock+1"],"picked":"sneckomod:WideSting+1","floor":39},{"not_picked":["sneckomod:UnknownBlock+1","sneckomod:Unknown1Cost+1"],"picked":"sneckomod:UnknownClassSLIMEBOUND+1","floor":42},{"not_picked":["sneckomod:UnknownClassGREEN","sneckomod:UnknownCommonAttack"],"picked":"sneckomod:UnknownX+1","floor":42},{"not_picked":["sneckomod:Unknown0Cost+1","sneckomod:UnknownCommonSkill+1"],"picked":"sneckomod:UnknownColorless+1","floor":44},{"not_picked":["sneckomod:UnknownCommonAttack","sneckomod:UnknownVulnerable"],"picked":"sneckomod:UnknownClassSLIMEBOUND","floor":44},{"not_picked":["sneckomod:UnknownClassORANGE+1","sneckomod:UnknownBlock+1"],"picked":"sneckomod:UnknownClassPOKER_PLAYER_GRAY+1","floor":47},{"not_picked":["sneckomod:QuickBite","sneckomod:ImprovisedGuard"],"picked":"sneckomod:IronFang","floor":47}],"player_experience":1158513,"relics_obtained":[{"floor":6,"key":"trackpad:ToughGloves"},{"floor":9,"key":"trackpad:Mousetrap"},{"floor":26,"key":"Blood Vial"},{"floor":29,"key":"trackpad:SneckoScepter"},{"floor":30,"key":"Whetstone"},{"floor":37,"key":"FossilizedHelix"},{"floor":42,"key":"Gambling Chip"},{"floor":43,"key":"Girya"},{"floor":44,"key":"StuffTheSpire:ForceGauntlet"}],"event_choices":[{"damage_healed":0,"gold_gain":0,"player_choice":"Success","damage_taken":7,"relics_obtained":["trackpad:BottledTsunami"],"max_hp_gain":0,"max_hp_loss":0,"event_name":"Scrap Ooze","floor":8,"gold_loss":0},{"damage_healed":0,"gold_gain":0,"player_choice":"Got Potions","damage_taken":0,"max_hp_gain":0,"max_hp_loss":0,"event_name":"Lab","floor":12,"gold_loss":0},{"damage_healed":0,"gold_gain":0,"player_choice":"Read","damage_taken":0,"max_hp_gain":0,"max_hp_loss":0,"event_name":"The Library","floor":21,"gold_loss":0,"cards_obtained":["sneckomod:UnknownClassTHE_CHAMP_GRAY"]},{"damage_healed":0,"gold_gain":0,"player_choice":"Shed Blood","damage_taken":23,"max_hp_gain":5,"max_hp_loss":0,"event_name":"Forgotten Altar","floor":24,"gold_loss":0},{"damage_healed":0,"gold_gain":0,"player_choice":"Fight","damage_taken":0,"max_hp_gain":0,"max_hp_loss":0,"event_name":"Mysterious Sphere","floor":37,"gold_loss":0},{"damage_healed":0,"gold_gain":0,"player_choice":"Leave","damage_taken":0,"max_hp_gain":0,"max_hp_loss":0,"event_name":"conspire:Investor","floor":41,"gold_loss":0},{"damage_healed":109,"gold_gain":0,"player_choice":"Heal","damage_taken":0,"max_hp_gain":0,"max_hp_loss":0,"event_name":"MindBloom","floor":48,"gold_loss":0,"cards_obtained":["Doubt"]}],"is_beta":false,"boss_relics":[{"not_picked":["StuffTheSpire:ModemDavis","conspire:RunicOctahedron"],"picked":"Snecko Heart"},{"not_picked":["relicPack:ShieldShield","Cursed Key"],"picked":"Replay:Grab Bag"},{"not_picked":["Coffee Dripper","Velvet Choker"],"picked":"beaked:SacredNecklace"},{"not_picked":["conspire:SlowCooker","trackpad:Coffee"],"picked":"ChewingGum"},{"not_picked":["Kintsugi","SacredBark"],"picked":"sneckomod:SuperSneckoSoul"}],"items_purged_floors":[],"is_endless":false,"potions_floor_spawned":[2,11,13,14,18,20,25,35,47],"ascension_level":0}}