{"host":"ds1yr10zonoc6w4a","time":1610212955,"event":{"mods":["BaseMod","Better Match","Better Third Choice","BetterRewards","Minty Spire (QoL Compilation)","StSLib","The Animator"],"gold_per_floor":[110,127,127,0,11,55,55,90,90,119,60,75,88,105,105,179,179,190,86,86,86,104,141,152,183,183,195,195,214,214,214,214,297,297,315,0,26,73,73,73,85,112,112,0,25,75,92,132,157,161,161,186,678,703,703],"floor_reached":54,"playtime":6093,"items_purged":["animator:Strike","animator:Defend","animator:Strike","animator:Defend","animator:Strike","animator:Defend+1"],"score":1944,"play_id":"4732833c-0212-4dd2-b4c4-6997b1ecd454","local_time":"20210109102235","is_ascension_mode":true,"campfire_choices":[{"data":"animator:Kaijin","floor":7,"key":"SMITH"},{"floor":15,"key":"RECALL"},{"floor":30,"key":"DIG"},{"floor":32,"key":"DIG"},{"floor":40,"key":"DIG"},{"floor":45,"key":"DIG"},{"floor":49,"key":"DIG"},{"floor":52,"key":"DIG"}],"circlet_count":0,"master_deck":["AscendersBane","animator:Strike_GATE","animator:Kuribayashi","animator:Vanir","animator:Shion","animator:Shinoa","animator:ChlammyZell","animator:Kaijin","animator:Chung","animator:LizardPriest","animator:Lu","animator:Tyuule","animator:DolaRiku","animator:Eve","animator:Melzalgald","animator:RoryMercury","animator:Fredrika","animator:Shiro","animator:Shinoa","animator:Emilia","animator:IchigoKurosaki","animator:Magilou","animator:Zero","animator:LeleiLaLalena","animator:CowGirl","animator:YunYun","animator:Spearman","animator:Ainz","animator:Demiurge","animator:PandorasActor","animator:Ain","animator:Aisha","animator:Patchouli","animator:Gilgamesh+1","animator:PinaCoLada","animator:Arpeggio","animator:FeridBathory","animator:Bozes"],"relics":["animator:TheEgnaroPiece","animator:LivingPicture","animator:TheMissingPiece","Philosopher\u0027s Stone"],"acts_visited":["Exordium","TheCity","TheBeyond","TheEnding","EYB:TheUnnamedReign"],"potions_floor_usage":[2,16,16,16,25,35,48],"damage_taken":[{"damage":0,"enemies":"Jaw Worm","floor":1,"turns":3},{"damage":0,"enemies":"Cultist","floor":2,"turns":3},{"damage":5,"enemies":"Small Slimes","floor":5,"turns":3},{"damage":0,"enemies":"Gremlin Nob","floor":6,"turns":3},{"damage":17,"enemies":"3 Sentries","floor":8,"turns":10},{"damage":6,"enemies":"Lagavulin","floor":10,"turns":7},{"damage":0,"enemies":"2 Fungi Beasts","floor":12,"turns":3},{"damage":0,"enemies":"Red Slaver","floor":13,"turns":3},{"damage":2,"enemies":"Exordium Wildlife","floor":14,"turns":3},{"damage":11,"enemies":"Slime Boss","floor":16,"turns":10},{"damage":0,"enemies":"Chosen","floor":18,"turns":3},{"damage":11,"enemies":"2 Thieves","floor":22,"turns":3},{"damage":0,"enemies":"Book of Stabbing","floor":23,"turns":4},{"damage":7,"enemies":"Shelled Parasite and Fungi","floor":24,"turns":3},{"damage":0,"enemies":"animator:HornedBat","floor":25,"turns":4},{"damage":0,"enemies":"Snecko","floor":27,"turns":4},{"damage":0,"enemies":"Centurion and Healer","floor":29,"turns":3},{"damage":1,"enemies":"Collector","floor":33,"turns":6},{"damage":0,"enemies":"3 Darklings","floor":35,"turns":3},{"damage":0,"enemies":"3 Shapes","floor":37,"turns":2},{"damage":0,"enemies":"2 Orb Walkers","floor":38,"turns":3},{"damage":0,"enemies":"Writhing Mass","floor":41,"turns":3},{"damage":0,"enemies":"Sphere and 2 Shapes","floor":47,"turns":2},{"damage":3,"enemies":"Maw","floor":48,"turns":4},{"damage":0,"enemies":"Time Eater","floor":50,"turns":5},{"damage":53,"enemies":"animator:TRIPLE_SHAPES_WEAK","floor":54,"turns":3}],"seed_played":"6309945751448642527","potions_obtained":[{"floor":1,"key":"SteroidPotion"},{"floor":10,"key":"BlessingOfTheForge"},{"floor":12,"key":"Block Potion"},{"floor":13,"key":"Weak Potion"},{"floor":16,"key":"SmokeBomb"},{"floor":18,"key":"SteroidPotion"},{"floor":22,"key":"BlessingOfTheForge"},{"floor":25,"key":"Explosive Potion"},{"floor":33,"key":"animator:FalseLifePotion"},{"floor":38,"key":"Energy Potion"},{"floor":41,"key":"BlessingOfTheForge"},{"floor":48,"key":"Explosive Potion"}],"is_trial":false,"path_per_floor":["M","M","?","$","M","E","R","E","T","E","$","M","M","M","R","B",null,"M","$","?","?","M","E","M","E","T","M","?","M","R","?","R","B",null,"M","$","M","?","?","R","M","T","T","$","R","T","M","M","R","B",null,"R","??","M"],"character_chosen":"THE_ANIMATOR","items_purchased":["Pear","Bird Faced Urn","animator:Shinoa","animator:Chung","Mercury Hourglass","Potion Belt","Medical Kit","animator:LizardPriest","HandDrill","Bronze Scales","Ornamental Fan","animator:Melzalgald+1","animator:Emilia","animator:IchigoKurosaki","Omamori","CaptainsWheel","Brimstone","animator:Father","animator:Patchouli+1","animator:Gilgamesh+1","animator:PinaCoLada","Oddly Smooth Stone","ClockworkSouvenir","Bottled Lightning"],"campfire_rested":0,"item_purchase_floors":[0,0,0,4,4,4,4,4,11,11,11,11,19,19,19,19,19,36,44,44,44,44,44,44],"current_hp_per_floor":[64,64,64,64,59,59,65,48,48,44,44,48,49,51,63,54,65,67,67,67,48,39,39,32,34,34,38,17,23,41,21,39,42,68,75,75,78,78,78,78,80,80,87,87,87,87,88,90,90,90,90,90,80,0,0],"gold":703,"neow_bonus":"","is_daily":false,"chose_seed":false,"campfire_upgraded":1,"win_rate":0.0,"timestamp":1610212955,"path_taken":["M","M","?","$","M","E","R","E","T","E","$","?","M","M","R","BOSS","M","$","?","?","M","E","?","E","T","M","?","M","R","?","R","BOSS","M","$","M","?","?","R","?","?","T","$","R","?","M","?","R","BOSS","R","??","M"],"items_purchased_type":["Relic","Relic","Card","Card","Relic","Relic","Relic","Card","Relic","Relic","Relic","Card","Card","Card","Relic","Relic","Relic","Card","Card","Card","Card","Relic","Relic","Relic"],"build_version":"2020-12-22","purchased_purges":6,"victory":false,"max_hp_per_floor":[65,65,65,65,65,65,65,65,65,65,65,67,68,68,68,68,68,68,68,68,68,70,70,70,70,70,72,72,72,72,77,77,77,77,78,78,78,78,78,78,80,80,87,87,87,87,88,90,90,90,90,90,80,40,40],"card_choices":[{"not_picked":["animator:NagisaMomoe","animator:Shuna"],"picked":"animator:ChlammyZell","floor":1},{"not_picked":["animator:DolaSchwi","animator:Konayuki"],"picked":"animator:Kaijin","floor":2},{"not_picked":["animator:Vanir","animator:SuzuneAmano"],"picked":"animator:Lu","floor":5},{"not_picked":["animator:Arpeggio","animator:Bozes"],"picked":"animator:Tyuule","floor":6},{"not_picked":["animator:Ciel","animator:Chung"],"picked":"animator:DolaRiku","floor":8},{"not_picked":["animator:YuiTsuruno+1","animator:LizardPriest"],"picked":"animator:Eve","floor":10},{"not_picked":["animator:SayakaMiki","animator:Kuribayashi+1","animator:Togame"],"picked":"Singing Bowl","floor":12},{"not_picked":["animator:Tyuule","animator:YaoHaDucy+1"],"picked":"animator:RoryMercury+1","floor":13},{"not_picked":["animator:CowGirl","animator:Kazuma"],"picked":"animator:Fredrika","floor":14},{"not_picked":["animator:HomuraAkemi","animator:Ainz"],"picked":"animator:Shiro","floor":16},{"not_picked":["animator:ZankiKiguchi+1","animator:Emonzaemon+1"],"picked":"animator:Shinoa","floor":18},{"not_picked":["animator:HiiragiShinya","animator:HighElfArcher+1","animator:Priestess"],"picked":"Singing Bowl","floor":22},{"not_picked":["animator:YaoHaDucy+1","animator:TukaLunaMarceau"],"picked":"animator:LeleiLaLalena","floor":23},{"not_picked":["animator:ChaikaBohdan+1","animator:Benimaru+1"],"picked":"animator:CowGirl+1","floor":24},{"not_picked":["animator:Add","animator:Yuuichirou+1"],"picked":"animator:YunYun+1","floor":25},{"not_picked":["animator:Witch","animator:HighElfArcher+1","animator:Rena"],"picked":"Singing Bowl","floor":27},{"not_picked":["animator:HighElfArcher+1","animator:GuildGirl"],"picked":"animator:Spearman+1","floor":29},{"not_picked":["animator:AcuraShin+1","animator:Wiz"],"picked":"animator:Ainz","floor":33},{"not_picked":["animator:Mikaela+1","animator:Yuuichirou+1"],"picked":"animator:Demiurge+1","floor":35},{"not_picked":["animator:CowGirl","animator:Jibril+1"],"picked":"animator:PandorasActor","floor":37},{"not_picked":["animator:YuiTsuruno+1","animator:PandorasActor+1"],"picked":"animator:Ain+1","floor":38},{"not_picked":["animator:Millim+1","animator:Shinoa"],"picked":"animator:Aisha+1","floor":41},{"not_picked":["animator:Viivi+1","animator:Entoma+1","animator:DolaCouronne"],"picked":"Singing Bowl","floor":41},{"not_picked":["animator:TukaLunaMarceau","animator:LeleiLaLalena"],"picked":"animator:Arpeggio","floor":47},{"not_picked":["animator:ChaikaBohdan+1","animator:ShinjiMatou+1"],"picked":"animator:FeridBathory","floor":47},{"not_picked":["animator:YachiyoNanami","animator:LizardPriest"],"picked":"animator:Bozes+1","floor":48},{"not_picked":["animator:Hitei","animator:Shuna+1","animator:DwarfShaman+1"],"picked":"Singing Bowl","floor":48}],"player_experience":712204,"relics_obtained":[{"floor":6,"key":"Singing Bowl"},{"floor":8,"key":"Anchor"},{"floor":9,"key":"Molten Egg 2"},{"floor":10,"key":"Shovel"},{"floor":23,"key":"animator:Buoy"},{"floor":25,"key":"Nunchaku"},{"floor":26,"key":"Bottled Flame"},{"floor":28,"key":"Enchiridion"},{"floor":30,"key":"animator:WornHelmet"},{"floor":32,"key":"War Paint"},{"floor":38,"key":"Prayer Wheel"},{"floor":40,"key":"PreservedInsect"},{"floor":43,"key":"Strawberry"},{"floor":45,"key":"animator:ShionDessert"},{"floor":46,"key":"Art of War"},{"floor":49,"key":"InkBottle"},{"floor":52,"key":"animator:BattleDrones"},{"floor":53,"key":"animator:TheEgnaroPiece"}],"event_choices":[{"damage_healed":0,"gold_gain":0,"player_choice":"Upgraded","damage_taken":0,"max_hp_gain":0,"max_hp_loss":0,"event_name":"Upgrade Shrine","floor":3,"gold_loss":0,"cards_upgraded":["animator:Shinoa"]},{"damage_healed":0,"gold_gain":0,"player_choice":"Ignored","damage_taken":0,"max_hp_gain":0,"max_hp_loss":0,"event_name":"Vampires","floor":20,"gold_loss":0},{"damage_healed":0,"gold_gain":0,"player_choice":"CARD CARD ","damage_taken":19,"max_hp_gain":0,"max_hp_loss":0,"event_name":"Knowing Skull","floor":21,"potions_obtained":[],"gold_loss":0,"cards_obtained":["animator:Magilou","animator:Zero"]},{"damage_healed":0,"gold_gain":0,"player_choice":"Obtained Book","damage_taken":21,"max_hp_gain":0,"max_hp_loss":0,"event_name":"Cursed Tome","floor":28,"gold_loss":0},{"damage_healed":0,"gold_gain":0,"player_choice":"Shed Blood","damage_taken":25,"max_hp_gain":5,"max_hp_loss":0,"event_name":"Forgotten Altar","floor":31,"gold_loss":0},{"damage_healed":0,"gold_gain":0,"player_choice":"Fight","damage_taken":0,"max_hp_gain":0,"max_hp_loss":0,"event_name":"Mysterious Sphere","floor":38,"gold_loss":0},{"cards_removed":["animator:Defend_GATE"],"damage_healed":0,"gold_gain":0,"player_choice":"Purged","damage_taken":0,"max_hp_gain":0,"max_hp_loss":0,"event_name":"Purifier","floor":39,"gold_loss":0}],"is_beta":false,"boss_relics":[{"not_picked":["Calling Bell","Empty Cage"],"picked":"Fusion Hammer"},{"not_picked":["Black Star","animator:CursedBlade"],"picked":"Philosopher\u0027s Stone"}],"items_purged_floors":[0,4,11,19,36,44],"is_endless":false,"potions_floor_spawned":[1,10,12,13,16,18,22,25,33,38,41,48],"killed_by":"animator:TRIPLE_SHAPES_WEAK","ascension_level":17}}