{"host":"ljavmhyz2e552xgo","time":1610235504,"event":{"mods":["BaseMod","Better Third Choice","Downfall","Friendly Minions","Minty Spire (QoL Compilation)","Permanent Neow","Spicy Shops","StSLib"],"gold_per_floor":[99,115,133,47,60,60,60,80,180,199,219,245,95,109,128,227,227,227,227,227,246,246,258,258,268,294,319,244,46,66,85,100,198,198,198,209,222,62,76,76,125,139,7,7,7,22,22,22,42,42,42,71,7,7,7],"floor_reached":56,"playtime":4957,"items_purged":[],"score":1250,"play_id":"590f3be6-ea47-488a-a92f-597952f303c6","local_time":"20210109173824","is_ascension_mode":false,"campfire_choices":[{"data":"Guardian:TwinSlam","floor":1,"key":"SMITH"},{"floor":6,"key":"RECALL"},{"data":"Guardian:ArmoredProtocol","floor":13,"key":"SMITH"},{"data":"Guardian:FloatingOrbs","floor":18,"key":"SMITH"},{"data":"Guardian:DonusPower","floor":28,"key":"SMITH"},{"floor":54,"key":"DIG"}],"circlet_count":0,"master_deck":["Guardian:Strike_Guardian","Guardian:Strike_Guardian","Guardian:Strike_Guardian","Guardian:Defend_Guardian","Guardian:Defend_Guardian","Guardian:Defend_Guardian","Guardian:Defend_Guardian","Guardian:CurlUp+1","Guardian:TwinSlam+1","Guardian:StasisStrike","Guardian:BronzeOrb","Guardian:ChargeCore","Guardian:Repulse","Guardian:PrismaticBeam","Guardian:ArmoredProtocol+1","Guardian:SpikerProtocol","Guardian:SphericShield+1","Guardian:FloatingOrbs+1","Guardian:PrismaticBeam","Guardian:FloatingOrbs+1","Guardian:DonusPower+1","Guardian:GatlingBeam","Guardian:Harden","Guardian:BronzeArmor+1","Guardian:Gem_Blue","Guardian:PolyBeam+1","Guardian:Gem_Red","Parasite","Guardian:Gem_Fragmented","Guardian:Reroute"],"relics":["Guardian:ModeShifter","Orichalcum","downfall:HeartBlessingRed","downfall:HeartBlessingBlue","Coffee Dripper","Singing Bowl","Shovel","sneckomod:BlankCard","downfall:HeartBlessingGreen","Guardian:PickAxe","expansioncontent:StudyCardRelic","War Paint","MealTicket","Membership Card","Guardian:DefensiveModeMoreBlock","Thread and Needle","Happy Flower","Bird Faced Urn","Strange Spoon","Kunai","Dead Branch","InkBottle"],"acts_visited":["Exordium","TheCity","TheBeyond","TheEnding"],"potions_floor_usage":[16,33,50,50,55],"damage_taken":[{"damage":1,"enemies":"2 Louse","floor":2,"turns":3},{"damage":1,"enemies":"Jaw Worm","floor":3,"turns":3},{"damage":0,"enemies":"downfall:FleeingMerchant","floor":4,"turns":4},{"damage":1,"enemies":"Cultist","floor":5,"turns":3},{"damage":7,"enemies":"Blue Slaver","floor":8,"turns":2},{"damage":0,"enemies":"Large Slime","floor":10,"turns":5},{"damage":9,"enemies":"Gremlin Gang","floor":11,"turns":4},{"damage":16,"enemies":"Gremlin Nob","floor":12,"turns":5},{"damage":3,"enemies":"Blue Slaver","floor":14,"turns":3},{"damage":4,"enemies":"2 Fungi Beasts","floor":15,"turns":3},{"damage":0,"enemies":"downfall:Watcher","floor":16,"turns":8},{"damage":0,"enemies":"Shell Parasite","floor":21,"turns":6},{"damage":0,"enemies":"3 Byrds","floor":23,"turns":2},{"damage":10,"enemies":"Cultist and Chosen","floor":25,"turns":6},{"damage":31,"enemies":"Book of Stabbing","floor":26,"turns":5},{"damage":9,"enemies":"downfall:FleeingMerchant","floor":29,"turns":4},{"damage":4,"enemies":"Shelled Parasite and Fungi","floor":30,"turns":4},{"damage":0,"enemies":"Chosen and Byrds","floor":31,"turns":4},{"damage":3,"enemies":"Snake Plant","floor":32,"turns":4},{"damage":13,"enemies":"downfall:Defect","floor":33,"turns":6},{"damage":2,"enemies":"3 Darklings","floor":36,"turns":5},{"damage":0,"enemies":"3 Shapes","floor":37,"turns":3},{"damage":8,"enemies":"downfall:FleeingMerchant","floor":38,"turns":4},{"damage":32,"enemies":"Sphere and 2 Shapes","floor":39,"turns":4},{"damage":0,"enemies":"Transient","floor":42,"turns":5},{"damage":0,"enemies":"downfall:FleeingMerchant","floor":43,"turns":2},{"damage":2,"enemies":"4 Shapes","floor":46,"turns":4},{"damage":0,"enemies":"Sphere and 2 Shapes","floor":49,"turns":4},{"damage":19,"enemies":"downfall:Silent","floor":50,"turns":7},{"damage":38,"enemies":"downfall:CharBossMerchant","floor":52,"turns":8},{"damage":14,"enemies":"downfall:NeowBoss","floor":55,"turns":14}],"seed_played":"2366374171362410411","potions_obtained":[{"floor":2,"key":"ColorlessPotion"},{"floor":8,"key":"SteroidPotion"},{"floor":12,"key":"AttackPotion"},{"floor":14,"key":"Fire Potion"},{"floor":15,"key":"PowerPotion"},{"floor":26,"key":"ColorlessPotion"},{"floor":33,"key":"Strength Potion"},{"floor":37,"key":"hexamod:EctoCoolerPotion"}],"is_trial":false,"path_per_floor":["R","M","M","$","M","R","T","M","?","M","M","E","R","M","M","B",null,"R","?","?","M","?","M","T","M","E","T","R","$","M","M","M","B",null,"R","M","M","$","M","R","T","M","$","R","?","M","?","$","M","B",null,"E","$","R","B",null],"character_chosen":"GUARDIAN","items_purchased":["Guardian:PrismaticBeam","Guardian:PickAxe","Guardian:Harden","War Paint","Membership Card","Guardian:DefensiveModeMoreBlock","Thread and Needle","Happy Flower","Bird Faced Urn","Strange Spoon","Dead Branch","Guardian:Reroute","SteroidPotion"],"campfire_rested":0,"item_purchase_floors":[4,29,29,38,43,43,43,43,43,43,53,53,53],"current_hp_per_floor":[80,79,78,78,77,77,77,70,70,70,61,45,55,52,48,48,90,90,90,90,90,90,90,90,80,51,51,51,42,38,40,39,26,96,96,94,94,86,56,56,56,58,75,75,75,89,89,104,106,98,106,70,85,85,103],"gold":7,"neow_bonus":"ONE_RANDOM_RARE_CARD","is_daily":false,"chose_seed":false,"campfire_upgraded":4,"win_rate":0.0,"timestamp":1610235504,"path_taken":["R","M","M","$","M","R","T","M","?","M","M","E","R","M","M","BOSS","R","?","?","?","?","M","T","M","E","?","R","$","M","M","M","BOSS","R","M","M","$","M","R","T","M","$","R","?","?","?","$","M","BOSS","E","$","R","BOSS"],"items_purchased_type":["Card","Relic","Card","Relic","Relic","Relic","Relic","Relic","Relic","Relic","Relic","Card","Potion"],"build_version":"2020-12-22","purchased_purges":0,"victory":true,"max_hp_per_floor":[80,80,80,80,80,80,80,80,80,80,80,80,90,90,90,90,90,90,90,90,90,90,90,90,90,92,92,92,92,92,94,96,96,96,96,96,96,96,98,98,98,100,102,102,102,104,104,104,106,106,106,108,108,108,108],"card_choices":[{"not_picked":["Guardian:CrystalBeam","Guardian:Recover"],"picked":"Guardian:BronzeOrb","floor":2},{"not_picked":["Guardian:TemporalShield","Guardian:WalkerClaw"],"picked":"Guardian:ChargeCore","floor":3},{"not_picked":["Guardian:CrystalBeam","Guardian:ShieldCharger"],"picked":"Guardian:Repulse","floor":4},{"not_picked":["Guardian:Preprogram","Guardian:Incinerate"],"picked":"Guardian:ArmoredProtocol","floor":8},{"not_picked":["Guardian:GatlingBeam","Guardian:RollAttack"],"picked":"Guardian:SpikerProtocol","floor":10},{"not_picked":["Guardian:Harden","Guardian:Repulse"],"picked":"Guardian:Gem_Red","floor":11},{"not_picked":["Guardian:TemporalShield","Guardian:Incinerate"],"picked":"Guardian:SphericShield","floor":12},{"not_picked":["Guardian:ShieldSpikes","Guardian:CrystalBeam"],"picked":"Guardian:FloatingOrbs","floor":14},{"not_picked":["Guardian:ShieldCharger","Guardian:TemporalStrike"],"picked":"Guardian:PrismaticBeam","floor":15},{"not_picked":["Guardian:FastForward","Guardian:BaubleBeam"],"picked":"Guardian:Gem_Orange","floor":16},{"not_picked":["Guardian:Suspension","Guardian:Gem_Cyan"],"picked":"Guardian:Clone","floor":21},{"not_picked":["Guardian:PiercingHide+1","Guardian:Suspension"],"picked":"Guardian:FloatingOrbs+1","floor":23},{"not_picked":["Guardian:Planning","Guardian:ChargeUp+1"],"picked":"Guardian:DonusPower","floor":25},{"not_picked":["Guardian:Incinerate","Guardian:SpikerProtocol","Guardian:BronzeOrb"],"picked":"Singing Bowl","floor":26},{"not_picked":["Guardian:ChargeUp","Guardian:Reroute"],"picked":"Guardian:GatlingBeam","floor":29},{"not_picked":["Guardian:Suspension","Guardian:Planning"],"picked":"Guardian:BronzeArmor+1","floor":30},{"not_picked":["Guardian:TemporalStrike","Guardian:TemporalShield","Guardian:Gem_Cyan"],"picked":"Singing Bowl","floor":31},{"not_picked":["Guardian:ChargeUp","Guardian:TemporalStrike","Guardian:VentSteam+1"],"picked":"Singing Bowl","floor":32},{"not_picked":["Guardian:StasisField","Guardian:StasisStrike"],"picked":"Guardian:Gem_Synthetic","floor":33},{"not_picked":["Guardian:GuardianWhirl","Guardian:Incinerate"],"picked":"Guardian:PolyBeam+1","floor":36},{"not_picked":["Guardian:Repulse","Guardian:CrystalBeam"],"picked":"Guardian:Gem_Blue","floor":37},{"not_picked":["Guardian:Gem_Blue","Guardian:RollAttack"],"picked":"Guardian:Gem_Green","floor":38},{"not_picked":["Guardian:TemporalShield+1","Guardian:TimeBomb","Guardian:SentryBeam+1"],"picked":"Singing Bowl","floor":39},{"not_picked":["Guardian:Gem_Cyan","Guardian:GuardianWhirl","Guardian:Reroute"],"picked":"Singing Bowl","floor":42},{"not_picked":["Guardian:Gem_Blue","Guardian:PiercingHide","Guardian:FastForward"],"picked":"Singing Bowl","floor":43},{"not_picked":["Guardian:CrystalBeam+1","Guardian:SentryBeam","Guardian:Repulse+1"],"picked":"Singing Bowl","floor":46},{"not_picked":["Guardian:VentSteam","Guardian:ShieldSpikes+1","Guardian:PolyBeam"],"picked":"Singing Bowl","floor":49},{"not_picked":["Guardian:Gem_Blue","Guardian:Reroute","Guardian:FloatingOrbs"],"picked":"Singing Bowl","floor":52}],"player_experience":1463167,"relics_obtained":[{"floor":12,"key":"Orichalcum"},{"floor":24,"key":"Singing Bowl"},{"floor":26,"key":"Shovel"},{"floor":27,"key":"sneckomod:BlankCard"},{"floor":41,"key":"MealTicket"},{"floor":52,"key":"Kunai"},{"floor":54,"key":"InkBottle"}],"event_choices":[{"damage_healed":0,"gold_gain":0,"player_choice":"Ignored","damage_taken":0,"max_hp_gain":0,"max_hp_loss":0,"event_name":"Vampires","floor":22,"gold_loss":0},{"cards_removed":["Guardian:Clone"],"damage_healed":0,"gold_gain":0,"player_choice":"Removed Skill","damage_taken":0,"max_hp_gain":0,"max_hp_loss":0,"event_name":"Falling","floor":47,"gold_loss":0}],"is_beta":false,"boss_relics":[{"not_picked":["Astrolabe","SacredBark"],"picked":"Coffee Dripper"},{"not_picked":["Runic Dome","SlaversCollar"],"picked":"expansioncontent:StudyCardRelic"}],"items_purged_floors":[],"is_endless":false,"potions_floor_spawned":[2,8,12,14,15,26,30,31,33,37,39,42,49],"ascension_level":0}}