{"host":"l60rmjjsfi0fipmi","time":1610230678,"event":{"mods":["BaseMod","Colored Map","DeckTracker","Highlight Path","Minty Spire (QoL Compilation)"],"gold_per_floor":[118,293,39,14,14,39,57,57,80,111,125,190,210,227,227,330,330,302,302,313,313,25,25,58,58,85,85,0,10,10,21,21,118,118,138,152,14,32,32,63,63,89,168,168,168,168,168],"floor_reached":46,"playtime":3208,"items_purged":["Doubt","Strike_R","Defend_R"],"score":584,"play_id":"813a87a8-5b25-4064-accc-de071a61b0d8","local_time":"20210109171758","is_ascension_mode":true,"campfire_choices":[{"data":"Searing Blow","floor":8,"key":"SMITH"},{"floor":15,"key":"REST"},{"data":"Barricade","floor":23,"key":"SMITH"},{"data":"Entrench","floor":25,"key":"SMITH"},{"data":"Iron Wave","floor":27,"key":"SMITH"},{"floor":32,"key":"REST"},{"data":"Armaments","floor":41,"key":"SMITH"},{"floor":45,"key":"REST"}],"circlet_count":0,"master_deck":["Strike_R+1","Strike_R+1","Defend_R","Defend_R","Cleave","Iron Wave+1","Impervious","Iron Wave","Iron Wave+1","Spot Weakness","Headbutt+1","Barricade+1","CurseOfTheBell","Body Slam+1","Burning Pact","Ghostly Armor+1","Entrench+1","True Grit+1","Shrug It Off","Armaments+1","Reaper+1","Combust+1","Bludgeon+1","Offering+1","Feel No Pain","Dark Shackles","Shrug It Off+1","Fiend Fire+1","Shockwave"],"relics":["Burning Blood","Whetstone","Anchor","The Courier","Peace Pipe","Potion Belt","Ornamental Fan","Molten Egg 2","Calling Bell","Boot","Eternal Feather","Incense Burner","Membership Card","Mercury Hourglass","Blood Vial","Oddly Smooth Stone","Astrolabe","Red Skull","Letter Opener","Question Card"],"acts_visited":["Exordium","TheCity","TheBeyond"],"potions_floor_usage":[6,14,16,31,33,33,44,44,46],"damage_taken":[{"damage":0,"enemies":"Cultist","floor":1,"turns":3},{"damage":28,"enemies":"Gremlin Nob","floor":6,"turns":4},{"damage":0,"enemies":"Jaw Worm","floor":7,"turns":3},{"damage":21,"enemies":"3 Sentries","floor":10,"turns":7},{"damage":0,"enemies":"2 Louse","floor":11,"turns":3},{"damage":30,"enemies":"Lagavulin Event","floor":12,"turns":8},{"damage":9,"enemies":"Exordium Wildlife","floor":13,"turns":4},{"damage":4,"enemies":"Exordium Thugs","floor":14,"turns":5},{"damage":30,"enemies":"The Guardian","floor":16,"turns":13},{"damage":19,"enemies":"2 Thieves","floor":18,"turns":5},{"damage":19,"enemies":"Spheric Guardian","floor":20,"turns":6},{"damage":36,"enemies":"Gremlin Leader","floor":24,"turns":10},{"damage":32,"enemies":"Centurion and Healer","floor":29,"turns":9},{"damage":12,"enemies":"3 Cultists","floor":31,"turns":6},{"damage":14,"enemies":"Champ","floor":33,"turns":11},{"damage":7,"enemies":"3 Shapes","floor":35,"turns":5},{"damage":15,"enemies":"3 Darklings","floor":36,"turns":8},{"damage":24,"enemies":"Sphere and 2 Shapes","floor":38,"turns":9},{"damage":28,"enemies":"Nemesis","floor":40,"turns":9},{"damage":83,"enemies":"Reptomancer","floor":42,"turns":8},{"damage":0,"enemies":"Spire Growth","floor":44,"turns":2},{"damage":59,"enemies":"Transient","floor":46,"turns":4}],"seed_played":"6500126781523673020","potions_obtained":[{"floor":6,"key":"BloodPotion"},{"floor":12,"key":"AttackPotion"},{"floor":14,"key":"Strength Potion"},{"floor":18,"key":"Explosive Potion"},{"floor":24,"key":"SkillPotion"},{"floor":31,"key":"SmokeBomb"},{"floor":40,"key":"DuplicationPotion"}],"is_trial":false,"path_per_floor":["M","?","$","?","?","E","M","R","T","E","M","?","M","M","R","B",null,"M","?","M","?","$","R","E","R","T","R","?","M","?","M","R","B",null,"M","M","$","M","?","E","R","E","T","M","R","M"],"character_chosen":"IRONCLAD","items_purchased":["Anchor","Searing Blow","Membership Card","Dexterity Potion","Mercury Hourglass","Dexterity Potion","Feel No Pain","Dark Shackles"],"campfire_rested":3,"item_purchase_floors":[3,3,22,22,22,37,37,37],"current_hp_per_floor":[80,80,80,80,47,41,47,47,47,32,38,14,11,13,37,13,80,67,67,54,54,54,66,36,48,48,60,60,36,36,32,71,65,80,80,80,80,62,62,47,62,8,8,16,55,0,0],"gold":168,"neow_bonus":"RANDOM_COMMON_RELIC","is_daily":false,"chose_seed":false,"campfire_upgraded":5,"win_rate":0.0,"timestamp":1610230678,"path_taken":["M","?","$","?","?","E","M","R","T","E","M","?","M","M","R","BOSS","M","?","?","?","$","R","E","R","T","R","?","M","?","?","R","BOSS","M","M","$","M","?","E","R","E","T","?","R","M"],"items_purchased_type":["Relic","Card","Relic","Potion","Relic","Potion","Card","Card"],"build_version":"2020-12-22","purchased_purges":3,"victory":false,"max_hp_per_floor":[80,80,80,80,80,80,80,80,80,80,80,80,80,80,80,80,80,80,80,80,80,80,80,80,80,80,80,80,80,80,80,80,80,80,80,80,80,80,80,80,80,80,80,80,80,80,80],"card_choices":[{"not_picked":["Anger","Pummel"],"picked":"Cleave","floor":1},{"not_picked":["Perfected Strike","Cleave","Havoc"],"picked":"SKIP","floor":6},{"not_picked":["Clash","Second Wind"],"picked":"Iron Wave","floor":7},{"not_picked":["Intimidate","Pummel"],"picked":"Impervious","floor":10},{"not_picked":["Pommel Strike","Flex"],"picked":"Iron Wave","floor":11},{"not_picked":["Clothesline+1","Thunderclap+1"],"picked":"Iron Wave+1","floor":12},{"not_picked":["Flex","Sword Boomerang+1"],"picked":"Spot Weakness","floor":13},{"not_picked":["Pummel+1","Burning Pact"],"picked":"Headbutt+1","floor":14},{"not_picked":["Brutality","Exhume"],"picked":"Barricade","floor":16},{"not_picked":["Cleave+1","Perfected Strike+1"],"picked":"Body Slam+1","floor":18},{"not_picked":["Headbutt+1","Body Slam+1"],"picked":"Ghostly Armor+1","floor":20},{"not_picked":["Iron Wave+1","Clothesline+1"],"picked":"True Grit+1","floor":24},{"not_picked":["Clash+1","Perfected Strike+1"],"picked":"Shrug It Off","floor":29},{"not_picked":["Pommel Strike+1","Infernal Blade"],"picked":"Armaments","floor":31},{"not_picked":["Corruption","Limit Break"],"picked":"Reaper+1","floor":33},{"not_picked":["Clothesline+1","Feel No Pain+1","Anger+1"],"picked":"SKIP","floor":35},{"not_picked":["Carnage+1","Clothesline+1","Flex+1"],"picked":"SKIP","floor":36},{"not_picked":["Pommel Strike+1","Heavy Blade+1"],"picked":"Shrug It Off+1","floor":38},{"not_picked":["Battle Trance","Spot Weakness"],"picked":"Shockwave","floor":40},{"not_picked":["Clash+1","Fiend Fire+1","True Grit+1"],"picked":"SKIP","floor":42}],"player_experience":306594,"relics_obtained":[{"floor":6,"key":"Peace Pipe"},{"floor":9,"key":"Potion Belt"},{"floor":10,"key":"Ornamental Fan"},{"floor":12,"key":"Molten Egg 2"},{"floor":17,"key":"Boot"},{"floor":17,"key":"Eternal Feather"},{"floor":17,"key":"Incense Burner"},{"floor":24,"key":"Blood Vial"},{"floor":26,"key":"Oddly Smooth Stone"},{"floor":40,"key":"Red Skull"},{"floor":42,"key":"Letter Opener"},{"floor":43,"key":"Question Card"}],"event_choices":[{"damage_healed":0,"gold_gain":175,"player_choice":"AGREE","damage_taken":0,"max_hp_gain":0,"max_hp_loss":0,"event_name":"Liars Game","floor":2,"gold_loss":0,"cards_obtained":["Doubt"]},{"damage_healed":0,"gold_gain":0,"player_choice":"Left Gold","damage_taken":0,"max_hp_gain":0,"max_hp_loss":0,"event_name":"World of Goop","floor":4,"gold_loss":25},{"damage_healed":0,"gold_gain":0,"player_choice":"Success","damage_taken":33,"relics_obtained":["The Courier"],"max_hp_gain":0,"max_hp_loss":0,"event_name":"Scrap Ooze","floor":5,"gold_loss":0},{"damage_healed":0,"gold_gain":0,"player_choice":"Searched \u00271\u0027 times","damage_taken":0,"max_hp_gain":0,"max_hp_loss":0,"event_name":"Dead Adventurer","floor":12,"gold_loss":0},{"damage_healed":0,"gold_gain":0,"cards_transformed":["Strike_R"],"player_choice":"Transformed","damage_taken":0,"max_hp_gain":0,"max_hp_loss":0,"event_name":"Transmorgrifier","floor":19,"gold_loss":0,"cards_obtained":["Burning Pact"]},{"damage_healed":0,"gold_gain":0,"player_choice":"Read","damage_taken":0,"max_hp_gain":0,"max_hp_loss":0,"event_name":"The Library","floor":21,"gold_loss":0,"cards_obtained":["Entrench"]},{"damage_healed":0,"gold_gain":0,"player_choice":"Paid Fearfully","damage_taken":0,"max_hp_gain":0,"max_hp_loss":0,"event_name":"Masked Bandits","floor":28,"gold_loss":85},{"damage_healed":0,"gold_gain":0,"player_choice":"Ignored","damage_taken":0,"max_hp_gain":0,"max_hp_loss":0,"event_name":"Cursed Tome","floor":30,"gold_loss":0},{"damage_healed":0,"gold_gain":0,"cards_transformed":["Searing Blow"],"player_choice":"Transformed","damage_taken":0,"max_hp_gain":0,"max_hp_loss":0,"event_name":"Transmorgrifier","floor":39,"gold_loss":0,"cards_obtained":["Fiend Fire"]}],"is_beta":false,"boss_relics":[{"not_picked":["Runic Pyramid","Runic Cube"],"picked":"Calling Bell"},{"not_picked":["Tiny House","Coffee Dripper"],"picked":"Astrolabe"}],"items_purged_floors":[3,22,37],"is_endless":false,"potions_floor_spawned":[6,12,14,18,24,31,40],"killed_by":"Transient","ascension_level":2}}