{"host":"Bilverbakes","time":1610221510,"event":{"mods":["2.2 Compatiblity","AchievementEnabler","BaseMod","Bestiary","Colored Map","Minty Spire (QoL Compilation)","Relic Stats","StSLib","ojb\u0027s Info Mod"],"gold_per_floor":[119,134,4,4,21,46,46,81,107,132,132,191,217,217,217,217,217],"floor_reached":16,"playtime":902,"items_purged":["Strike_R"],"score":252,"play_id":"1ebb239f-7390-4622-85aa-82268a1641c0","local_time":"20210109134510","is_ascension_mode":true,"campfire_choices":[{"data":"Fiend Fire","floor":7,"key":"SMITH"},{"floor":15,"key":"REST"}],"circlet_count":0,"master_deck":["AscendersBane","Strike_R","Strike_R","Strike_R","Strike_R","Defend_R","Defend_R","Defend_R","Defend_R","Bash","Offering","Flame Barrier","Hemokinesis","Fiend Fire+1","Shrug It Off","Second Wind","Reaper"],"relics":["Burning Blood","Strawberry","PreservedInsect","Anchor","Kunai","White Beast Statue"],"acts_visited":["Exordium"],"potions_floor_usage":[10,11,16],"damage_taken":[{"damage":14,"enemies":"Small Slimes","floor":1,"turns":5},{"damage":6,"enemies":"2 Louse","floor":2,"turns":3},{"damage":8,"enemies":"Jaw Worm","floor":5,"turns":2},{"damage":21,"enemies":"Gremlin Nob","floor":6,"turns":3},{"damage":23,"enemies":"Lagavulin","floor":8,"turns":5},{"damage":30,"enemies":"3 Sentries","floor":10,"turns":7},{"damage":14,"enemies":"Gremlin Nob","floor":13,"turns":3},{"damage":52,"enemies":"The Guardian","floor":16,"turns":12}],"seed_played":"6773624322572999346","potions_obtained":[{"floor":1,"key":"BloodPotion"},{"floor":10,"key":"EssenceOfSteel"}],"is_trial":false,"path_per_floor":["M","M","$","?","M","E","R","E","T","E","?","?","E","?","R","B"],"character_chosen":"IRONCLAD","items_purchased":["Fire Potion"],"campfire_rested":1,"item_purchase_floors":[3],"current_hp_per_floor":[60,60,60,65,63,55,55,38,38,14,30,30,22,22,46,0,0],"gold":217,"neow_bonus":"THREE_RARE_CARDS","is_daily":false,"chose_seed":false,"campfire_upgraded":1,"win_rate":0.0,"timestamp":1610221510,"path_taken":["M","M","$","?","M","E","R","E","T","E","?","?","E","?","R","BOSS"],"items_purchased_type":["Potion"],"build_version":"2020-12-18","purchased_purges":1,"victory":false,"max_hp_per_floor":[68,68,68,73,73,80,80,80,80,80,80,80,80,80,80,80,80],"relic_stats":{"counters":[8,40],"PreservedInsect":55,"Kunai":[1],"obtain_stats":[{"Anchor":9,"Strawberry":6,"PreservedInsect":8,"Kunai":10,"Burning Blood":0,"White Beast Statue":13},{"Anchor":5,"Strawberry":4,"PreservedInsect":5,"Kunai":6,"Burning Blood":0,"White Beast Statue":7},{"Anchor":18,"Strawberry":13,"PreservedInsect":18,"Kunai":25,"Burning Blood":0,"White Beast Statue":28}],"Burning Blood":42},"card_choices":[{"not_picked":["Limit Break","Exhume"],"picked":"Offering","floor":0},{"not_picked":["Sentinel","Anger"],"picked":"Flame Barrier","floor":1},{"not_picked":["Dark Embrace","Ghostly Armor"],"picked":"Hemokinesis","floor":2},{"not_picked":["Intimidate","Infernal Blade","Heavy Blade"],"picked":"SKIP","floor":5},{"not_picked":["Havoc","Shockwave"],"picked":"Fiend Fire","floor":6},{"not_picked":["Intimidate","Iron Wave"],"picked":"Shrug It Off","floor":8},{"not_picked":["Searing Blow","Rupture"],"picked":"Second Wind","floor":10},{"not_picked":["Anger","Sever Soul"],"picked":"Reaper","floor":13}],"player_experience":645054,"relics_obtained":[{"floor":6,"key":"Strawberry"},{"floor":8,"key":"PreservedInsect"},{"floor":9,"key":"Anchor"},{"floor":10,"key":"Kunai"},{"floor":13,"key":"White Beast Statue"}],"event_choices":[{"damage_healed":0,"gold_gain":0,"player_choice":"Donut","damage_taken":0,"max_hp_gain":5,"max_hp_loss":0,"event_name":"Big Fish","floor":4,"gold_loss":0},{"damage_healed":0,"gold_gain":0,"player_choice":"Ignored","damage_taken":0,"max_hp_gain":0,"max_hp_loss":0,"event_name":"Shining Light","floor":11,"gold_loss":0},{"damage_healed":0,"gold_gain":59,"player_choice":"Gained Gold","damage_taken":0,"max_hp_gain":0,"max_hp_loss":0,"event_name":"Golden Wing","floor":12,"gold_loss":0},{"damage_healed":0,"gold_gain":0,"player_choice":"Ignored","damage_taken":0,"max_hp_gain":0,"max_hp_loss":0,"event_name":"Liars Game","floor":14,"gold_loss":0}],"is_beta":true,"boss_relics":[],"items_purged_floors":[3],"is_endless":false,"potions_floor_spawned":[1,10],"killed_by":"The Guardian","ascension_level":20}}