{"host":"scy0o1xotfn36lpl","time":1610157132,"event":{"mods":["AchievementEnabler","Aspiration","BaseMod","Better Altar","Better Note","Better Sensory Stone","Better Skull","Better Third Choice","Colored Map","Curses Come First","Downfall","GifTheSpireLib","Googly Eyes","Highlight Path","Minty Spire (QoL Compilation)","Permanent Neow","Replay The Spire","Spicy Shops","StSLib","everything is the same but u backflip on backflip"],"gold_per_floor":[17,17,31,31,42,70,70,70,70,81,81,81,99,125,125,228,228,247,247,247,261,134,134,159,159,183,55,55],"floor_reached":27,"playtime":1146,"items_purged":["Defend_B"],"score":314,"play_id":"1a47cd65-1740-4135-822d-bfb9ff22297f","local_time":"20210108175212","is_ascension_mode":false,"campfire_choices":[{"data":"1","floor":7,"key":"LIFT"},{"floor":11,"key":"REST"},{"data":"2","floor":23,"key":"LIFT"},{"floor":25,"key":"REST"}],"circlet_count":0,"master_deck":["Strike_B","Strike_B","Strike_B","Defend_B","Defend_B","Defend_B","Zap","Dualcast","Ball Lightning","Reinforced Body","Regret","Ball Lightning+1","Barrage","Redo","Ball Lightning","Apotheosis+1","Conserve Battery","Melter","ReplayRNGCard+1","FTL+1","Gash","Conserve Battery"],"relics":["Cracked Core","WingedGreaves","Mercury Hourglass","Girya","Bottled Flame","Bird Faced Urn","Fusion Hammer","Ancient Tea Set","Replay:Rubber Ducky","aspiration:KaomsHeart"],"acts_visited":["Exordium","TheCity"],"potions_floor_usage":[16],"damage_taken":[{"damage":6,"enemies":"Jaw Worm","floor":1,"turns":4},{"damage":0,"enemies":"Small Slimes","floor":3,"turns":2},{"damage":0,"enemies":"2 Louse","floor":5,"turns":2},{"damage":25,"enemies":"3 Sentries","floor":6,"turns":5},{"damage":20,"enemies":"Lots of Slimes","floor":10,"turns":2},{"damage":10,"enemies":"Looter","floor":13,"turns":2},{"damage":1,"enemies":"Replay:BlueRogue","floor":14,"turns":4},{"damage":34,"enemies":"Hexaghost","floor":16,"turns":6},{"damage":15,"enemies":"2 Thieves","floor":18,"turns":3},{"damage":3,"enemies":"3 Byrds","floor":21,"turns":3},{"damage":34,"enemies":"Slavers","floor":24,"turns":4}],"seed_played":"9013076623181802369","potions_obtained":[{"floor":3,"key":"Guardian:BlockOnCardUsePotion"},{"floor":10,"key":"PowerPotion"},{"floor":18,"key":"FocusPotion"},{"floor":24,"key":"FearPotion"}],"is_trial":false,"path_per_floor":["M","?","M","?","M","E","R","?","T","M","R","?","M","E","R_BF","B",null,"M","?","?","M","$","R","E","R","T","$"],"character_chosen":"DEFECT","items_purchased":["Conserve Battery","aspiration:KaomsHeart"],"campfire_rested":2,"item_purchase_floors":[22,27],"current_hp_per_floor":[69,69,69,69,69,44,44,44,44,24,46,46,36,35,57,25,75,60,60,60,57,57,57,23,45,45,145,145],"gold":55,"neow_bonus":"ONE_RARE_RELIC","is_daily":false,"chose_seed":false,"campfire_upgraded":0,"win_rate":0.0,"timestamp":1610157132,"path_taken":["M","?","M","?","M","E","R","?","T","?","R","?","M","E","R_BF","BOSS","M","?","?","?","$","R","E","R","T","?"],"items_purchased_type":["Card","Relic"],"build_version":"2020-12-22","purchased_purges":1,"victory":false,"max_hp_per_floor":[75,75,75,75,75,75,75,75,75,75,75,75,75,75,75,75,75,75,75,75,75,75,75,75,75,75,175,175],"card_choices":[{"not_picked":["Redo","Barrage"],"picked":"Ball Lightning","floor":1},{"not_picked":["Stack","Streamline"],"picked":"Reinforced Body","floor":3},{"not_picked":["Barrage","Compile Driver"],"picked":"Ball Lightning","floor":5},{"not_picked":["Heatsinks","All For One"],"picked":"Barrage","floor":6},{"not_picked":["Rebound","Melter"],"picked":"Ball Lightning","floor":10},{"not_picked":["BootSequence","Rebound"],"picked":"Conserve Battery","floor":13},{"not_picked":["Seek","ReplayTheSpireMod:Calculation Training"],"picked":"Melter","floor":14},{"not_picked":["Electrodynamics","Biased Cognition"],"picked":"ReplayRNGCard","floor":16},{"not_picked":["Loop","Beam Cell"],"picked":"FTL+1","floor":18},{"not_picked":["Hologram+1","Glacier"],"picked":"Gash","floor":21},{"not_picked":["FTL","Coolheaded","Streamline"],"picked":"SKIP","floor":24}],"player_experience":31634,"relics_obtained":[{"floor":6,"key":"Girya"},{"floor":9,"key":"Bottled Flame"},{"floor":14,"key":"Bird Faced Urn"},{"floor":24,"key":"Ancient Tea Set"},{"floor":26,"key":"Replay:Rubber Ducky"}],"event_choices":[{"damage_healed":0,"gold_gain":0,"player_choice":"Box","damage_taken":0,"relics_obtained":["Mercury Hourglass"],"max_hp_gain":0,"max_hp_loss":0,"event_name":"Big Fish","floor":4,"gold_loss":0,"cards_obtained":["Regret"]},{"damage_healed":0,"gold_gain":0,"player_choice":"1 cards matched","damage_taken":0,"max_hp_gain":0,"max_hp_loss":0,"event_name":"Match and Keep!","floor":8,"gold_loss":0,"cards_obtained":["Redo"]},{"damage_healed":46,"gold_gain":0,"player_choice":"Embrace","damage_taken":0,"max_hp_gain":0,"max_hp_loss":75,"event_name":"betterThird:BetterShining","floor":12,"gold_loss":0},{"damage_healed":0,"gold_gain":0,"player_choice":"Ignored","damage_taken":0,"max_hp_gain":0,"max_hp_loss":0,"event_name":"betterNote:BetterNote","floor":19,"gold_loss":0,"cards_obtained":["Survivor"]},{"damage_healed":0,"gold_gain":0,"player_choice":"Upgraded","damage_taken":0,"max_hp_gain":0,"max_hp_loss":0,"event_name":"Upgrade Shrine","floor":20,"gold_loss":0,"cards_upgraded":["ReplayRNGCard"]}],"is_beta":false,"boss_relics":[{"not_picked":["FrozenCore","aspiration:RunicSpoon"],"picked":"Fusion Hammer"}],"items_purged_floors":[22],"is_endless":false,"potions_floor_spawned":[3,10,18,24],"ascension_level":0}}