{"host":"gzk4gkgy3zij1c51","time":1610171947,"event":{"mods":["BaseMod","Colored Map","Downfall","Highlight Path","Infinite Spire","Marked Mod","Minty Spire (QoL Compilation)","Relic Stats","StSLib","everything is the same but u backflip on backflip"],"gold_per_floor":[115,40,40,40,40,72,92,108,155,22,42,69,86,86,86,185,185,205,205,223,233,233,233],"floor_reached":22,"playtime":1401,"items_purged":[],"score":295,"play_id":"592d5f73-7dbe-48c6-bc6b-340794ec7a96","local_time":"20210109055907","is_ascension_mode":true,"campfire_choices":[{"floor":15,"key":"REST"}],"circlet_count":0,"master_deck":["Strike_P","Strike_P+1","Strike_P","Defend_P","Defend_P","Defend_P+1","Defend_P","Eruption","Vigilance","Evaluate","BowlingBash","MarkedMod:PinPointDefense","PathToVictory","ForeignInfluence","CutThroughFate","Prostrate","TalkToTheHand","JustLucky","MarkedMod:OneThousandNeedles","MarkedMod:GracefulMovements","Devotion","FollowUp"],"relics":["HolyWater","Potion Belt","Bronze Scales","sneckomod:BlankCard"],"acts_visited":["Exordium","TheCity"],"potions_floor_usage":[6,11,16,21],"damage_taken":[{"damage":0,"enemies":"Cultist","floor":1,"turns":3},{"damage":25,"enemies":"3 Sentries","floor":6,"turns":8},{"damage":0,"enemies":"2 Louse","floor":7,"turns":3},{"damage":9,"enemies":"Jaw Worm","floor":8,"turns":4},{"damage":0,"enemies":"3 Louse","floor":11,"turns":2},{"damage":18,"enemies":"Lagavulin","floor":12,"turns":7},{"damage":6,"enemies":"Large Slime","floor":13,"turns":6},{"damage":0,"enemies":"Hexaghost","floor":16,"turns":7},{"damage":25,"enemies":"Chosen","floor":18,"turns":5},{"damage":22,"enemies":"Shell Parasite","floor":20,"turns":7},{"damage":21,"enemies":"Snecko","floor":21,"turns":6},{"damage":14,"enemies":"Cultist and Chosen","floor":22,"turns":4}],"seed_played":"-8787590635735814784","potions_obtained":[{"floor":1,"key":"AttackPotion"},{"floor":6,"key":"Fire Potion"},{"floor":7,"key":"Slimebound:ThreeZeroPotion"},{"floor":20,"key":"ColorlessPotion"}],"is_trial":false,"path_per_floor":["M","$","?","$","?","E","M","M","T","$","M","E","M","?","R","B",null,"M","?","M","M","M"],"character_chosen":"WATCHER","items_purchased":["MarkedMod:PinPointDefense","Prostrate","TalkToTheHand","JustLucky"],"campfire_rested":1,"item_purchase_floors":[2,10,10,10],"current_hp_per_floor":[72,72,77,77,77,52,52,43,43,43,43,25,19,4,27,27,77,52,52,30,9,0,0],"gold":233,"neow_bonus":"THREE_CARDS","is_daily":false,"chose_seed":false,"campfire_upgraded":0,"win_rate":0.0,"timestamp":1610171947,"path_taken":["M","?","?","$","?","E","M","M","T","$","M","E","M","?","R","BOSS","M","?","M","M","M"],"items_purchased_type":["Card","Card","Card","Card"],"build_version":"2020-12-22","purchased_purges":0,"victory":false,"max_hp_per_floor":[72,72,77,77,77,77,77,77,77,77,77,77,77,77,77,77,77,77,77,77,77,77,77],"relic_stats":{"counters":[12,62],"Bronze Scales":[113],"obtain_stats":[{"Potion Belt":6,"Bronze Scales":9,"sneckomod:BlankCard":12,"HolyWater":17,"PureWater":0},{"Potion Belt":2,"Bronze Scales":4,"sneckomod:BlankCard":6,"HolyWater":8,"PureWater":0},{"Potion Belt":11,"Bronze Scales":18,"sneckomod:BlankCard":27,"HolyWater":40,"PureWater":0}]},"card_choices":[{"not_picked":["Meditate","EmptyFist"],"picked":"Evaluate","floor":0},{"not_picked":["FollowUp","SashWhip"],"picked":"BowlingBash","floor":1},{"not_picked":["JustLucky","EmptyBody"],"picked":"PathToVictory","floor":6},{"not_picked":["Consecrate","EmptyMind"],"picked":"ForeignInfluence","floor":7},{"not_picked":["Sanctity","JustLucky"],"picked":"CutThroughFate","floor":8},{"not_picked":["FlurryOfBlows","Vengeance","Crescendo"],"picked":"SKIP","floor":11},{"not_picked":["Scrawl","FlurryOfBlows"],"picked":"MarkedMod:OneThousandNeedles","floor":12},{"not_picked":["Halt","PathToVictory"],"picked":"MarkedMod:GracefulMovements","floor":13},{"not_picked":["Judgement","Brilliance"],"picked":"Devotion","floor":16},{"not_picked":["Adaptation+1","FlurryOfBlows+1","DeceiveReality"],"picked":"SKIP","floor":18},{"not_picked":["Halt+1","ReachHeaven"],"picked":"FollowUp","floor":20},{"not_picked":["Tantrum","Evaluate","Crescendo"],"picked":"SKIP","floor":21}],"player_experience":970134,"relics_obtained":[{"floor":6,"key":"Potion Belt"},{"floor":9,"key":"Bronze Scales"},{"floor":12,"key":"sneckomod:BlankCard"}],"event_choices":[{"damage_healed":0,"gold_gain":0,"player_choice":"Donut","damage_taken":0,"max_hp_gain":5,"max_hp_loss":0,"event_name":"Big Fish","floor":3,"gold_loss":0},{"damage_healed":0,"gold_gain":0,"player_choice":"Entered Light","damage_taken":15,"max_hp_gain":0,"max_hp_loss":0,"event_name":"Shining Light","floor":14,"gold_loss":0,"cards_upgraded":["Defend_P","Strike_P"]},{"cards_removed":["Strike_P"],"damage_healed":0,"gold_gain":0,"player_choice":"Purged","damage_taken":0,"max_hp_gain":0,"max_hp_loss":0,"event_name":"Purifier","floor":19,"gold_loss":0}],"is_beta":false,"boss_relics":[{"not_picked":["Calling Bell","Snecko Eye"],"picked":"HolyWater"}],"items_purged_floors":[],"is_endless":false,"potions_floor_spawned":[1,6,7,20],"killed_by":"Cultist and Chosen","ascension_level":4}}