{"host":"5td1gsj4mnrioltg","time":1610173089,"event":{"mods":["2.2 Compatiblity","AchievementEnabler","Act Like it!","Aspiration","BaseMod","Beaked The Cultist","Better Altar","Better Match","Better Note","Better Sensory Stone","Better Silent Start","Better Skull","Better Third Choice","Better Vampires","BetterRewards","Colored Map","Colored Powertips","Displayed Cursed Tome","Downfall","Emptier Cage","Evolution","Friendly Minions","GifTheSpireLib","Highlight Path","Ironclad Rager","Jedi Mod","JesterMod","Mad Scientist","Menagerie","Minty Spire (QoL Compilation)","Permanent Neow","Quick Restart","Replay The Spire","Reworked Bosses","Shade Mod","Spicy Shops","StSLib","The Blue Laboratory","The Dragon Tamer","The Druid","The Elementalist","The Marked","The Necromancer","The Runesmith","Thieving Mod","Transform Curses","Wandering Minibosses","vexMod"],"gold_per_floor":[109,40,53,66,86,86,125,145,168,168,17,46,66,95,95,207,207,229,279,306,306,131,131,156,195,219,22,22,22,56,83,83,198,198,224,244,272,272,24,65,25,25,25,25,25,55,85,115,115,125,125,125,31,67,77],"floor_reached":56,"playtime":3758,"items_purged":["Shame","jesterMod:Strike","jesterMod:Defend"],"score":1400,"play_id":"5d256599-b7e1-4d52-a8e6-3b0c5ea45650","local_time":"20210108221809","is_ascension_mode":true,"campfire_choices":[{"data":"jesterMod:Inspiration","floor":6,"key":"SMITH"},{"data":"jesterMod:Tinker","floor":15,"key":"SMITH"},{"data":"jesterMod:Precipitation","floor":23,"key":"SMITH"},{"floor":29,"key":"REST"},{"floor":32,"key":"RECALL"},{"data":"jesterMod:Haste","floor":42,"key":"SMITH"},{"data":"jesterMod:Haste","floor":45,"key":"SMITH"},{"data":"jesterMod:Overthink","floor":52,"key":"SMITH"}],"circlet_count":0,"master_deck":["jesterMod:Feint","jesterMod:Strike","jesterMod:Sickle","jesterMod:Defend","jesterMod:Defend","jesterMod:Dodge","jesterMod:Precipitation+1","jesterMod:Inspiration+1","jesterMod:Mending","jesterMod:Loot","jesterMod:Haste+1","jesterMod:JackInTheBox","jesterMod:Haste+1","jesterMod:Tinker+1","jesterMod:Unleash+1","jesterMod:Momentum+1","jesterMod:Haste+1","jesterMod:Precipitation+1","jesterMod:BouncingKnife+1","jesterMod:Overthink+1","beaked:AwakenedForm+1","jesterMod:Disposophobia+1","jesterMod:Flee","jesterMod:Exasperation+1","jesterMod:Precipitation+1","jesterMod:Disposophobia"],"relics":["jesterMod:JesterCap","EVO:Axolotl","Frozen Egg 2","Replay:Baseball","Guardian:PocketSentry","jesterMod:MachoBrace","Simple Rune","Replay:Bottled Steam","MealTicket","ReplayFunnel","jedi:shrinkray","Pantograph","beaked:SacredDeck","Blue Candle","aspiration:ChemicalBlood","Replay:Wax Seal","Replay:Rubber Ducky","Orichalcum"],"acts_visited":["Exordium","TheCity","TheBeyond","TheEnding"],"potions_floor_usage":[7,8,24,27,30,30,54,55,55,55,55],"damage_taken":[{"damage":1,"enemies":"Cultist","floor":1,"turns":5},{"damage":0,"enemies":"Jaw Worm","floor":3,"turns":3},{"damage":0,"enemies":"2 Louse","floor":4,"turns":4},{"damage":1,"enemies":"Looter","floor":5,"turns":3},{"damage":8,"enemies":"Gremlin Nob","floor":7,"turns":5},{"damage":7,"enemies":"Lots of Slimes","floor":8,"turns":3},{"damage":0,"enemies":"Gremlin Gang","floor":12,"turns":3},{"damage":2,"enemies":"2 Fungi Beasts","floor":13,"turns":3},{"damage":0,"enemies":"Blue Slaver","floor":14,"turns":3},{"damage":0,"enemies":"Slime Boss","floor":16,"turns":6},{"damage":1,"enemies":"Chosen","floor":18,"turns":5},{"damage":11,"enemies":"2 Thieves","floor":20,"turns":3},{"damage":12,"enemies":"Snecko","floor":24,"turns":4},{"damage":4,"enemies":"Replay:Snechameleon","floor":25,"turns":4},{"damage":0,"enemies":"Slavers","floor":30,"turns":1},{"damage":1,"enemies":"Cultist and Chosen","floor":31,"turns":3},{"damage":8,"enemies":"bossMod:newCollector","floor":33,"turns":4},{"damage":0,"enemies":"Orb Walker","floor":35,"turns":2},{"damage":0,"enemies":"3 Darklings","floor":36,"turns":2},{"damage":0,"enemies":"Jaw Worm Horde","floor":37,"turns":3},{"damage":0,"enemies":"Nemesis","floor":40,"turns":3},{"damage":6,"enemies":"Maw","floor":46,"turns":4},{"damage":0,"enemies":"Sphere and 2 Shapes","floor":47,"turns":4},{"damage":12,"enemies":"Jaw Worm Horde","floor":48,"turns":3},{"damage":0,"enemies":"bossMod:newAwakened","floor":50,"turns":6},{"damage":7,"enemies":"Shield and Spear","floor":54,"turns":4},{"damage":67,"enemies":"The Heart","floor":55,"turns":11}],"seed_played":"-7158164884281513314","potions_obtained":[{"floor":3,"key":"SteroidPotion"},{"floor":5,"key":"Block Potion"},{"floor":7,"key":"Energy Potion"},{"floor":13,"key":"ThievingMod:ThievingPotion"},{"floor":14,"key":"Swift Potion"},{"floor":24,"key":"jedi:hoardpotion"},{"floor":30,"key":"Venom Potion"},{"floor":33,"key":"blueLaboratory:LouseDecoction"},{"floor":40,"key":"Energy Potion"},{"floor":46,"key":"blueLaboratory:RecallPotion"}],"is_trial":false,"path_per_floor":["M","$","M","M","M","R","E","M","T","?","$","M","M","M","R","B",null,"M","?","M","?","$","R","M","E","T","$","?","R","E","M","R_BF","B",null,"M","M","M","?","$","E","$","R","T","?","R","M","M","M","R_BF","B",null,"R","$","E","B",null],"character_chosen":"THE_JESTER","items_purchased":["jesterMod:Inspiration","Guardian:PocketSentry","MealTicket","Blue Candle","Replay:Wax Seal","jesterMod:Precipitation+1","jesterMod:Disposophobia"],"campfire_rested":1,"item_purchase_floors":[2,11,27,39,41,53,53],"current_hp_per_floor":[69,69,69,69,68,68,60,53,53,53,53,53,51,51,51,51,70,69,69,58,58,58,58,46,42,42,42,42,63,63,62,62,62,70,70,70,70,70,70,70,70,70,70,70,70,64,64,52,70,70,70,70,70,63,3],"gold":77,"neow_bonus":"REMOVE_CARD","is_daily":false,"chose_seed":false,"campfire_upgraded":6,"win_rate":0.0,"timestamp":1610173089,"path_taken":["M","$","?","M","M","R","E","M","T","?","$","M","?","?","R","BOSS","M","?","M","?","$","R","M","E","T","$","?","R","E","?","R_BF","BOSS","M","?","M","?","$","E","?","R","T","?","R","M","M","?","R_BF","BOSS","R","$","E","BOSS"],"items_purchased_type":["Card","Relic","Relic","Relic","Relic","Card","Card"],"build_version":"2020-12-22","purchased_purges":3,"victory":true,"max_hp_per_floor":[70,70,70,70,70,70,70,70,70,70,70,70,70,70,70,70,70,70,70,70,70,70,70,70,70,70,70,70,70,70,70,70,70,70,70,70,70,70,70,70,70,70,70,70,70,70,70,70,70,70,70,70,70,70,70],"card_choices":[{"not_picked":["jesterMod:BouncingKnife","jesterMod:Tinker"],"picked":"jesterMod:Precipitation","floor":1},{"not_picked":["jesterMod:Hide","jesterMod:LaughingGas"],"picked":"jesterMod:Mending","floor":3},{"not_picked":["jesterMod:Procrastination","jesterMod:DaggerRain","jesterMod:Dilapidation"],"picked":"SKIP","floor":4},{"not_picked":["jesterMod:Tinker","jesterMod:ButterKnife"],"picked":"jesterMod:Loot","floor":5},{"not_picked":["jesterMod:Procrastination","jesterMod:Feint"],"picked":"jesterMod:Haste","floor":7},{"not_picked":["jesterMod:Talion","jesterMod:Taunt","jesterMod:DesperateStrike"],"picked":"SKIP","floor":8},{"not_picked":["jesterMod:Rebuff","jesterMod:DancingMad"],"picked":"jesterMod:Haste","floor":12},{"not_picked":["jesterMod:Prankster+1","jesterMod:Dilapidation"],"picked":"jesterMod:Tinker","floor":13},{"not_picked":["jesterMod:Twirl","jesterMod:Talion"],"picked":"jesterMod:Unleash","floor":14},{"not_picked":["jesterMod:ExperimentalTreatment","jesterMod:ButterflyDance"],"picked":"jesterMod:Momentum+1","floor":16},{"not_picked":["jesterMod:Feint","jesterMod:DaggerRain+1","jesterMod:Patience+1"],"picked":"SKIP","floor":18},{"not_picked":["jesterMod:Feint","jesterMod:DancingMad","jesterMod:Arrythmia+1"],"picked":"SKIP","floor":20},{"not_picked":["jesterMod:SmokeScreen","jesterMod:Rebuff"],"picked":"jesterMod:Haste+1","floor":24},{"not_picked":["jesterMod:HitAndRun","jesterMod:ButterKnife","jesterMod:Twirl"],"picked":"SKIP","floor":25},{"not_picked":["jesterMod:Anticipation+1","jesterMod:Inspiration","jesterMod:ExperimentalTreatment"],"picked":"SKIP","floor":30},{"not_picked":["jesterMod:Frenzy+1","jesterMod:Patience"],"picked":"jesterMod:BouncingKnife+1","floor":31},{"not_picked":["jesterMod:Finale","jesterMod:Leeches+1"],"picked":"jesterMod:Overthink","floor":33},{"not_picked":["jesterMod:PerfectDodge+1","jesterMod:BouncingKnife+1"],"picked":"jesterMod:Disposophobia+1","floor":35},{"not_picked":["jesterMod:SelfMockery","jesterMod:Haste"],"picked":"jesterMod:Flee","floor":36},{"not_picked":["jesterMod:Anticipation","jesterMod:QuickStrike"],"picked":"jesterMod:Exasperation+1","floor":37},{"not_picked":["jesterMod:Illness","jesterMod:Twirl+1","jesterMod:Pillage"],"picked":"SKIP","floor":40},{"not_picked":["jesterMod:RecklessStrike","jesterMod:PerfectDodge","jesterMod:Schizophrenia+1"],"picked":"SKIP","floor":46},{"not_picked":["jesterMod:ButterKnife+1","jesterMod:RecklessStrike+1","jesterMod:TrickyDodge+1"],"picked":"SKIP","floor":47},{"not_picked":["jesterMod:Taunt","jesterMod:Feint+1","jesterMod:Arrythmia+1"],"picked":"SKIP","floor":48},{"not_picked":["jesterMod:JackInTheBox","jesterMod:SelfMockery","jesterMod:Frenzy+1"],"picked":"SKIP","floor":54}],"player_experience":1301119,"relics_obtained":[{"floor":7,"key":"Frozen Egg 2"},{"floor":9,"key":"Replay:Baseball"},{"floor":25,"key":"Simple Rune"},{"floor":30,"key":"Pantograph"},{"floor":40,"key":"aspiration:ChemicalBlood"},{"floor":43,"key":"Replay:Rubber Ducky"},{"floor":54,"key":"Orichalcum"}],"event_choices":[{"damage_healed":0,"gold_gain":0,"cards_transformed":["jesterMod:Defend"],"player_choice":"Transformed","damage_taken":0,"max_hp_gain":0,"max_hp_loss":0,"event_name":"Transmorgrifier","floor":10,"gold_loss":0,"cards_obtained":["jesterMod:JackInTheBox"]},{"damage_healed":0,"gold_gain":0,"player_choice":"Copied","damage_taken":0,"max_hp_gain":0,"max_hp_loss":0,"event_name":"Duplicator","floor":28,"gold_loss":0,"cards_obtained":["jesterMod:Precipitation"]},{"damage_healed":0,"gold_gain":0,"player_choice":"Ignored","damage_taken":0,"max_hp_gain":0,"max_hp_loss":0,"event_name":"Transmorgrifier","floor":44,"gold_loss":0}],"is_beta":false,"boss_relics":[{"not_picked":["vexMod:MegatonBomb","ReplayTheSpireMod:DimensionalGlitch"],"picked":"jesterMod:MachoBrace"},{"not_picked":["Snecko Eye","Busted Crown"],"picked":"beaked:SacredDeck"}],"items_purged_floors":[22,22,27],"is_endless":false,"potions_floor_spawned":[3,5,7,13,14,24,25,30,33,40,46,47],"ascension_level":1}}