{"host":"pvafbce70weqvzks","time":1610157280,"event":{"mods":["BaseMod","Gremlin Mod","Hermit","Minty Spire (QoL Compilation)","StSLib","themimic"],"gold_per_floor":[118,136,9,9,9,42,42,66,92,115,115,133,133,149,149,269,269,290,308,308,308,321,321,42,42,42,76,9,33,53,53,53],"floor_reached":31,"playtime":1022,"items_purged":[],"score":307,"play_id":"f9f37a55-0a80-4662-af9e-f2ba2f21094e","local_time":"20210108225440","is_ascension_mode":false,"campfire_choices":[{"floor":7,"key":"REST"},{"data":"Hello World","floor":11,"key":"SMITH"},{"floor":13,"key":"REST"},{"data":"FTL","floor":15,"key":"SMITH"},{"floor":23,"key":"REST"},{"floor":25,"key":"REST"}],"circlet_count":0,"master_deck":["Strike_B","Strike_B","Strike_B+1","Strike_B","Defend_B","Defend_B","Defend_B","Defend_B","Zap","Dualcast","Barrage","Barrage","FTL+1","Gash+1","Injury","Cold Snap","Hello World+1","Defragment","Ball Lightning","Rebound","Echo Form","Steam","Compile Driver+1","Scrape","Loop","Panache","Rip and Tear","Electrodynamics+1","Beam Cell","Streamline","Go for the Eyes+1","Gash"],"relics":["Cracked Core","Golden Idol","Regal Pillow","Potion Belt","SlaversCollar","MutagenicStrength","Frozen Egg 2","CaptainsWheel"],"acts_visited":["Exordium","TheCity"],"potions_floor_usage":[6,12,16,16,20,30,31],"damage_taken":[{"damage":3,"enemies":"2 Louse","floor":1,"turns":2},{"damage":1,"enemies":"Jaw Worm","floor":2,"turns":3},{"damage":46,"enemies":"Gremlin Nob","floor":6,"turns":5},{"damage":1,"enemies":"Cultist","floor":8,"turns":3},{"damage":8,"enemies":"Looter","floor":10,"turns":3},{"damage":4,"enemies":"Gremlin Gang","floor":12,"turns":4},{"damage":7,"enemies":"Large Slime","floor":14,"turns":4},{"damage":0,"enemies":"Slime Boss","floor":16,"turns":5},{"damage":12,"enemies":"Chosen","floor":18,"turns":5},{"damage":17,"enemies":"Spheric Guardian","floor":19,"turns":4},{"damage":0,"enemies":"Masked Bandits","floor":20,"turns":1},{"damage":45,"enemies":"Snake Plant","floor":22,"turns":7},{"damage":34,"enemies":"Book of Stabbing","floor":27,"turns":5},{"damage":15,"enemies":"Snecko","floor":29,"turns":4},{"damage":15,"enemies":"Chosen and Byrds","floor":30,"turns":4},{"damage":22,"enemies":"Slavers","floor":31,"turns":1}],"seed_played":"2283777230128634164","potions_obtained":[{"floor":0,"key":"SmokeBomb"},{"floor":0,"key":"Regen Potion"},{"floor":0,"key":"AttackPotion"},{"floor":8,"key":"EssenceOfSteel"},{"floor":10,"key":"EssenceOfSteel"},{"floor":18,"key":"SpeedPotion"},{"floor":29,"key":"Explosive Potion"}],"is_trial":false,"path_per_floor":["M","M","$","?","?","E","R","M","T","M","R","M","R","M","R","B",null,"M","M","?","?","M","R","$","R","T","E","$","M","M","E"],"character_chosen":"DEFECT","items_purchased":["FTL","Gash","Loop","Panache","Rip and Tear","Beam Cell","Streamline"],"campfire_rested":4,"item_purchase_floors":[3,3,24,24,24,28,28],"current_hp_per_floor":[72,71,71,56,56,24,61,60,60,52,52,48,75,68,68,68,75,63,46,46,46,1,38,38,75,75,41,41,26,11,0,0],"gold":53,"neow_bonus":"THREE_SMALL_POTIONS","is_daily":false,"chose_seed":false,"campfire_upgraded":2,"win_rate":0.0,"timestamp":1610157280,"path_taken":["M","M","$","?","?","E","R","M","T","M","R","M","R","M","R","BOSS","M","M","?","?","M","R","?","R","T","E","$","M","M","E"],"items_purchased_type":["Card","Card","Card","Card","Card","Card","Card"],"build_version":"2020-12-22","purchased_purges":0,"victory":false,"max_hp_per_floor":[75,75,75,75,75,75,75,75,75,75,75,75,75,75,75,75,75,75,75,75,75,75,75,75,75,75,75,75,75,75,75,75],"card_choices":[{"not_picked":["Static Discharge","Coolheaded"],"picked":"Barrage","floor":1},{"not_picked":["Tempest","Steam Power"],"picked":"Barrage","floor":2},{"not_picked":["Steam Power","Coolheaded"],"picked":"Cold Snap","floor":6},{"not_picked":["Coolheaded","Fission"],"picked":"Hello World","floor":8},{"not_picked":["Streamline","Go for the Eyes"],"picked":"Defragment","floor":10},{"not_picked":["Coolheaded","Cold Snap"],"picked":"Ball Lightning","floor":12},{"not_picked":["Compile Driver","Auto Shields"],"picked":"Rebound","floor":14},{"not_picked":["Rainbow","Machine Learning"],"picked":"Echo Form","floor":16},{"not_picked":["Sweeping Beam","Skim"],"picked":"Steam","floor":18},{"not_picked":["Tempest+1","Barrage"],"picked":"Compile Driver+1","floor":19},{"not_picked":["Heatsinks","Hologram+1"],"picked":"Scrape","floor":22},{"not_picked":["Leap","Auto Shields"],"picked":"Electrodynamics+1","floor":27},{"not_picked":["Streamline","Fusion+1"],"picked":"Go for the Eyes+1","floor":29},{"not_picked":["Conserve Battery+1","Ball Lightning"],"picked":"Gash","floor":30}],"player_experience":61037,"relics_obtained":[{"floor":6,"key":"Regal Pillow"},{"floor":9,"key":"Potion Belt"},{"floor":26,"key":"Frozen Egg 2"},{"floor":27,"key":"CaptainsWheel"}],"event_choices":[{"damage_healed":0,"gold_gain":0,"player_choice":"Entered Light","damage_taken":15,"max_hp_gain":0,"max_hp_loss":0,"event_name":"Shining Light","floor":4,"gold_loss":0,"cards_upgraded":["Gash","Strike_B"]},{"damage_healed":0,"gold_gain":0,"player_choice":"Take Wound","damage_taken":0,"relics_obtained":["Golden Idol"],"max_hp_gain":0,"max_hp_loss":0,"event_name":"Golden Idol","floor":5,"gold_loss":0,"cards_obtained":["Injury"]},{"damage_healed":0,"gold_gain":0,"player_choice":"Fought Bandits","damage_taken":0,"max_hp_gain":0,"max_hp_loss":0,"event_name":"Masked Bandits","floor":20,"gold_loss":0},{"damage_healed":0,"gold_gain":0,"player_choice":"Inject Mutagens","damage_taken":0,"relics_obtained":["MutagenicStrength"],"max_hp_gain":0,"max_hp_loss":0,"event_name":"Drug Dealer","floor":21,"gold_loss":0}],"is_beta":false,"boss_relics":[{"not_picked":["Snecko Eye","Coffee Dripper"],"picked":"SlaversCollar"}],"items_purged_floors":[],"is_endless":false,"potions_floor_spawned":[2,8,10,18,20,29],"killed_by":"Slavers","ascension_level":0}}