{"host":"w4k767hitkqtifhw","time":1610205670,"event":{"mods":["AchievementEnabler","Act Like it!","AlwaysNeverKeys","BaseMod","BetterRewards","Colored Map","Colored Powertips","Downfall","GifTheSpireLib","Hallownest","Minty Spire (QoL Compilation)","Quick Restart","Rare Cards Sparkle","Replay The Spire","StSLib","The Animator","The Bug Knight","Waifu the Spire","WarShipGirlsR/????R mod"],"gold_per_floor":[117,127,146,146,161,161,180,180,180,180,180,180,193,193,193,296,346,360,460,349,395,395,395,412,412,438,438,467,467,524,534,534,534,534],"floor_reached":33,"playtime":2971,"items_purged":["Shame"],"score":355,"play_id":"9af95d59-27ac-40f0-a65b-1643523258ca","local_time":"20210109162110","is_ascension_mode":false,"campfire_choices":[{"data":"HollowMod:SoulShaman","floor":6,"key":"SMITH"},{"data":"HollowMod:HowlingWraiths","floor":8,"key":"SMITH"},{"data":"HollowMod:CycloneSlash","floor":10,"key":"SMITH"},{"floor":15,"key":"REST"},{"floor":23,"key":"REST"},{"data":"HollowMod:LordofShades","floor":25,"key":"SMITH"},{"floor":27,"key":"REST"},{"data":"HollowMod:SlysStrikes","floor":29,"key":"SMITH"},{"floor":32,"key":"REST"}],"circlet_count":1,"master_deck":["HollowMod:NailStrikeStart","HollowMod:NailStrikeStart","HollowMod:NailStrikeStart","HollowMod:NailStrikeStart","HollowMod:QuickDashStart","HollowMod:QuickDashStart","HollowMod:QuickDashStart+1","HollowMod:QuickDashStart","HollowMod:FocusHealStart+1","HollowMod:SoulShaman+1","HollowMod:CycloneSlash+1","HollowMod:DashSlash+1","HollowMod:DoubleDash","HollowMod:SoulSplash","HollowMod:SoulSplash","HollowMod:HowlingWraiths+1","HollowMod:LordofShades+1","HollowMod:BlackTendrils","HollowMod:SlysStrikes+1","HollowMod:Grubsong","HollowMod:SoulVessel","HollowMod:CloakDash","HollowMod:CloakDash","HollowMod:DescendingDark+1","HollowMod:VengefulVoid","HollowMod:SoulStrike+1","HollowMod:BaldurShell","HollowMod:DungDefenderAura"],"relics":["HollowMod:VesselMask","HollowMod:PaleOreRelic","Toolbox","War Paint","Hallownest:DreamNailRelic","Strawberry","Hallownest:TeacherSealRelic","Circlet","Tiny House","Garlic","Bronze Scales","Omamori"],"acts_visited":["Hallownest:Greenpath","Hallownest:CityofTears"],"potions_floor_usage":[13,13,16,16,16,18,24,33,33,33],"damage_taken":[{"damage":6,"enemies":"Hallownest:2_Tiktiks_and_1_Crawlid","floor":1,"turns":2},{"damage":0,"enemies":"2_ Uuma","floor":2,"turns":1},{"damage":1,"enemies":"Hallownest:monsterHuskWarrior","floor":3,"turns":3},{"damage":0,"enemies":"Hallownest:monsterMossCharger","floor":5,"turns":7},{"damage":9,"enemies":"Hallownest:monsterFoolEater","floor":7,"turns":3},{"damage":18,"enemies":"Hallownest:1_Ooma_and_2_Uuma","floor":13,"turns":4},{"damage":20,"enemies":"Hallownest:BossFalseKnight","floor":16,"turns":9},{"damage":37,"enemies":"Hallownest:2_Mistakes","floor":18,"turns":13},{"damage":17,"enemies":"Hallownest:Flukemon_and_Top","floor":24,"turns":5},{"damage":19,"enemies":"Hallownest:Nosk","floor":28,"turns":14},{"damage":45,"enemies":"Hallownest:Glutton_and_Coward","floor":30,"turns":6},{"damage":29,"enemies":"Hallownest:monsterShrumalOgre","floor":31,"turns":5},{"damage":41,"enemies":"Hallownest:BossMantisLord","floor":33,"turns":4}],"seed_played":"-3158536904061178480","potions_obtained":[{"floor":2,"key":"EntropicBrew"},{"floor":3,"key":"champ:CounterPotion"},{"floor":5,"key":"Weak Potion"},{"floor":17,"key":"Slimebound:ThreeZeroPotion"},{"floor":18,"key":"Adrenaline Potion"},{"floor":21,"key":"DuplicationPotion"},{"floor":28,"key":"Adrenaline Potion"},{"floor":30,"key":"Ancient Potion"}],"is_trial":false,"path_per_floor":["M","M","M","?","M","R","M","R","T","R","?","?","M","?","R","B",null,"M","?","$","?","?","R","M","R","T","R","E","R","M","M","R","B"],"character_chosen":"THE_BUGKNIGHT","items_purchased":["HollowMod:PaleOreRelic","Toolbox","War Paint","HollowMod:CloakDash"],"campfire_rested":4,"item_purchase_floors":[0,0,0,20],"current_hp_per_floor":[69,69,68,68,74,74,65,65,72,72,72,72,66,66,82,62,87,60,60,60,39,53,79,64,64,64,87,74,74,37,10,36,0,0],"gold":534,"neow_bonus":"","is_daily":false,"chose_seed":false,"campfire_upgraded":5,"win_rate":0.0,"timestamp":1610205670,"path_taken":["M","M","M","?","?","R","M","R","T","R","?","?","?","?","R","BOSS","M","?","$","?","?","R","M","R","T","R","E","R","M","?","R","BOSS"],"items_purchased_type":["Relic","Relic","Relic","Card"],"build_version":"2020-12-22","purchased_purges":1,"victory":false,"max_hp_per_floor":[75,75,75,75,75,75,75,75,82,82,82,82,82,82,82,82,87,87,87,87,87,87,87,87,87,87,87,87,87,87,87,87,87,87],"card_choices":[{"not_picked":["HollowMod:SoulStrike","HollowMod:SiblingsSouls"],"picked":"HollowMod:DashSlash","floor":1},{"not_picked":["HollowMod:InfectedCysts","HollowMod:VengefulVoid"],"picked":"HollowMod:DoubleDash","floor":2},{"not_picked":["HollowMod:GoodIntentions","HollowMod:LordofShades"],"picked":"HollowMod:SoulSplash","floor":3},{"not_picked":["HollowMod:WraithStrike","HollowMod:BlackTendrils"],"picked":"HollowMod:SoulSplash","floor":5},{"not_picked":["HollowMod:SharpenedShadows","HollowMod:GrimmsGift"],"picked":"HollowMod:HowlingWraiths","floor":7},{"not_picked":[],"picked":"HollowMod:LordofShades","floor":11},{"not_picked":["HollowMod:GrimmsGift","HollowMod:TaintedHusks"],"picked":"HollowMod:BlackTendrils","floor":13},{"not_picked":["HollowMod:AwokenDreamNail","HollowMod:LifebloodCore"],"picked":"HollowMod:SlysStrikes","floor":16},{"not_picked":["HollowMod:SiblingsShadow","HollowMod:ChannelNail"],"picked":"HollowMod:Grubsong","floor":17},{"not_picked":["HollowMod:DesolateDive","HollowMod:HeavyBlow+1"],"picked":"HollowMod:SoulVessel","floor":18},{"not_picked":["HollowMod:CloakDash","HollowMod:HuntersJournal"],"picked":"HollowMod:DescendingDark+1","floor":21},{"not_picked":["HollowMod:LifebloodCocoon","HollowMod:HeavyBlow"],"picked":"HollowMod:VengefulVoid","floor":24},{"not_picked":["HollowMod:InfectedAttack+1","HollowMod:SoulSplash+1"],"picked":"HollowMod:SoulStrike+1","floor":28},{"not_picked":["HollowMod:Grubsong","HollowMod:AbyssShriek"],"picked":"HollowMod:BaldurShell","floor":30},{"not_picked":["HollowMod:VengefulVoid","HollowMod:DescendingDark"],"picked":"HollowMod:DungDefenderAura","floor":31}],"player_experience":62033,"relics_obtained":[{"floor":9,"key":"Strawberry"},{"floor":21,"key":"Garlic"},{"floor":26,"key":"Bronze Scales"},{"floor":28,"key":"Omamori"}],"event_choices":[],"is_beta":false,"boss_relics":[{"not_picked":["Fusion Hammer","Empty Cage"],"picked":"Tiny House"}],"items_purged_floors":[20],"is_endless":false,"potions_floor_spawned":[2,3,5,18,28,30],"killed_by":"Hallownest:BossMantisLord","ascension_level":0}}