{"host":"b7j598ve05halrwk","time":1610173249,"event":{"mods":["2.2 Compatiblity","BaseMod","Block Reminder","DeckTracker","Minty Spire (QoL Compilation)","Relic Stats","Slay the Relics Exporter","StSLib","ojb\u0027s Better Paths Mod","ojb\u0027s Info Mod"],"gold_per_floor":[113,113,124,141,89,89,9,44,67,67,96,112,262,294,294,371,371,381,391,104,144,182,182,212,212,212,241,241,294,294,349,349,422,422,433,445,445,512,552,605,605,634,710,764,185,260,277,313,313,313,313,313],"floor_reached":51,"playtime":5650,"items_purged":["Doubt","Strike_B"],"score":1784,"play_id":"15413e57-9b6f-4258-8b74-ca5effa8be06","local_time":"20210109012049","is_ascension_mode":true,"campfire_choices":[{"data":"Cold Snap","floor":6.0,"key":"SMITH"},{"data":"Defragment","floor":10.0,"key":"SMITH"},{"data":"Sweeping Beam","floor":15.0,"key":"SMITH"},{"data":"Hyperbeam","floor":23.0,"key":"SMITH"},{"data":"Hologram","floor":25.0,"key":"SMITH"},{"data":"Defragment","floor":30.0,"key":"SMITH"},{"data":"Hologram","floor":32.0,"key":"SMITH"},{"data":"Skim","floor":41.0,"key":"SMITH"},{"floor":49.0,"key":"RECALL"}],"circlet_count":0,"master_deck":["AscendersBane","Strike_B","Strike_B","Strike_B","Defend_B","Defend_B","Defend_B","Defend_B","Zap","Dualcast","Cold Snap+1","Conserve Battery","Cold Snap","Self Repair","Defragment+1","Sweeping Beam+1","BootSequence","Creative AI","Scrape","HandOfGreed","Recycle","Hologram+1","Hyperbeam+1","Force Field","Defragment+1","Rainbow","Hologram+1","Echo Form","Loop+1","Sunder","Skim+1","Electrodynamics","Capacitor","Reinforced Body","Compile Driver","Sunder+1","Core Surge","Scrape"],"relics":["Coffee Dripper","PreservedInsect","Smiling Mask","Meat on the Bone","Kunai","Snecko Eye","Potion Belt","Anchor","Ornamental Fan","WarpedTongs","Letter Opener","SacredBark","Strawberry","Bag of Marbles","Peace Pipe","Symbiotic Virus"],"acts_visited":["Exordium","TheCity","TheBeyond"],"potions_floor_usage":[50,51],"damage_taken":[{"damage":0.0,"enemies":"Small Slimes","floor":1.0,"turns":2.0},{"damage":0.0,"enemies":"Cultist","floor":3.0,"turns":4.0},{"damage":1.0,"enemies":"2 Louse","floor":4.0,"turns":3.0},{"damage":0.0,"enemies":"Gremlin Nob","floor":8.0,"turns":3.0},{"damage":2.0,"enemies":"Lagavulin","floor":11.0,"turns":6.0},{"damage":5.0,"enemies":"Lots of Slimes","floor":12.0,"turns":5.0},{"damage":26.0,"enemies":"3 Sentries","floor":14.0,"turns":7.0},{"damage":39.0,"enemies":"Hexaghost","floor":16.0,"turns":13.0},{"damage":1.0,"enemies":"Chosen","floor":18.0,"turns":10.0},{"damage":18.0,"enemies":"Shell Parasite","floor":19.0,"turns":7.0},{"damage":11.0,"enemies":"Centurion and Healer","floor":21.0,"turns":8.0},{"damage":17.0,"enemies":"Snecko","floor":22.0,"turns":8.0},{"damage":0.0,"enemies":"Gremlin Leader","floor":24.0,"turns":5.0},{"damage":27.0,"enemies":"Book of Stabbing","floor":27.0,"turns":5.0},{"damage":8.0,"enemies":"Gremlin Leader","floor":29.0,"turns":4.0},{"damage":20.0,"enemies":"Shelled Parasite and Fungi","floor":31.0,"turns":7.0},{"damage":36.0,"enemies":"Automaton","floor":33.0,"turns":5.0},{"damage":0.0,"enemies":"3 Darklings","floor":35.0,"turns":1.0},{"damage":3.0,"enemies":"3 Shapes","floor":36.0,"turns":7.0},{"damage":0.0,"enemies":"Sphere and 2 Shapes","floor":38.0,"turns":9.0},{"damage":23.0,"enemies":"Maw","floor":39.0,"turns":10.0},{"damage":0.0,"enemies":"Giant Head","floor":40.0,"turns":7.0},{"damage":40.0,"enemies":"Nemesis","floor":42.0,"turns":5.0},{"damage":27.0,"enemies":"Reptomancer","floor":44.0,"turns":5.0},{"damage":3.0,"enemies":"4 Shapes","floor":46.0,"turns":9.0},{"damage":27.0,"enemies":"Writhing Mass","floor":47.0,"turns":6.0},{"damage":0.0,"enemies":"Sphere and 2 Shapes","floor":48.0,"turns":4.0},{"damage":37,"enemies":"Donu and Deca","floor":50,"turns":7},{"damage":20,"enemies":"Awakened One","floor":51,"turns":2}],"seed_played":"-7279645492437092038","potions_obtained":[{"floor":1.0,"key":"EssenceOfDarkness"},{"floor":2.0,"key":"LiquidMemories"},{"floor":11.0,"key":"ColorlessPotion"},{"floor":14.0,"key":"Weak Potion"},{"floor":21.0,"key":"Fire Potion"},{"floor":29.0,"key":"Fire Potion"},{"floor":31.0,"key":"Strength Potion"},{"floor":35.0,"key":"Swift Potion"},{"floor":38.0,"key":"Energy Potion"},{"floor":42.0,"key":"Strength Potion"},{"floor":44.0,"key":"AttackPotion"},{"floor":48.0,"key":"BlessingOfTheForge"}],"is_trial":false,"path_per_floor":["M","?","M","M","$","R","$","E","T","R","E","M","?","E","R","B",null,"M","M","$","M","M","R","E","R","T","E","?","E","R","M","R","B",null,"M","M","?","M","M","E","R","E","T","E","$","M","M","M","R","B","B"],"character_chosen":"DEFECT","items_purchased":["Cold Snap","Self Repair","HandOfGreed","Recycle","PowerPotion","Reinforced Body","Compile Driver","Weak Potion","Symbiotic Virus"],"campfire_rested":0,"item_purchase_floors":[5,7,20,20,45,45,45,45,45],"current_hp_per_floor":[64,64,64,63,63,63,63,70,70,70,71,71,71,52,52,32,61,67,56,56,52,54,54,61,61,61,60,60,52,52,51,51,27,60,60,71,71,71,62,76,76,55,55,60,60,71,44,44,44,19,0,0],"gold":313,"neow_bonus":"BOSS_RELIC","is_daily":false,"chose_seed":false,"campfire_upgraded":8,"win_rate":0.0,"timestamp":1610173249,"path_taken":["M","?","M","M","?","R","$","E","T","R","E","M","?","E","R","BOSS","M","M","$","M","M","R","E","R","T","E","?","E","R","M","R","BOSS","M","?","?","M","M","E","R","E","T","E","$","M","M","M","R","BOSS","BOSS"],"items_purchased_type":["Card","Card","Card","Card","Potion","Card","Card","Potion","Relic"],"build_version":"2020-12-22","purchased_purges":2,"victory":false,"max_hp_per_floor":[71,71,71,71,71,71,71,71,71,71,71,71,71,71,71,71,71,71,71,71,71,71,71,71,71,71,71,71,71,71,71,71,71,71,71,71,71,71,71,78,78,78,78,78,78,78,78,78,78,78,78,78],"relic_stats":{"Peace Pipe":0,"counters":[29,173],"Ornamental Fan":[96],"Snecko Eye":[261,267,281,276],"PreservedInsect":444,"Kunai":[40],"Letter Opener":[442],"Smiling Mask":75,"obtain_stats":[{"Potion Belt":24,"SacredBark":34,"PreservedInsect":8,"Letter Opener":29,"Smiling Mask":9,"WarpedTongs":28,"Peace Pipe":44,"Anchor":26,"Ornamental Fan":27,"Strawberry":40,"Snecko Eye":17,"Coffee Dripper":0,"Bag of Marbles":42,"Kunai":14,"Cracked Core":0,"Symbiotic Virus":45,"Meat on the Bone":11},{"Potion Belt":13,"SacredBark":17,"PreservedInsect":4,"Letter Opener":15,"Smiling Mask":4,"WarpedTongs":14,"Peace Pipe":24,"Anchor":13,"Ornamental Fan":14,"Strawberry":22,"Snecko Eye":8,"Coffee Dripper":0,"Bag of Marbles":23,"Kunai":7,"Cracked Core":0,"Symbiotic Virus":24,"Meat on the Bone":5},{"Potion Belt":81,"SacredBark":102,"PreservedInsect":12,"Letter Opener":90,"Smiling Mask":12,"WarpedTongs":86,"Peace Pipe":145,"Anchor":81,"Ornamental Fan":86,"Strawberry":135,"Snecko Eye":43,"Coffee Dripper":0,"Bag of Marbles":140,"Kunai":30,"Cracked Core":0,"Symbiotic Virus":145,"Meat on the Bone":18}],"Meat on the Bone":96,"WarpedTongs":[87]},"card_choices":[{"not_picked":["Recycle","Redo"],"picked":"Cold Snap","floor":1.0},{"not_picked":["Steam","Fusion"],"picked":"Conserve Battery","floor":3.0},{"not_picked":["Aggregate","Recycle","Scrape"],"picked":"SKIP","floor":4.0},{"not_picked":["Cold Snap","Barrage"],"picked":"Defragment","floor":8.0},{"not_picked":["Reprogram","Scrape"],"picked":"Sweeping Beam","floor":11.0},{"not_picked":["Redo","Hyperbeam"],"picked":"BootSequence","floor":12.0},{"not_picked":["Reprogram","Stack","Gash"],"picked":"SKIP","floor":14.0},{"not_picked":["Amplify","Core Surge"],"picked":"Creative AI","floor":16.0},{"not_picked":["White Noise","Rebound"],"picked":"Scrape","floor":18.0},{"not_picked":["Go for the Eyes","Redo","Cold Snap"],"picked":"SKIP","floor":19.0},{"not_picked":["Aggregate","Reinforced Body"],"picked":"Hologram","floor":21.0},{"not_picked":["Compile Driver","Conserve Battery"],"picked":"Hyperbeam","floor":22.0},{"not_picked":["Steam","Cold Snap"],"picked":"Force Field","floor":24.0},{"not_picked":["Streamline","Barrage+1"],"picked":"Defragment","floor":27.0},{"not_picked":["Stack","Conserve Battery+1"],"picked":"Rainbow","floor":29.0},{"not_picked":["Fusion","Stack"],"picked":"Hologram","floor":31.0},{"not_picked":["Machine Learning","Creative AI"],"picked":"Echo Form","floor":33.0},{"not_picked":["Stack","Cold Snap+1"],"picked":"Loop+1","floor":35.0},{"not_picked":["Stack","Storm","Rebound"],"picked":"SKIP","floor":36.0},{"not_picked":["Beam Cell+1","Stack+1"],"picked":"Sunder","floor":38.0},{"not_picked":["Storm+1","Static Discharge"],"picked":"Skim","floor":39.0},{"not_picked":["Doom and Gloom","Beam Cell"],"picked":"Electrodynamics","floor":40.0},{"not_picked":["Reinforced Body","Auto Shields+1"],"picked":"Capacitor","floor":42.0},{"not_picked":["Barrage+1","Rebound","Redo"],"picked":"SKIP","floor":44.0},{"not_picked":["Go for the Eyes","Rebound"],"picked":"Sunder+1","floor":46.0},{"not_picked":["Skim","Auto Shields"],"picked":"Core Surge","floor":47.0},{"not_picked":["Genetic Algorithm","Lockon"],"picked":"Scrape","floor":48.0}],"player_experience":880820,"relics_obtained":[{"floor":8.0,"key":"PreservedInsect"},{"floor":9.0,"key":"Smiling Mask"},{"floor":11.0,"key":"Meat on the Bone"},{"floor":14.0,"key":"Kunai"},{"floor":24.0,"key":"Potion Belt"},{"floor":26.0,"key":"Anchor"},{"floor":27.0,"key":"Ornamental Fan"},{"floor":29.0,"key":"Letter Opener"},{"floor":40.0,"key":"Strawberry"},{"floor":42.0,"key":"Bag of Marbles"},{"floor":44.0,"key":"Peace Pipe"}],"event_choices":[{"damage_healed":0.0,"max_hp_gain":0.0,"max_hp_loss":0.0,"gold_gain":0.0,"event_name":"Lab","player_choice":"Got Potions","floor":2.0,"gold_loss":0.0,"damage_taken":0.0},{"damage_healed":0.0,"max_hp_gain":0.0,"max_hp_loss":0.0,"gold_gain":150.0,"event_name":"Liars Game","player_choice":"AGREE","floor":13.0,"gold_loss":0.0,"damage_taken":0.0,"cards_obtained":["Doubt"]},{"damage_healed":0.0,"max_hp_gain":0.0,"max_hp_loss":0.0,"gold_gain":0.0,"event_name":"Accursed Blacksmith","player_choice":"Rummage","floor":28.0,"gold_loss":0.0,"damage_taken":0.0,"relics_obtained":["WarpedTongs"],"cards_obtained":["Pain"]},{"cards_removed":["Pain"],"damage_healed":0.0,"max_hp_gain":0.0,"max_hp_loss":0.0,"gold_gain":0.0,"event_name":"Purifier","player_choice":"Purged","floor":37.0,"gold_loss":0.0,"damage_taken":0.0}],"is_beta":false,"boss_relics":[{"not_picked":["SlaversCollar","Cursed Key"],"picked":"Snecko Eye"},{"not_picked":["Fusion Hammer","Empty Cage"],"picked":"SacredBark"}],"items_purged_floors":[20,45],"is_endless":false,"potions_floor_spawned":[1,11,14,21,29,31,35,38,42,44,48],"killed_by":"Awakened One","ascension_level":20}}