{"host":"k5ezbu40hxyit46v","time":1610221859,"event":{"mods":["Act Like it!","Aspiration","Astrologer","BaseMod","BetterRewards","Conspire","DeckTracker","Energized Spire","Gensokyo","Googly Eyes","Halation","HexUI Lib","Highlight Path","Hubris","Infinite Spire","Ironclad Rager","Jedi Mod","Mad Scientist","Marisa????????","Minty Spire (QoL Compilation)","Quarter Circle Forward PUNCH!","Quick Restart","Replay The Spire","Reworked Bosses","Shop Mod","Spikes Relics","StSLib","The Administrix","The Awakened One except there are too many feathers","The Bladedancer","The Cursed","The IronCluck","The Servant 0.9.4","The Wild Card","everything is the same but u backflip on backflip","slay the spire mod where everything is the same but ironclad has a cowboy hat","vexMod"],"gold_per_floor":[99,99,99,29,29,29,29,29,29,29,29,29,29,29,29,29,29,29,29,29,29,29,32,132,167,167,196,196,215,241,256,256,331,331,342,10,23,23,74,74,105,105,131,162,181,193,193,225,225,225,225],"floor_reached":52,"playtime":1464,"items_purged":["hubris:StunningStrike+1","Strike_R","Strike_R","Strike_R","Strike_R","Apotheosis+1"],"score":3264,"play_id":"8c9b5122-583c-48c7-a754-e0e20f1c8e0e","local_time":"20210109145059","is_ascension_mode":true,"campfire_choices":[{"data":"Apotheosis","floor":6.0,"key":"SMITH"},{"data":"BarbarianYell","floor":8.0,"key":"SMITH"},{"data":"conspire:Charge","floor":15,"key":"SMITH"},{"data":"jedi:LeechingStrike","floor":32,"key":"SMITH"},{"data":"conspire:HitWhereItHurts","floor":40,"key":"SMITH"},{"data":"jedi:LeechingStrike","floor":42,"key":"SMITH"},{"data":"Bash","floor":47,"key":"SMITH"},{"data":"jedi:LeechingStrike","floor":49,"key":"SMITH"}],"circlet_count":0,"master_deck":["AscendersBane","hubris:StunningStrike+1","Strike_R","Defend_R+1","Defend_R+1","Defend_R+1","Defend_R+1","Bash+1","Replay:Bootleg Shield Generator+1","Cleave","conspire:Charge+1","jedi:LeechingStrike","conspire:HitWhereItHurts+1","hubris:InfiniteBlow+21"],"relics":["Burning Blood","halation:PromiseList","halation:Pancakes","Tiny Chest","jedi:ominousloannote","Bird Faced Urn","Pear","RollingBoulder","MiniBlackHole","hubris:Towel","ReplayTheSpireMod:Spearhead","Ice Cream","Ornamental Fan","Pen Nib","jedi:kaleidoscope","War Paint","aspiration:WatcherSkillbook","halation:Convergence","hubris:Reverence","jedi:matchstick","qcfpunch:Duffel_Bag","jedi:crownofsimplicity","infinitespire:WardingShard","SnailShell","qcfpunch:Handcuffs","Omamori","Bag of Preparation","qcfpunch:Chain_With_Nametags","vexMod:ImprovementManual","ClockworkSouvenir","hubris:TinFlute","conspire:TopHat","Strawberry","Replay:Baseball","halation:LettersToHer","aspiration:FrozenJewel"],"acts_visited":["Gensokyo:Gensokyo","Gensokyo:Gensokyoer","Gensokyo:Gensokyoest"],"potions_floor_usage":[13,16,23,30,30,51],"damage_taken":[{"damage":0.0,"enemies":"Gensokyo:Python","floor":1.0,"turns":3.0},{"damage":0.0,"enemies":"Gensokyo:Gryphon","floor":5.0,"turns":4.0},{"damage":22.0,"enemies":"Gensokyo:Cirno","floor":7.0,"turns":9.0},{"damage":1.0,"enemies":"Gensokyo:Aya","floor":10.0,"turns":4.0},{"damage":0,"enemies":"Gensokyo:Mamizou","floor":13,"turns":5},{"damage":13,"enemies":"Gensokyo:Kokoro","floor":16,"turns":6},{"damage":2,"enemies":"Gensokyo:2_Gloops","floor":18,"turns":3},{"damage":0,"enemies":"Gensokyo:CosmicMonolith","floor":20,"turns":1},{"damage":0,"enemies":"Gensokyo:Chomper_and_Gloop","floor":22,"turns":3},{"damage":0,"enemies":"Gensokyo:Koishi","floor":23,"turns":4},{"damage":0,"enemies":"Gensokyo:Koishi","floor":24,"turns":1},{"damage":0,"enemies":"Gensokyo:Tenshi","floor":25,"turns":3},{"damage":0,"enemies":"Gensokyo:Koishi","floor":27,"turns":1},{"damage":0,"enemies":"Gensokyo:Slime_Group","floor":29,"turns":4},{"damage":0,"enemies":"Gensokyo:Reisen","floor":30,"turns":2},{"damage":0,"enemies":"Gensokyo:Wraith","floor":31,"turns":1},{"damage":0,"enemies":"Gensokyo:Eiki","floor":33,"turns":3},{"damage":0,"enemies":"Gensokyo:3_Boulders","floor":35,"turns":4},{"damage":0,"enemies":"Gensokyo:3_Bats","floor":37,"turns":3},{"damage":15,"enemies":"Gensokyo:Marisa","floor":41,"turns":3},{"damage":0,"enemies":"Gensokyo:Doremy","floor":44,"turns":1},{"damage":0,"enemies":"Gensokyo:AtlasGolem","floor":45,"turns":1},{"damage":0,"enemies":"Gensokyo:3_Boulders","floor":46,"turns":4},{"damage":0,"enemies":"Gensokyo:Marisa","floor":48,"turns":1},{"damage":0,"enemies":"Gensokyo:Shinki","floor":50,"turns":5},{"damage":0,"enemies":"Gensokyo:Yuyuko","floor":51,"turns":2}],"seed_played":"-6977215025272077392","potions_obtained":[{"floor":5.0,"key":"Weak Potion"},{"floor":7.0,"key":"Explosive Potion"},{"floor":13,"key":"AttackPotion"},{"floor":20,"key":"LifebloodPotion"},{"floor":23,"key":"Explosive Potion"},{"floor":30,"key":"Explosive Potion"}],"is_trial":false,"path_per_floor":["M","$","?","COS","M","R","E","R","T","E","?","$","E","T","R","B",null,"M","AVR","M","?","M","E","?","E","T","E","T","M","E","M","R","B",null,"M","$","M","?","T","R","E","R","T","E","M","M","R","E","R","B","B",null],"character_chosen":"IRONCLAD","items_purchased":["halation:PromiseList","BarbarianYell","Replay:Bootleg Shield Generator","halation:Pancakes","Apotheosis","Tiny Chest","jedi:ominousloannote","Bird Faced Urn","Cleave","Pear","RollingBoulder","conspire:Charge","jedi:LeechingStrike","MiniBlackHole","Block Potion","Strength Potion","ClockworkSouvenir"],"campfire_rested":0,"item_purchase_floors":[0,0,0,0,0,0,0,0,0,0,0,0,0,0,0,0,36],"current_hp_per_floor":[85,85,85,85,85,85,73,73,73,85,85,85,85,85,85,81,84,85,85,85,85,85,85,85,85,85,85,85,85,85,85,85,85,85,85,85,85,85,85,85,83,83,83,89,92,92,92,92,92,92,92],"gold":225,"neow_bonus":"","is_daily":false,"chose_seed":false,"campfire_upgraded":8,"win_rate":0.0,"timestamp":1610221859,"path_taken":["M","$","?","COS","M","R","E","R","T","E","?","?","E","?","R","BOSS","M","AVR","?","?","M","E","?","E","T","E","?","?","E","?","R","BOSS","M","$","M","?","?","R","E","R","T","E","M","M","R","E","R","BOSS","BOSS"],"items_purchased_type":["Relic","Card","Card","Relic","Card","Relic","Relic","Relic","Card","Relic","Relic","Card","Card","Relic","Potion","Potion","Relic"],"build_version":"2020-12-22","purchased_purges":6,"victory":true,"max_hp_per_floor":[85,85,85,85,85,85,85,85,85,85,85,85,85,85,85,85,85,85,85,85,85,85,85,85,85,85,85,85,85,85,85,85,85,85,85,85,85,85,85,85,92,92,92,92,92,92,92,92,92,92,92],"card_choices":[{"not_picked":["Cleave","jedi:collectorstrike","Run Through"],"picked":"SKIP","floor":1.0},{"not_picked":["Uppercut","Dark Embrace","Warcry"],"picked":"SKIP","floor":5.0},{"not_picked":["Ghostly Armor","Pommel Strike","Replay:Undeath\u0027s Touch"],"picked":"SKIP","floor":7.0},{"not_picked":["Heavy Blade","Combust","Demonic Infusion"],"picked":"SKIP","floor":10.0},{"not_picked":["Bloodletting","Intimidate","Warcry"],"picked":"SKIP","floor":13},{"not_picked":["Demonic Infusion","Fiend Fire"],"picked":"conspire:HitWhereItHurts","floor":16},{"not_picked":["Entrench","jedi:MakeshiftSword","EmptyFist","Run Through"],"picked":"SKIP","floor":18},{"not_picked":["Worship","EmptyFist","Fire Breathing","Wireheading"],"picked":"SKIP","floor":20},{"not_picked":["Armaments","SignatureMove","Consecrate","hubris:ReadiedAction"],"picked":"SKIP","floor":22},{"not_picked":["Replay:Vibes","Replay:ManipulateFuture","Inflame","Clothesline"],"picked":"SKIP","floor":23},{"not_picked":["Bandage Up"],"picked":"SKIP","floor":25},{"not_picked":["Replay:Cycle","conspire:HitWhereItHurts","Worship+1","Perfected Strike"],"picked":"SKIP","floor":25},{"not_picked":["Panacea"],"picked":"SKIP","floor":27},{"not_picked":["SandsOfTime","Prostrate","Iron Wave","Metallicize"],"picked":"SKIP","floor":27},{"not_picked":["Sever Soul","Replay:AtTheReady+1","Replay:Undeath\u0027s Touch","ThirdEye+1"],"picked":"SKIP","floor":29},{"not_picked":["Shrug It Off","Hemogenesis","Second Wind","Perfected Strike"],"picked":"SKIP","floor":30},{"not_picked":["WaveOfTheHand","hubris:SharpeningStone","Dark Embrace","Thunderclap"],"picked":"SKIP","floor":31},{"not_picked":["Sanctity+1","Consecrate","Infernal Blade+1","Feel No Pain+1"],"picked":"SKIP","floor":35},{"not_picked":["ThirdEye+1","ReachHeaven","Replay:ManipulateFuture","Uppercut+1"],"picked":"SKIP","floor":37},{"not_picked":["Warcry","Armaments+1","Evolve","MentalFortress+1"],"picked":"SKIP","floor":41},{"not_picked":["Perfected Strike","Headbutt","MentalFortress","Replay:ManipulateFuture"],"picked":"SKIP","floor":44},{"not_picked":["Heavy Blade","Clash","Headbutt","WreathOfFlame+1"],"picked":"SKIP","floor":45},{"not_picked":["hubris:ReadiedAction","Intimidate","FollowUp","Twin Strike"],"picked":"SKIP","floor":46},{"not_picked":["ForeignInfluence+1","Conclude","Replay:BluntJabs","Dual Wield"],"picked":"SKIP","floor":48}],"player_experience":1236601,"relics_obtained":[{"floor":7.0,"key":"Ice Cream"},{"floor":9.0,"key":"Ornamental Fan"},{"floor":10.0,"key":"Pen Nib"},{"floor":13,"key":"jedi:kaleidoscope"},{"floor":14,"key":"War Paint"},{"floor":23,"key":"hubris:Reverence"},{"floor":24,"key":"jedi:matchstick"},{"floor":24,"key":"qcfpunch:Duffel_Bag"},{"floor":25,"key":"jedi:crownofsimplicity"},{"floor":26,"key":"infinitespire:WardingShard"},{"floor":27,"key":"SnailShell"},{"floor":28,"key":"qcfpunch:Handcuffs"},{"floor":29,"key":"Omamori"},{"floor":30,"key":"Bag of Preparation"},{"floor":30,"key":"qcfpunch:Chain_With_Nametags"},{"floor":39,"key":"conspire:TopHat"},{"floor":41,"key":"Strawberry"},{"floor":43,"key":"Replay:Baseball"},{"floor":44,"key":"halation:LettersToHer"},{"floor":48,"key":"aspiration:FrozenJewel"}],"event_choices":[],"is_beta":false,"boss_relics":[{"not_picked":["hubris:BlackHole","Replay:Wanted Poster"],"picked":"aspiration:WatcherSkillbook"},{"not_picked":["Replay:Drink Me","energizedSpire:EnergizedDie"],"picked":"vexMod:ImprovementManual"}],"items_purged_floors":[0,0,0,0,19,36],"is_endless":false,"potions_floor_spawned":[5,7,10,13,20,23,24,25,29,30,41,46,48],"ascension_level":20}}