{"host":"vk3oecxhswhylj4a","time":1610204318,"event":{"mods":["Act Like it!","BaseMod","Colored Powertips","Decade(王小明)","Downfall","Gensokyo","Hallownest","KinomotoSakuraMod(木之本樱)","Lobotomy","LobotomyExtend","Marisa（F雨　魔理沙）","Minty Spire (QoL Compilation)","Relic Stats","Replay The Spire","Spicy Shops","StSLib","TestMod","The Bug Knight","UnlockEverythingMod","Waifu the Spire","[IsaacMod]以撒尖塔","vexMod","【遗物卡牌】REMEMod"],"gold_per_floor":[118,118,118],"floor_reached":1,"playtime":310,"items_purged":[],"score":7,"play_id":"b568e900-694a-4c49-8f7f-b6ae309f76a0","local_time":"20210109225838","is_ascension_mode":false,"campfire_choices":[],"circlet_count":0,"master_deck":[],"relics":["KSMOD_SealedBook","KSMOD_SealedWand","testmod-TestBox","HushsDoor","REME_ComplimentaryCards","testmod-DreamHouse","Happy Flower","Lantern","D6","CogitoBucket","MagicBullet_r"],"acts_visited":["Gensokyo:Gensokyo"],"potions_floor_usage":[],"damage_taken":[{"damage":11,"enemies":"Gensokyo:Python","floor":1,"turns":4},{"damage":85,"enemies":"Jaw Worm","floor":1,"turns":11}],"seed_played":"1772797399591059454","potions_obtained":[],"is_trial":false,"path_per_floor":["M","?","M"],"character_chosen":"KINOMOTOSAKURA","items_purchased":[],"campfire_rested":0,"item_purchase_floors":[],"current_hp_per_floor":[59,0,0],"gold":118,"neow_bonus":"","is_daily":false,"chose_seed":false,"campfire_upgraded":0,"win_rate":0.0,"timestamp":1610204318,"path_taken":["M","?","M"],"items_purchased_type":[],"build_version":"2020-12-22","purchased_purges":0,"victory":false,"max_hp_per_floor":[70,70,70],"relic_stats":{"Happy Flower":[5],"counters":[2,15],"obtain_stats":[{"KeepersGift":0,"Lantern":0,"testmod-TestBox":0,"Happy Flower":0,"MagicBullet_r":2,"KSMOD_SealedBook":0,"D6":0,"CogitoBucket":0,"testmod-DreamHouse":0,"KSMOD_SealedWand":0,"LetterFromLob":1,"HushsDoor":0,"REME_ComplimentaryCards":0},{"KeepersGift":0,"Lantern":0,"testmod-TestBox":0,"Happy Flower":0,"MagicBullet_r":1,"KSMOD_SealedBook":0,"D6":0,"CogitoBucket":0,"testmod-DreamHouse":0,"KSMOD_SealedWand":0,"LetterFromLob":1,"HushsDoor":0,"REME_ComplimentaryCards":0},{"KeepersGift":0,"Lantern":0,"testmod-TestBox":0,"Happy Flower":0,"MagicBullet_r":4,"KSMOD_SealedBook":0,"D6":0,"CogitoBucket":0,"testmod-DreamHouse":0,"KSMOD_SealedWand":0,"LetterFromLob":4,"HushsDoor":0,"REME_ComplimentaryCards":0}]},"card_choices":[{"not_picked":[],"picked":"Bomb","floor":0},{"not_picked":["ClowCardTheVoice","ClowCardTheLibra"],"picked":"ClowCardTheShadow","floor":1}],"player_experience":95730,"relics_obtained":[{"floor":1,"key":"LetterFromLob"}],"event_choices":[],"is_beta":false,"boss_relics":[],"items_purged_floors":[],"is_endless":false,"potions_floor_spawned":[],"killed_by":"Jaw Worm","ascension_level":0}}