{"host":"r2xhbz7xmd090pnn","time":1610160757,"event":{"mods":["2.2 Compatiblity","AchievementEnabler","BaseMod","Better Third Choice","Block Reminder","Card Forge","Dark Map","Downfall","Hermit","Marisa????????","Minty Spire (QoL Compilation)","Rare Cards Sparkle","Replay The Spire","StSLib","SuperFastMode","The Bug Knight","The Necromancer","The Runesmith","The Servant 0.9.4"],"gold_per_floor":[99,119,104,117,134,134,179,104,115,174,188,188,202,215,226,327,327,327,327,346,358,376,376,376,376,394,244,258,268,280,298,308,308,308,308],"floor_reached":33,"playtime":853,"items_purged":[],"score":274,"play_id":"9cf1bec8-6cec-4dba-8efc-940d104aa6ec","local_time":"20210108185237","is_ascension_mode":false,"campfire_choices":[{"data":"Slimebound:CorrosiveSpit","floor":1,"key":"SMITH"},{"floor":6,"key":"RECALL"},{"floor":8,"key":"REST"},{"floor":12,"key":"REST"},{"data":"Slimebound:SlimeSlap","floor":18,"key":"SMITH"},{"floor":23,"key":"REST"},{"floor":25,"key":"REST"}],"circlet_count":0,"master_deck":["Slimebound:Strike_Slimebound+1","Slimebound:Tackle+1","Slimebound:Defend_Slimebound+1","Slimebound:Defend_Slimebound+1","Slimebound:Defend_Slimebound+1","Slimebound:Split+1","Slimebound:CorrosiveSpit+1","Slimebound:DisruptingSlam+1","Slimebound:FinishingTackle+1","Slimebound:RejuvenatingLick+1","Slimebound:RallyTheTroops+1","Slimebound:GoopSpray+1","Slimebound:Grow+1","Slimebound:SamplingLick+1","Slimebound:Chomp+1","Slimebound:RejuvenatingLick+1","Slimebound:SlimeSlap+1","Slimebound:Schlurp+1","Slimebound:LevelUp+1","Slimebound:ViciousTackle+1","Slimebound:ViciousTackle+1","Slimebound:LevelUp+1","Slimebound:LeechingTouch+1","Slimebound:SplitAcid+1","Slimebound:Equalize+1"],"relics":["Slimebound:AbsorbEndCombatUpgraded","Hammer of Thor","Seething Fire","Anvil of the Gods","Replay:Baseball","downfall:HeartBlessingRed","Frozen Egg 2","Sundial"],"acts_visited":["Exordium","TheCity"],"potions_floor_usage":[16,16,26,30,32,33],"damage_taken":[{"damage":11,"enemies":"Small Slimes","floor":2,"turns":2},{"damage":11,"enemies":"downfall:FleeingMerchant","floor":3,"turns":4},{"damage":11,"enemies":"Jaw Worm","floor":4,"turns":3},{"damage":3,"enemies":"Cultist","floor":5,"turns":2},{"damage":12,"enemies":"Exordium Wildlife","floor":9,"turns":2},{"damage":13,"enemies":"Gremlin Gang","floor":11,"turns":2},{"damage":23,"enemies":"Blue Slaver","floor":13,"turns":2},{"damage":25,"enemies":"Exordium Wildlife","floor":14,"turns":2},{"damage":2,"enemies":"Exordium Thugs","floor":15,"turns":2},{"damage":20,"enemies":"downfall:Defect","floor":16,"turns":4},{"damage":13,"enemies":"Spheric Guardian","floor":20,"turns":3},{"damage":36,"enemies":"3 Byrds","floor":21,"turns":4},{"damage":21,"enemies":"Cultist and Chosen","floor":22,"turns":4},{"damage":18,"enemies":"Centurion and Healer","floor":26,"turns":5},{"damage":11,"enemies":"Snecko","floor":28,"turns":4},{"damage":39,"enemies":"Cultist and Chosen","floor":29,"turns":5},{"damage":26,"enemies":"3 Cultists","floor":30,"turns":4},{"damage":45,"enemies":"Snake Plant","floor":31,"turns":3},{"damage":28,"enemies":"Chosen and Byrds","floor":32,"turns":4},{"damage":60,"enemies":"downfall:Ironclad","floor":33,"turns":5}],"seed_played":"-3579120843789108182","potions_obtained":[{"floor":2,"key":"Energy Potion"},{"floor":4,"key":"Slimebound:SlimedPotion"},{"floor":10,"key":"FearPotion"},{"floor":16,"key":"GamblersBrew"},{"floor":20,"key":"Strength Potion"},{"floor":30,"key":"sneckomod:MuddlingPotion"}],"is_trial":false,"path_per_floor":["R","M","$","M","M","R","T","R","M","?","M","R","M","M","M","B",null,"R","?","M","M","M","R","T","R","M","?","M","M","M","M","M","B"],"character_chosen":"SLIMEBOUND","items_purchased":[],"campfire_rested":4,"item_purchase_floors":[],"current_hp_per_floor":[66,66,66,66,66,66,66,66,62,62,63,66,55,50,54,57,66,66,66,63,52,59,66,66,66,66,76,76,63,61,36,28,0,0,0],"gold":308,"neow_bonus":"TEN_PERCENT_HP_BONUS","is_daily":false,"chose_seed":false,"campfire_upgraded":2,"win_rate":0.0,"timestamp":1610160757,"path_taken":["R","M","$","M","M","R","T","R","M","?","M","R","M","?","M","BOSS","R","?","M","M","M","R","T","R","M","?","M","M","M","M","M","BOSS"],"items_purchased_type":[],"build_version":"2020-12-22","purchased_purges":0,"victory":false,"max_hp_per_floor":[66,66,66,66,66,66,66,66,66,66,66,66,66,66,66,66,66,66,66,66,66,66,66,66,66,66,76,76,76,76,76,76,76,76,76],"card_choices":[{"not_picked":["Slimebound:BestDefense","Slimebound:SplitBruiser"],"picked":"Slimebound:DisruptingSlam","floor":2},{"not_picked":["Slimebound:SplitAcid","Slimebound:Chomp"],"picked":"Slimebound:FinishingTackle","floor":3},{"not_picked":["Slimebound:ComboTackle","Slimebound:SlimeBarrage"],"picked":"Slimebound:RejuvenatingLick","floor":4},{"not_picked":["Slimebound:SplitAcid","Slimebound:SlimeSpikes","Slimebound:AcidTongue"],"picked":"SKIP","floor":5},{"not_picked":["Slimebound:SplitBruiser","Slimebound:PressTheAttack"],"picked":"Slimebound:RallyTheTroops","floor":9},{"not_picked":["Slimebound:LeechingTouch","Slimebound:SamplingLick"],"picked":"Slimebound:GoopSpray","floor":10},{"not_picked":["Slimebound:PressTheAttack","Slimebound:GrowthPunch"],"picked":"Slimebound:Grow+1","floor":11},{"not_picked":["Slimebound:SplitMire","Slimebound:RollThrough"],"picked":"Slimebound:SamplingLick","floor":13},{"not_picked":["Slimebound:LeechingTouch","Slimebound:GoopSpray"],"picked":"Slimebound:Chomp","floor":14},{"not_picked":["Slimebound:Replication","Slimebound:FormOfPuddle"],"picked":"Slimebound:RejuvenatingLick","floor":15},{"not_picked":["Slimebound:Teamwork","Slimebound:MassRepurpose"],"picked":"Slimebound:SlimeSlap","floor":16},{"not_picked":["Slimebound:SlimeTap+1","Slimebound:SplitBruiser"],"picked":"Slimebound:Schlurp+1","floor":20},{"not_picked":["Slimebound:MegaLick","Slimebound:BestDefense+1"],"picked":"Slimebound:LevelUp+1","floor":21},{"not_picked":["Slimebound:SamplingLick+1","Slimebound:SplitLeeching","Slimebound:GoopSpray+1"],"picked":"SKIP","floor":22},{"not_picked":["Slimebound:PressTheAttack","Slimebound:SplitMire"],"picked":"Slimebound:ViciousTackle+1","floor":26},{"not_picked":["Slimebound:LivingWall+1","Slimebound:SlimeSpikes"],"picked":"Slimebound:ViciousTackle+1","floor":28},{"not_picked":["Slimebound:Gluttony+1","Slimebound:Schlurp"],"picked":"Slimebound:LevelUp+1","floor":29},{"not_picked":["Slimebound:ItLooksTasty","Slimebound:Grow+1"],"picked":"Slimebound:LeechingTouch","floor":30},{"not_picked":["Slimebound:LeechingTouch","Slimebound:Grow+1"],"picked":"Slimebound:SplitAcid","floor":31},{"not_picked":["Slimebound:SlimeBarrage+1","Slimebound:Nibble"],"picked":"Slimebound:Equalize+1","floor":32}],"player_experience":6866,"relics_obtained":[{"floor":7,"key":"Replay:Baseball"},{"floor":10,"key":"Frozen Egg 2"},{"floor":24,"key":"Sundial"}],"event_choices":[{"damage_healed":0,"gold_gain":0,"player_choice":"Ignored","damage_taken":0,"max_hp_gain":0,"max_hp_loss":0,"event_name":"Ghosts","floor":19,"gold_loss":0}],"is_beta":false,"boss_relics":[{"not_picked":["Kintsugi","Honey Jar"],"picked":"Slimebound:AbsorbEndCombatUpgraded"}],"items_purged_floors":[],"is_endless":false,"potions_floor_spawned":[2,4,11,13,14,16,20,21,30],"killed_by":"downfall:Ironclad","ascension_level":0}}