{"host":"ekyl8r8j8fco3zlk","time":1610175811,"event":{"mods":["ATMod(∞¢Ë™Mod)","Act Like it!","Arknights The Spire","BaseMod","CapriCore","Decade(Õı–°√˜)","Friendly Minions","Gensokyo","Hallownest","Lobotomy","LobotomyExtend","Luminous","Marisa£®ÏF”Í°°ƒß¿Ì…≥£©","Minty Spire (QoL Compilation)","READ ME - Guardian Mod","Rare Cards Sparkle","Reimu£®≤©¿ˆ¡È√Œ£©","StSLib","The Alterego","The Bug Knight","The Immortal","The Jungle","Waifu the Spire","WarShipGirlsR/’ΩΩ¢…Ÿ≈ÆR mod","°æ“≈ŒÔø®≈∆°øREMEMod"],"gold_per_floor":[116,135,135,155,155,155,182,201,227,243,254,86,86,86],"floor_reached":13,"playtime":472,"items_purged":[],"score":87,"play_id":"4e17de91-2746-474e-8917-9ca5dcad5f19","local_time":"20210109150331","is_ascension_mode":false,"campfire_choices":[{"data":"Luminous:Ethereal_Form_Luminous","floor":6,"key":"SMITH"}],"circlet_count":0,"master_deck":["Luminous:Light_Flash_Shower","Luminous:Light_Flash_Shower","Luminous:Light_Flash_Shower","Luminous:Dark_Abyssal_Drop","Luminous:Dark_Abyssal_Drop","Luminous:Dark_Abyssal_Drop","Luminous:Defend_Luminous","Luminous:Defend_Luminous","Luminous:Defend_Luminous","Luminous:Defend_Luminous","Luminous:Switch_Luminous","AT_IchimonjiDouble","AT_ShrugMaster","Luminous:Light_Glare","Luminous:Dark_Raid","Luminous:Dark_Raid","Luminous:Ethereal_Form_Luminous+1","Luminous:Dark_Pressure_Void","Luminous:Dark_Raid","Luminous:Dark_Dim_Erosion","Luminous:Light_Gather","REME_BodyOfCthun"],"relics":["Luminous:MirrorRelic","AT_ATBox","REME_ComplimentaryCards","LetterFromLob","Art of War","Nunchaku","Smiling Mask"],"acts_visited":["Exordium"],"potions_floor_usage":[7,11,11],"damage_taken":[{"damage":14,"enemies":"Jaw Worm","floor":1,"turns":4},{"damage":0,"enemies":"2 Louse","floor":2,"turns":2},{"damage":0,"enemies":"Cultist","floor":4,"turns":3},{"damage":27,"enemies":"Gremlin Nob","floor":7,"turns":6},{"damage":29,"enemies":"Large Slime","floor":8,"turns":5},{"damage":7,"enemies":"Exordium Thugs","floor":10,"turns":4},{"damage":3,"enemies":"2 Fungi Beasts","floor":11,"turns":3},{"damage":18,"enemies":"3 Sentries","floor":13,"turns":2}],"seed_played":"-8053277010476048606","potions_obtained":[{"floor":0,"key":"SmokeBomb"},{"floor":0,"key":"Block Potion"},{"floor":0,"key":"FairyPotion"},{"floor":7,"key":"Block Potion"},{"floor":10,"key":"Energy Potion"}],"is_trial":false,"path_per_floor":["M","M","?","M","?","R","E","M","T","M","M","$","E"],"character_chosen":"LuminousClass","items_purchased":["REME_BodyOfCthun"],"campfire_rested":0,"item_purchase_floors":[12],"current_hp_per_floor":[61,61,58,58,58,58,31,2,2,18,15,15,0,0],"gold":86,"neow_bonus":"THREE_SMALL_POTIONS","is_daily":false,"chose_seed":false,"campfire_upgraded":1,"win_rate":0.0,"timestamp":1610175811,"path_taken":["M","M","?","M","?","R","E","M","T","M","M","?","E"],"items_purchased_type":["Card"],"build_version":"2020-12-22","purchased_purges":0,"victory":false,"max_hp_per_floor":[75,75,75,75,75,75,75,75,75,75,75,75,75,75],"card_choices":[{"not_picked":["Luminous:Darkness_Mastery_Luminous","Luminous:Mana_Overload_Luminous"],"picked":"Luminous:Light_Glare","floor":1},{"not_picked":["Luminous:Magic_Boost_Luminous","Luminous:Reverse_Spell_Luminous"],"picked":"Luminous:Dark_Raid","floor":2},{"not_picked":["Luminous:Light_Disperse","Luminous:Accumulation_Luminous"],"picked":"Luminous:Dark_Raid","floor":4},{"not_picked":[],"picked":"Luminous:Ethereal_Form_Luminous","floor":5},{"not_picked":["Luminous:Date_of_Light_Luminous","Luminous:Magic_Accelerate_Luminous"],"picked":"Luminous:Dark_Pressure_Void","floor":7},{"not_picked":["Luminous:Light_Spectral_Light","Luminous:Light_Sylvan_Lance"],"picked":"Luminous:Dark_Raid","floor":8},{"not_picked":["Luminous:Magic_Accelerate_Luminous","Luminous:Light_Spectral_Light"],"picked":"Luminous:Dark_Dim_Erosion","floor":10},{"not_picked":["Luminous:Chase_Spell_Luminous","Luminous:Magic_Guard_Luminous"],"picked":"Luminous:Light_Gather","floor":11}],"player_experience":681233,"relics_obtained":[{"floor":1,"key":"LetterFromLob"},{"floor":7,"key":"Nunchaku"},{"floor":9,"key":"Smiling Mask"}],"event_choices":[{"damage_healed":0,"gold_gain":0,"player_choice":"Success","damage_taken":3,"relics_obtained":["Art of War"],"max_hp_gain":0,"max_hp_loss":0,"event_name":"Scrap Ooze","floor":3,"gold_loss":0}],"is_beta":false,"boss_relics":[],"items_purged_floors":[],"is_endless":false,"potions_floor_spawned":[1,7,8,10],"killed_by":"3 Sentries","ascension_level":0}}