{"host":"6jrnojxwearbrjzo","time":1610229646,"event":{"mods":["BaseMod","Colored Map","Conspire","Downfall","Highlight Path","Marisa£®ÏF”Í°°ƒß¿Ì…≥£©","Minty Spire (QoL Compilation)","Quick Restart","Replay The Spire","Shop Mod","Spicy Shops","StSLib","SuperFastMode","TestMod","The Construct","The Cursed","The Servant 0.9.4","Yuyuko","vexMod"],"gold_per_floor":[109,109,109,9,19,19,29,59,59,109,168,168,194,213,213,326,326,378,378,378,303,131,166,166,202,202,202,202],"floor_reached":27,"playtime":1034,"items_purged":["Injury"],"score":258,"play_id":"82aa63ad-048f-4860-9a86-1e25e748fd9b","local_time":"20210110060046","is_ascension_mode":false,"campfire_choices":[{"floor":15,"key":"DIG"}],"circlet_count":0,"master_deck":["conspire:GhostlyDefend","conspire:GhostlyDefend","construct:AttackMode","construct:DefenseMode","construct:Overcharge","conspire:SpireCoStock","conspire:SpireCoStock","construct:SyphonStrike","construct:SyphonStrike","construct:FierceBash","construct:Antimatter","construct:BatteryCore","construct:Autoturret","construct:Overcharge","Slimebound:Tackle+1","Slimebound:Tackle+1","Slimebound:Tackle+1","construct:Construct_Overclock"],"relics":["testmod-TestBox","NeowsBlessing","testmod-ConstraintPeriapt","Replay:Antivirus Software","vexMod:ScavengeHelm","testmod-DragonStarHat","testmod-Fortitude","ReplayTheSpireMod:TigerMarble","construct:WeddingRing","Golden Egg","Bronze Scales","ReplayFunnel"],"acts_visited":["Exordium","TheCity"],"potions_floor_usage":[13,13,27],"damage_taken":[{"damage":0,"enemies":"Small Slimes","floor":1,"turns":2},{"damage":0,"enemies":"2 Louse","floor":5,"turns":1},{"damage":0,"enemies":"Jaw Worm","floor":7,"turns":1},{"damage":21,"enemies":"Exordium Wildlife","floor":8,"turns":3},{"damage":0,"enemies":"Large Slime","floor":10,"turns":4},{"damage":6,"enemies":"Blue Slaver","floor":11,"turns":3},{"damage":0,"enemies":"Gremlin Nob","floor":13,"turns":2},{"damage":14,"enemies":"3 Louse","floor":14,"turns":3},{"damage":54,"enemies":"Fading Forest","floor":16,"turns":11},{"damage":20,"enemies":"Chosen","floor":18,"turns":5},{"damage":33,"enemies":"Gremlin Leader","floor":23,"turns":4},{"damage":31,"enemies":"Shell Parasite","floor":25,"turns":3},{"damage":14,"enemies":"Book of Stabbing","floor":27,"turns":2}],"seed_played":"1128158671070347828","potions_obtained":[{"floor":8,"key":"Fire Potion"},{"floor":10,"key":"Fire Potion"},{"floor":18,"key":"construct:ShiftPotion"},{"floor":23,"key":"Fire Potion"},{"floor":25,"key":"champ:CounterPotion"}],"is_trial":false,"path_per_floor":["M","?","?","?","M","?","M","M","T","M","M","T","E","M","R_BF","B",null,"M","?","?","?","$","E","?","M","T","E"],"character_chosen":"THE_CONSTRUCT_MOD","items_purchased":["Golden Egg"],"campfire_rested":0,"item_purchase_floors":[22],"current_hp_per_floor":[85,85,85,85,85,85,85,65,65,67,64,64,64,52,52,54,85,69,69,69,69,69,37,42,14,14,0,0],"gold":202,"neow_bonus":"THREE_ENEMY_KILL","is_daily":false,"chose_seed":false,"campfire_upgraded":0,"win_rate":0.0,"timestamp":1610229646,"path_taken":["M","?","?","?","M","?","M","M","T","M","?","?","E","M","R_BF","BOSS","M","?","?","?","$","E","?","?","T","E"],"items_purchased_type":["Relic"],"build_version":"2020-12-22","purchased_purges":1,"victory":false,"max_hp_per_floor":[85,85,85,85,85,85,85,85,85,85,85,85,85,85,85,85,85,85,85,85,85,85,85,85,85,85,85,85],"card_choices":[{"not_picked":["construct:HeavyBolt","construct:ShiftStrike"],"picked":"construct:Overcharge","floor":1},{"not_picked":["construct:Accumulate","construct:Reinforce"],"picked":"construct:SyphonStrike","floor":5},{"not_picked":["construct:Analyze","construct:FocusedBeam"],"picked":"construct:SyphonStrike","floor":7},{"not_picked":["construct:OneWayMirror","construct:Electrocute"],"picked":"construct:FierceBash","floor":8},{"not_picked":["construct:Impenetrable","construct:MemoryTap","construct:Boost"],"picked":"SKIP","floor":10},{"not_picked":["construct:VentSteam","construct:ShiftStrike"],"picked":"construct:Antimatter","floor":11},{"not_picked":["construct:HeavyBolt","construct:Anticipate","construct:FierceBash"],"picked":"SKIP","floor":13},{"not_picked":["construct:ShiftGuard","construct:Forcefield","construct:Backup"],"picked":"SKIP","floor":14},{"not_picked":["construct:HyperBeam","construct:PanicFire"],"picked":"construct:BatteryCore","floor":16},{"not_picked":["construct:GuardCore","construct:ShiftStrike"],"picked":"construct:Autoturret","floor":18},{"not_picked":["construct:Analyze","construct:Autoturret","construct:ReactiveShield"],"picked":"SKIP","floor":23},{"not_picked":["construct:FocusedBeam","construct:FierceBash"],"picked":"construct:Construct_Overclock","floor":25}],"player_experience":55930,"relics_obtained":[{"floor":9,"key":"vexMod:ScavengeHelm"},{"floor":12,"key":"testmod-DragonStarHat"},{"floor":13,"key":"testmod-Fortitude"},{"floor":15,"key":"ReplayTheSpireMod:TigerMarble"},{"floor":23,"key":"Bronze Scales"},{"floor":26,"key":"ReplayFunnel"}],"event_choices":[{"damage_healed":0,"gold_gain":0,"player_choice":"Invest 2","damage_taken":0,"max_hp_gain":0,"max_hp_loss":0,"event_name":"conspire:Investor","floor":4,"gold_loss":0},{"damage_healed":0,"gold_gain":0,"player_choice":"Agree","damage_taken":0,"max_hp_gain":0,"max_hp_loss":0,"event_name":"conspire:LoneGhost","floor":6,"gold_loss":0},{"damage_healed":0,"gold_gain":0,"player_choice":"Read","damage_taken":0,"max_hp_gain":0,"max_hp_loss":0,"event_name":"The Library","floor":19,"gold_loss":0,"cards_obtained":["construct:Overcharge"]},{"cards_removed":["conspire:GhostlyDefend"],"damage_healed":0,"gold_gain":0,"player_choice":"Gave Gold","damage_taken":0,"max_hp_gain":0,"max_hp_loss":0,"event_name":"Beggar","floor":21,"gold_loss":75},{"cards_removed":["conspire:GhostlyDefend"],"damage_healed":5,"gold_gain":0,"player_choice":"Offered Special","damage_taken":0,"max_hp_gain":0,"max_hp_loss":0,"event_name":"Bonfire Elementals","floor":24,"gold_loss":0}],"is_beta":false,"boss_relics":[{"not_picked":["vexMod:MysteryBossChallenge","vexMod:FluxCapacitor"],"picked":"construct:WeddingRing"}],"items_purged_floors":[22],"is_endless":false,"potions_floor_spawned":[8,10,18,23,25],"killed_by":"Book of Stabbing","ascension_level":0}}