{"host":"hzinic87vu8p95wn","time":1610196226,"event":{"mods":["BaseMod","Minty Spire (QoL Compilation)"],"gold_per_floor":[117,117,130,130,13,13,48,48,48,67,67,67,67],"floor_reached":12,"playtime":258,"items_purged":["Regret"],"score":192,"play_id":"775456a8-2357-4052-866e-161ae4dc78be","local_time":"20210109234346","is_ascension_mode":true,"campfire_choices":[{"data":"Backflip","floor":6,"key":"SMITH"}],"circlet_count":0,"master_deck":["AscendersBane","Strike_G","Strike_G","Strike_G","Strike_G","Strike_G","Defend_G","Defend_G","Defend_G","Defend_G","Defend_G","Survivor","Neutralize","Backflip+1","Caltrops","Deflect+1"],"relics":["Ring of the Snake","NeowsBlessing","Ninja Scroll","Oddly Smooth Stone","Paper Crane","Ornamental Fan"],"acts_visited":["Exordium"],"potions_floor_usage":[12],"damage_taken":[{"damage":0,"enemies":"2 Louse","floor":1,"turns":1},{"damage":0,"enemies":"Jaw Worm","floor":3,"turns":1},{"damage":0,"enemies":"Gremlin Nob","floor":7,"turns":1},{"damage":0,"enemies":"Cultist","floor":10,"turns":3},{"damage":21,"enemies":"Lagavulin","floor":12,"turns":13}],"seed_played":"8699661858326018289","potions_obtained":[{"floor":3,"key":"LiquidMemories"},{"floor":7,"key":"DistilledChaos"}],"is_trial":false,"path_per_floor":["M","?","M","?","$","R","E","?","T","M","?","E"],"character_chosen":"THE_SILENT","items_purchased":["Caltrops"],"campfire_rested":0,"item_purchase_floors":[5],"current_hp_per_floor":[59,59,59,54,54,54,54,54,54,54,54,33,33],"gold":67,"neow_bonus":"THREE_ENEMY_KILL","is_daily":false,"chose_seed":false,"campfire_upgraded":1,"win_rate":0.0,"timestamp":1610196226,"path_taken":["M","?","M","?","$","R","E","?","T","?","?","E"],"items_purchased_type":["Card"],"build_version":"2020-12-22","purchased_purges":1,"victory":false,"max_hp_per_floor":[66,66,66,66,66,66,66,66,66,66,66,66,66],"card_choices":[{"not_picked":["Deflect","Cloak And Dagger"],"picked":"Backflip","floor":1},{"not_picked":["Eviscerate","Slice","Distraction"],"picked":"SKIP","floor":3},{"not_picked":["Tactician","Prepared"],"picked":"Deflect","floor":7},{"not_picked":["Bouncing Flask","Deflect","Endless Agony"],"picked":"SKIP","floor":10}],"player_experience":1557903,"relics_obtained":[{"floor":7,"key":"Paper Crane"},{"floor":9,"key":"Ornamental Fan"}],"event_choices":[{"damage_healed":0,"gold_gain":0,"player_choice":"Box","damage_taken":0,"relics_obtained":["Ninja Scroll"],"max_hp_gain":0,"max_hp_loss":0,"event_name":"Big Fish","floor":2,"gold_loss":0,"cards_obtained":["Regret"]},{"damage_healed":0,"gold_gain":0,"player_choice":"Success","damage_taken":5,"relics_obtained":["Oddly Smooth Stone"],"max_hp_gain":0,"max_hp_loss":0,"event_name":"Scrap Ooze","floor":4,"gold_loss":0},{"damage_healed":0,"gold_gain":0,"player_choice":"Upgraded","damage_taken":0,"max_hp_gain":0,"max_hp_loss":0,"event_name":"Upgrade Shrine","floor":8,"gold_loss":0,"cards_upgraded":["Deflect"]},{"damage_healed":0,"gold_gain":0,"player_choice":"Leave","damage_taken":0,"max_hp_gain":0,"max_hp_loss":0,"event_name":"The Cleric","floor":11,"gold_loss":0}],"is_beta":false,"boss_relics":[],"items_purged_floors":[5],"is_endless":false,"potions_floor_spawned":[3,7],"killed_by":"Lagavulin","ascension_level":18}}