{"host":"6749gst1gzuv21qf","time":1610167568,"event":{"mods":["Aspiration","BaseMod","Better Altar","Better Match","Better Note","Better Sensory Stone","Better Skull","Better Third Choice","BetterRewards","Colored Map","Colored Powertips","Downfall","Highlight Path","Minty Spire (QoL Compilation)","Permanent Neow","Replay The Spire","Shop Mod","Spicy Shops","StSLib","The Cursed","Wandering Minibosses"],"gold_per_floor":[99,111,121,221,31,51,98,124,138,138,163,163,148,148,129,227,227,2,17,33,49,64,64,64,64,78,78,109,127,140,173,184,288,288,617,629,81,81,184,212,212,113,131,131,131,146,171,182,193,193,193,224,17,17,17],"floor_reached":56,"playtime":6198,"items_purged":["Slimebound:Tackle","Injury","Slimebound:CorrosiveSpit"],"score":1315,"play_id":"883cd185-689e-4ebd-bfde-8c13c31f6030","local_time":"20210108234608","is_ascension_mode":false,"campfire_choices":[{"floor":10,"key":"RECALL"},{"data":"Slimebound:Split","floor":12,"key":"SMITH"},{"data":"Slimebound:Replication","floor":25,"key":"SMITH"},{"data":"Slimebound:TongueLash","floor":45,"key":"SMITH"},{"data":"Slimebound:LevelUp","floor":54,"key":"SMITH"}],"circlet_count":0,"master_deck":["Slimebound:Split+1","Slimebound:Replication+1","Slimebound:TongueLash+1","Slimebound:SlimeTap","Slimebound:SplitAcid","Slimebound:LevelUp","Slimebound:Nibble","Slimebound:Equalize","Slimebound:Repurpose","Slimebound:Recollect","Slimebound:SplitLeeching","Slimebound:RallyTheTroops","Slimebound:PrepareCrush+1","Slimebound:HauntingLick+1","Slimebound:FinishingTackle","Slimebound:TagTeam","Slimebound:Recycling","Slimebound:Repurpose+1","Slimebound:SplitMire+1","Slimebound:MegaLick+1","Slimebound:LevelUp+1","Slimebound:SamplingLick+1","Slimebound:TongueLash+1","Slimebound:Teamwork+1","CurseOfTheBell","Slimebound:Gluttony+1","Slimebound:LeadByExample+1","Slimebound:SplitBruiser+1","Slimebound:LevelUp","Slimebound:ServeAndProtect+1","Slimebound:DivideAndConquer+1","Slimebound:Nibble+1","Slimebound:MassFeed","Slimebound:Recollect+1","Slimebound:AcidTongue+1","expansioncontent:CaCaw+1"],"relics":["Slimebound:AbsorbEndCombat","Toxic Egg 2","Pandora\u0027s Box","downfall:HeartBlessingGreen","downfall:HeartBlessingRed","downfall:HeartBlessingBlue","Torii","Iron Hammer","Orichalcum","Calling Bell","Centennial Puzzle","Pear","TungstenRod","Calipers","wanderingMiniBosses:ThiefScarf","downfall:BrokenWingStatue","Bag of Preparation","Divine Protection","Pet Ghost","StrikeDummy","Counterbalance","Golden Egg","Bird Faced Urn"],"acts_visited":["Exordium","TheCity","TheBeyond","TheEnding"],"potions_floor_usage":[8,8,36,50,55],"damage_taken":[{"damage":21,"enemies":"Small Slimes","floor":2,"turns":4},{"damage":10,"enemies":"2 Louse","floor":3,"turns":3},{"damage":9,"enemies":"downfall:FleeingMerchant","floor":5,"turns":7},{"damage":13,"enemies":"Cultist","floor":6,"turns":4},{"damage":13,"enemies":"3 Sentries","floor":8,"turns":5},{"damage":16,"enemies":"Blue Slaver","floor":9,"turns":5},{"damage":7,"enemies":"Replay:BlueRogue","floor":11,"turns":6},{"damage":41,"enemies":"Exordium Thugs","floor":13,"turns":6},{"damage":41,"enemies":"Large Slime","floor":15,"turns":7},{"damage":103,"enemies":"downfall:Defect","floor":16,"turns":7},{"damage":23,"enemies":"Chosen","floor":19,"turns":3},{"damage":29,"enemies":"Centurion and Healer","floor":20,"turns":4},{"damage":41,"enemies":"Snake Plant","floor":21,"turns":3},{"damage":38,"enemies":"3 Cultists","floor":22,"turns":3},{"damage":46,"enemies":"Sentry and Sphere","floor":26,"turns":3},{"damage":52,"enemies":"Book of Stabbing","floor":28,"turns":4},{"damage":32,"enemies":"Shelled Parasite and Fungi","floor":29,"turns":3},{"damage":18,"enemies":"Cultist and Chosen","floor":30,"turns":3},{"damage":30,"enemies":"Replay:Snechameleon","floor":31,"turns":5},{"damage":23,"enemies":"Centurion and Healer","floor":32,"turns":3},{"damage":61,"enemies":"downfall:Watcher","floor":33,"turns":6},{"damage":0,"enemies":"Orb Walker","floor":36,"turns":2},{"damage":12,"enemies":"downfall:FleeingMerchant","floor":37,"turns":4},{"damage":15,"enemies":"3 Darklings","floor":39,"turns":4},{"damage":42,"enemies":"Giant Head","floor":40,"turns":6},{"damage":0,"enemies":"downfall:FleeingMerchant","floor":42,"turns":4},{"damage":12,"enemies":"Jaw Worm Horde","floor":43,"turns":3},{"damage":15,"enemies":"Maw","floor":46,"turns":3},{"damage":44,"enemies":"R_Hoarder","floor":47,"turns":8},{"damage":30,"enemies":"Writhing Mass","floor":48,"turns":3},{"damage":9,"enemies":"4 Shapes","floor":49,"turns":3},{"damage":97,"enemies":"downfall:Silent","floor":50,"turns":10},{"damage":17,"enemies":"downfall:CharBossMerchant","floor":52,"turns":5},{"damage":104,"enemies":"downfall:NeowBoss","floor":55,"turns":23}],"seed_played":"2240368593970164930","potions_obtained":[{"floor":2,"key":"Block Potion"},{"floor":6,"key":"EssenceOfSteel"},{"floor":8,"key":"FairyPotion"},{"floor":16,"key":"Adrenaline Potion"},{"floor":19,"key":"AttackPotion"},{"floor":20,"key":"DistilledChaos"},{"floor":23,"key":"hexamod:EctoCoolerPotion"},{"floor":29,"key":"Flashbang"},{"floor":33,"key":"Fruit Juice"},{"floor":36,"key":"LiquidMemories"},{"floor":40,"key":"Flashbang"},{"floor":47,"key":"champ:CounterPotion"}],"is_trial":false,"path_per_floor":["R_BF","M","M","?","$","M","T","E","M","R","E","R","M","?","M","B",null,"R_BF","M","M","M","M","?","T","R","M","?","E","M","M","E","M","B",null,"R_BF","M","?","?","M","E","T","$","M","?","R","M","E","M","M","B",null,"E","$","R","B",null],"character_chosen":"SLIMEBOUND","items_purchased":["Slimebound:LevelUp","Slimebound:SplitBruiser+1","Calipers","Slimebound:LevelUp","Counterbalance","expansioncontent:CaCaw","LiquidBronze"],"campfire_rested":0,"item_purchase_floors":[5,37,37,37,42,53,53],"current_hp_per_floor":[60,55,60,60,59,60,60,55,55,55,60,60,60,60,56,15,60,70,70,66,69,60,60,60,60,52,52,36,40,52,62,69,59,80,53,74,85,85,85,67,67,85,85,85,85,83,72,77,82,40,85,85,85,85,76],"gold":17,"neow_bonus":"THREE_CARDS","is_daily":false,"chose_seed":false,"campfire_upgraded":4,"win_rate":0.0,"timestamp":1610167568,"path_taken":["R_BF","M","M","?","$","M","T","E","M","R","E","R","M","?","M","BOSS","R_BF","M","M","M","M","?","T","R","M","?","E","M","M","E","M","BOSS","R_BF","M","?","?","M","E","T","$","M","?","R","M","E","M","M","BOSS","E","$","R","BOSS"],"items_purchased_type":["Card","Card","Relic","Card","Relic","Card","Potion"],"build_version":"2020-12-22","purchased_purges":3,"victory":true,"max_hp_per_floor":[60,60,60,60,60,60,60,60,60,60,60,60,60,60,60,60,60,70,70,70,70,70,70,70,70,70,70,70,70,70,70,70,70,80,80,85,85,85,85,85,85,85,85,85,85,85,85,85,85,85,85,85,85,85,85],"card_choices":[{"not_picked":["Slimebound:PressTheAttack","Slimebound:SplitBruiser"],"picked":"Slimebound:Replication","floor":0},{"not_picked":["Slimebound:ForwardTackle","Slimebound:Chomp"],"picked":"Slimebound:TongueLash","floor":2},{"not_picked":["Slimebound:GoopTackle","Slimebound:FirmFortitude"],"picked":"Slimebound:SlimeTap","floor":3},{"not_picked":["Slimebound:LivingWall","Slimebound:SlimeTap"],"picked":"Slimebound:SplitAcid","floor":5},{"not_picked":["Slimebound:ViciousTackle","Slimebound:GoopTackle"],"picked":"Slimebound:Nibble","floor":6},{"not_picked":["Slimebound:BestDefense","Slimebound:GoopSpray"],"picked":"Slimebound:Equalize","floor":8},{"not_picked":["Slimebound:PressTheAttack","Slimebound:SplitBruiser"],"picked":"Slimebound:Repurpose","floor":9},{"not_picked":["Slimebound:ItLooksTasty","Slimebound:GoopSpray"],"picked":"Slimebound:Recollect","floor":11},{"not_picked":["Slimebound:Dissolve","Slimebound:PressTheAttack"],"picked":"Slimebound:SplitLeeching","floor":13},{"not_picked":["Slimebound:SlimeSpikes+1","Slimebound:Grow"],"picked":"Slimebound:OozeBath+1","floor":15},{"not_picked":["Slimebound:TagTeam","Slimebound:OozeBath+1"],"picked":"Slimebound:RallyTheTroops","floor":16},{"not_picked":["Slimebound:Dissolve+1","Slimebound:RollThrough"],"picked":"Slimebound:SplitMire+1","floor":19},{"not_picked":["Slimebound:SlimeBrawl+1","Slimebound:ServeAndProtect+1"],"picked":"Slimebound:MegaLick+1","floor":20},{"not_picked":["Slimebound:FinishingTackle","Slimebound:LeechEnergy","Slimebound:LeechingTouch"],"picked":"SKIP","floor":21},{"not_picked":["Slimebound:SplitSpecialist+1","Slimebound:PressTheAttack+1","Slimebound:Repurpose+1"],"picked":"SKIP","floor":22},{"not_picked":["Slimebound:LeechEnergy+1","Slimebound:SplitAcid+1","Slimebound:FinishingTackle"],"picked":"SKIP","floor":26},{"not_picked":["Slimebound:GoopTackle","Slimebound:ForwardTackle","Slimebound:PressTheAttack"],"picked":"SKIP","floor":28},{"not_picked":["Slimebound:LeechingTouch","Slimebound:DivideAndConquer+1"],"picked":"Slimebound:SamplingLick+1","floor":29},{"not_picked":["Slimebound:BestDefense","Slimebound:RollThrough"],"picked":"Slimebound:TongueLash+1","floor":30},{"not_picked":["Slimebound:LeechEnergy","Slimebound:ComboTackle","Slimebound:CheckThePlaybook+1"],"picked":"SKIP","floor":31},{"not_picked":["Slimebound:RollThrough+1","Slimebound:Schlurp+1","Slimebound:PressTheAttack+1"],"picked":"SKIP","floor":32},{"not_picked":["Slimebound:SlimeSlap","Slimebound:RallyTheTroops"],"picked":"Slimebound:Teamwork+1","floor":33},{"not_picked":["Slimebound:LeechEnergy+1","Slimebound:FinishingTackle+1"],"picked":"Slimebound:Gluttony+1","floor":36},{"not_picked":["Slimebound:FinishingTackle+1","Slimebound:LeechLife"],"picked":"Slimebound:LeadByExample+1","floor":37},{"not_picked":["Slimebound:LeechingTouch","Slimebound:FormOfPuddle+1"],"picked":"Slimebound:ServeAndProtect+1","floor":39},{"not_picked":["Slimebound:GoopSpray+1","Slimebound:RainOfGoop+1"],"picked":"Slimebound:DivideAndConquer+1","floor":40},{"not_picked":["Slimebound:SplitBruiser+1","Slimebound:LivingWall+1","Slimebound:DivideAndConquer+1"],"picked":"SKIP","floor":42},{"not_picked":["Slimebound:SlimeBrawl+1","Slimebound:LeechingTouch"],"picked":"Slimebound:Nibble+1","floor":43},{"not_picked":["Slimebound:GoopSpray+1","Slimebound:RejuvenatingLick+1"],"picked":"Slimebound:MassFeed","floor":46},{"not_picked":["Slimebound:PressTheAttack+1","Slimebound:ForwardTackle"],"picked":"Slimebound:Recollect+1","floor":47},{"not_picked":["Slimebound:LeechEnergy","Slimebound:ViciousTackle","Slimebound:SplitLeeching+1"],"picked":"SKIP","floor":48},{"not_picked":["Slimebound:SplitAcid+1","Slimebound:ServeAndProtect+1","Slimebound:SplitLeeching+1"],"picked":"SKIP","floor":49},{"not_picked":["Slimebound:LeechEnergy","Slimebound:ForwardTackle"],"picked":"Slimebound:AcidTongue+1","floor":52}],"player_experience":578897,"relics_obtained":[{"floor":8,"key":"Divine Protection"},{"floor":11,"key":"Bag of Preparation"},{"floor":24,"key":"Torii"},{"floor":28,"key":"Iron Hammer"},{"floor":31,"key":"Orichalcum"},{"floor":34,"key":"Centennial Puzzle"},{"floor":34,"key":"Pear"},{"floor":34,"key":"TungstenRod"},{"floor":39,"key":"wanderingMiniBosses:ThiefScarf"},{"floor":39,"key":"downfall:BrokenWingStatue"},{"floor":39,"key":"Bag of Preparation"},{"floor":39,"key":"Divine Protection"},{"floor":40,"key":"Pet Ghost"},{"floor":41,"key":"StrikeDummy"},{"floor":47,"key":"Golden Egg"},{"floor":52,"key":"Bird Faced Urn"}],"event_choices":[{"damage_healed":0,"gold_gain":0,"player_choice":"Got Potions","damage_taken":0,"max_hp_gain":0,"max_hp_loss":0,"event_name":"Lab","floor":23,"gold_loss":0},{"damage_healed":0,"gold_gain":0,"player_choice":"Copied","damage_taken":0,"max_hp_gain":0,"max_hp_loss":0,"event_name":"Duplicator","floor":27,"gold_loss":0,"cards_obtained":["Slimebound:LevelUp"]},{"damage_healed":0,"gold_gain":329,"player_choice":"GO GO GO ","damage_taken":34,"relics_obtained":[],"max_hp_gain":0,"max_hp_loss":0,"event_name":"betterSkull:BetterSkull","floor":35,"gold_loss":0,"cards_upgraded":[]},{"cards_removed":["Slimebound:OozeBath"],"damage_healed":0,"gold_gain":0,"player_choice":"Removed Skill","damage_taken":0,"max_hp_gain":0,"max_hp_loss":0,"event_name":"Falling","floor":38,"gold_loss":0},{"cards_removed":["Slimebound:Schlurp"],"damage_healed":0,"gold_gain":0,"player_choice":"Purged","damage_taken":0,"max_hp_gain":0,"max_hp_loss":0,"event_name":"Purifier","floor":44,"gold_loss":0}],"is_beta":false,"boss_relics":[{"not_picked":["Coffee Dripper","Philosopher\u0027s Stone"],"picked":"Pandora\u0027s Box"},{"not_picked":["aspiration:IroncladSkillbook","Fusion Hammer"],"picked":"Calling Bell"}],"items_purged_floors":[5,37,42],"is_endless":false,"potions_floor_spawned":[2,6,8,16,19,20,29,30,31,33,36,39,40,43,47],"ascension_level":0}}