{"host":"g3mfbfmeb5kk2le1","time":1610158967,"event":{"mods":["AchievementEnabler","Aspiration","BaseMod","BetterRewards","Colored Map","Downfall","Googly Eyes","Halation","Hubris","Infinite Spire","Mimic Mod","Minty Spire (QoL Compilation)","Replay The Spire","SOS???????","Shop Mod","StSLib","SuperFastMode","Trackpad","Unceasing Turn Reminder","egg","slay the spire mod where everything is the same but ironclad has a cowboy hat","vexMod"],"gold_per_floor":[213,232,7,7,7,40,2,2,34,49,49,49],"floor_reached":11,"playtime":557,"items_purged":["Doubt"],"score":107,"play_id":"d48f08d3-0afa-4c08-9226-d0370ae79fe5","local_time":"20210108232247","is_ascension_mode":true,"campfire_choices":[],"circlet_count":0,"master_deck":["AscendersBane","Strike_R","Strike_R","Strike_R","Strike_R","Strike_R","Defend_R","Defend_R","Defend_R","Defend_R","Bash","ReplayTheSpireMod:Limb From Limb","Self Repair+1","Cold Snap"],"relics":["Membership Card","Bag of Preparation","Ring of Peace","ReplayTheSpireMod:Ring of Collecting","Iron Core","halation:LettersToHer","ReplayTheSpireMod:Ring of Addiction","Potion Belt","SacredBark","Smiling Mask"],"acts_visited":["Exordium"],"potions_floor_usage":[6,11,11,11],"damage_taken":[{"damage":15,"enemies":"Small Slimes","floor":1,"turns":3},{"damage":1,"enemies":"2 Louse","floor":2,"turns":3},{"damage":45,"enemies":"3 Sentries","floor":6,"turns":12},{"damage":6,"enemies":"Jaw Worm","floor":9,"turns":14},{"damage":9,"enemies":"Jaw Worm","floor":10,"turns":6},{"damage":45,"enemies":"Gremlin Nob","floor":11,"turns":5}],"seed_played":"-6082741015521654632","potions_obtained":[{"floor":1,"key":"Explosive Potion"},{"floor":9,"key":"Guardian:BlockOnCardUsePotion"},{"floor":9,"key":"LiquidBronze"},{"floor":9,"key":"Energy Potion"}],"is_trial":false,"path_per_floor":["M","M","$","?","?","E","$","$","MIM","M","E"],"character_chosen":"IRONCLAD","items_purchased":["Membership Card","Bag of Preparation"],"campfire_rested":0,"item_purchase_floors":[3,3],"current_hp_per_floor":[63,68,68,68,68,33,33,33,37,38,0,0],"gold":49,"neow_bonus":"HUNDRED_GOLD","is_daily":false,"chose_seed":false,"campfire_upgraded":0,"win_rate":0.0,"timestamp":1610158967,"path_taken":["M","M","$","?","?","E","?","$","MIM","M","E"],"items_purchased_type":["Relic","Relic"],"build_version":"2020-12-22","purchased_purges":1,"victory":false,"max_hp_per_floor":[80,80,80,80,80,80,80,80,80,80,80,80],"card_choices":[{"not_picked":["Heavy Blade","Headbutt"],"picked":"ReplayTheSpireMod:Limb From Limb","floor":1},{"not_picked":["Clothesline","Perfected Strike","Armaments"],"picked":"SKIP","floor":2},{"not_picked":["Fire Breathing","ReplayTheSpireMod:Stacked"],"picked":"Cold Snap","floor":6},{"not_picked":["Replay:Undeath\u0027s Touch","ReplayTheSpireMod:GoodbyeWorld","Thunderclap"],"picked":"SKIP","floor":10}],"player_experience":294729,"relics_obtained":[{"floor":4,"key":"Ring of Peace"},{"floor":4,"key":"ReplayTheSpireMod:Ring of Collecting"},{"floor":6,"key":"halation:LettersToHer"},{"floor":9,"key":"halation:LettersToHer"},{"floor":9,"key":"ReplayTheSpireMod:Ring of Addiction"},{"floor":9,"key":"Potion Belt"},{"floor":9,"key":"SacredBark"},{"floor":9,"key":"Smiling Mask"}],"event_choices":[],"is_beta":false,"boss_relics":[],"items_purged_floors":[7],"is_endless":false,"potions_floor_spawned":[1],"killed_by":"Gremlin Nob","ascension_level":10}}