{"host":"w029btg0lk3znwbc","time":1610194908,"event":{"mods":["AchievementEnabler","Act Like it!","Arknights The Spire","BaseMod","Colored Map","Colored Powertips","Downfall","Energized Spire","Evolution","Gensokyo","Hermit","Infinite Spire","Minty Spire (QoL Compilation)","Prisma Mod","Replay The Spire","StSLib","SuperFastMode","The Animator","The Blue Laboratory","The Fake Hero","The Runesmith","The Servant 0.9.4"],"gold_per_floor":[110,124,134,158,158,187,205,225,249,264,264,264,111,125,125,222,522,533,552,562,562,562,562,580,612,612,612,612],"floor_reached":27,"playtime":1582,"items_purged":["Strike_B"],"score":237,"play_id":"aec522c4-ffed-4c2d-bcd9-7a8218f996bb","local_time":"20210109132148","is_ascension_mode":false,"campfire_choices":[{"data":"Tempest","floor":11,"key":"SMITH"},{"data":"Capacitor","floor":15,"key":"SMITH"},{"data":"Loop","floor":23,"key":"SMITH"}],"circlet_count":0,"master_deck":["Strike_B","Defend_B","Defend_B","Defend_B","Defend_B","Zap+1","Dualcast","Tempest+1","Chill","Coolheaded+1","Lockon","Capacitor+1","ReplayRNGCard","Voices","Clumsy","ReplayTheSpireMod:Faulty Equipment","Barrage","Barrage","Loop+1","expansioncontent:SuperHexaguard","Conserve Battery+1"],"relics":["Cracked Core","EVO:Axolotl","PreservedInsect","War Paint","infinitespire:Freezer","Replay:Ancient Bell","Toy Ornithopter","Chameleon Ring","Old Coin","Prayer Wheel","Durian","infinitespire:Bottled Soul"],"acts_visited":["Exordium","TheCity"],"potions_floor_usage":[16,20,25,27],"damage_taken":[{"damage":0,"enemies":"Cultist","floor":1,"turns":3},{"damage":6,"enemies":"Jaw Worm","floor":2,"turns":4},{"damage":7,"enemies":"2 Louse","floor":3,"turns":2},{"damage":7,"enemies":"3 Sentries","floor":6,"turns":7},{"damage":1,"enemies":"Red Slaver","floor":7,"turns":4},{"damage":0,"enemies":"Lots of Slimes","floor":8,"turns":4},{"damage":12,"enemies":"Gremlin Gang","floor":10,"turns":5},{"damage":12,"enemies":"Exordium Wildlife","floor":14,"turns":4},{"damage":11,"enemies":"Slime Boss","floor":16,"turns":8},{"damage":5,"enemies":"Spheric Guardian","floor":18,"turns":4},{"damage":30,"enemies":"3 Byrds","floor":19,"turns":7},{"damage":13,"enemies":"Centurion and Healer","floor":20,"turns":3},{"damage":10,"enemies":"Snake Plant","floor":24,"turns":6},{"damage":13,"enemies":"Nightmare","floor":25,"turns":9},{"damage":21,"enemies":"Cultist and Chosen","floor":27,"turns":4}],"seed_played":"-4551845038543357291","potions_obtained":[{"floor":1,"key":"blueLaboratory:BottleOfVodka"},{"floor":2,"key":"blueLaboratory:NullPotion"},{"floor":7,"key":"blueLaboratory:NullPotion"},{"floor":16,"key":"blueLaboratory:AbyssPotion"},{"floor":24,"key":"Flashbang"},{"floor":25,"key":"FocusPotion"}],"is_trial":false,"path_per_floor":["M","M","M","T","?","E","M","M","T","M","R","?","$","M","R","B",null,"M","M","M","?","?","R","M","NM","T","M"],"character_chosen":"DEFECT","items_purchased":["Capacitor"],"campfire_rested":0,"item_purchase_floors":[13],"current_hp_per_floor":[82,76,69,69,69,62,61,61,61,49,49,42,42,30,30,19,82,77,47,39,39,27,27,17,14,14,0,0],"gold":612,"neow_bonus":"TEN_PERCENT_HP_BONUS","is_daily":false,"chose_seed":false,"campfire_upgraded":3,"win_rate":0.0,"timestamp":1610194908,"path_taken":["M","M","?","?","?","E","?","M","T","M","R","?","?","M","R","BOSS","M","M","M","?","?","R","M","NM","T","?"],"items_purchased_type":["Card"],"build_version":"2020-12-22","purchased_purges":1,"victory":false,"max_hp_per_floor":[82,82,82,82,82,82,82,82,82,82,82,82,82,82,82,82,82,82,82,82,82,82,82,82,87,87,87,87],"card_choices":[{"not_picked":["Stack","Rip and Tear"],"picked":"Tempest","floor":1},{"not_picked":["Coolheaded","Crystallizer"],"picked":"Chill","floor":2},{"not_picked":["Sweeping Beam","ReplayTheSpireMod:Reroute Power"],"picked":"Coolheaded","floor":3},{"not_picked":["Panic Button","Stack","Force Field"],"picked":"SKIP","floor":6},{"not_picked":["ReplayTheSpireMod:Repulse","Coolheaded","Stack"],"picked":"SKIP","floor":7},{"not_picked":["Cold Snap","Steam"],"picked":"Lockon","floor":8},{"not_picked":["Reprogram","Steam","Force Field"],"picked":"SKIP","floor":10},{"not_picked":["Sweeping Beam","Force Field","Double Energy"],"picked":"SKIP","floor":14},{"not_picked":["Seek","Buffer"],"picked":"ReplayRNGCard","floor":16},{"not_picked":["Hallucinations","animator:Curse_GriefSeed"],"picked":"Voices","floor":17},{"not_picked":["animator:Curse_Dizziness","animator:Curse_Greed"],"picked":"Clumsy","floor":17},{"not_picked":["Gensokyo:ImpossibleRequest","Delirium"],"picked":"ReplayTheSpireMod:Faulty Equipment","floor":17},{"not_picked":["Leap+1","Redo"],"picked":"Barrage","floor":18},{"not_picked":["Compile Driver","Steam Power"],"picked":"Barrage","floor":19},{"not_picked":["Storm+1","White Noise"],"picked":"Loop","floor":20},{"not_picked":["Streamline","Force Field"],"picked":"ReplayTheSpireMod:Fabricate Wheel","floor":24},{"not_picked":["Barrage","Reprogram"],"picked":"Conserve Battery+1","floor":25}],"player_experience":25583,"relics_obtained":[{"floor":4,"key":"PreservedInsect"},{"floor":6,"key":"War Paint"},{"floor":9,"key":"infinitespire:Freezer"},{"floor":25,"key":"Durian"},{"floor":26,"key":"infinitespire:Bottled Soul"}],"event_choices":[{"cards_removed":["Strike_B"],"damage_healed":0,"gold_gain":0,"player_choice":"Purged","damage_taken":0,"max_hp_gain":0,"max_hp_loss":0,"event_name":"Purifier","floor":5,"gold_loss":0},{"cards_removed":["Strike_B"],"damage_healed":0,"gold_gain":0,"player_choice":"Card Removal","damage_taken":7,"max_hp_gain":0,"max_hp_loss":0,"event_name":"Golden Wing","floor":12,"gold_loss":0},{"damage_healed":0,"gold_gain":0,"player_choice":"Ignored","damage_taken":0,"max_hp_gain":0,"max_hp_loss":0,"event_name":"Ghosts","floor":21,"gold_loss":0},{"damage_healed":0,"gold_gain":0,"player_choice":"CARD ","damage_taken":12,"max_hp_gain":0,"max_hp_loss":0,"event_name":"Knowing Skull","floor":22,"potions_obtained":[],"gold_loss":0,"cards_obtained":["expansioncontent:SuperHexaguard"]}],"is_beta":false,"boss_relics":[{"not_picked":["energizedSpire:EnergizedDie","Runic Dome"],"picked":"Replay:Ancient Bell"},{"not_picked":["MealTicket","Dream Catcher"],"picked":"Toy Ornithopter"},{"not_picked":["ReplayTheSpireMod:Ninjato","Replay:Bottled Snecko"],"picked":"Chameleon Ring"},{"not_picked":["Pocketwatch","Torii"],"picked":"Old Coin"}],"items_purged_floors":[13],"is_endless":false,"potions_floor_spawned":[1,2,7,8,16,24,25],"killed_by":"Cultist and Chosen","ascension_level":0}}