{"host":"f5gffvlv6a66yqkd","time":1610179972,"event":{"mods":["2.2 Compatiblity","BaseMod","Colored Map","DeckTracker","Keyboard Shortcuts","Minty Spire (QoL Compilation)","Permanent Neow","Quick Restart","Relic Stats","StSLib","SuperFastMode"],"gold_per_floor":[118,144,164,164,89,89,164,183,183,197,536,536,127,160,160,246,273,289,269,282,11,11,11,38,68,114,114,132,132,148,158,158,241,241,265,70,125,139,139,173,192,205,232,243,243,252,284,284,284,284,284,284,284,134,167,167],"floor_reached":57,"playtime":2102,"items_purged":["Strike_R","Strike_R+1","Defend_R","Bash+1"],"score":3055,"play_id":"8d0f83d7-e2df-49af-b62d-b594863034fd","local_time":"20210109171252","is_ascension_mode":true,"campfire_choices":[{"data":"True Grit","floor":6.0,"key":"SMITH"},{"floor":12.0,"key":"REST"},{"data":"Entrench","floor":15.0,"key":"SMITH"},{"data":"Barricade","floor":23.0,"key":"SMITH"},{"data":"Evolve","floor":27.0,"key":"SMITH"},{"data":"Shrug It Off","floor":29.0,"key":"SMITH"},{"data":"Seeing Red","floor":32.0,"key":"SMITH"},{"floor":45,"key":"RECALL"},{"data":"Master of Strategy","floor":49,"key":"SMITH"},{"data":"Offering","floor":53,"key":"SMITH"}],"circlet_count":0,"master_deck":["AscendersBane","True Grit+1","Flame Barrier+1","Barricade+1","Entrench+1","Evolve+1","Seeing Red+1","Impervious+1","Brutality+1","Uppercut+1","Body Slam+1","Wild Strike","Corruption","Shrug It Off+1","Offering+1","Seeing Red+1","Offering","Master of Strategy+1"],"relics":["Burning Blood","CeramicFish","Eternal Feather","Old Coin","Centennial Puzzle","StoneCalendar","Astrolabe","Lee\u0027s Waffle","Blood Vial","Bag of Preparation","Empty Cage","Thread and Needle","War Paint","Prayer Wheel","Art of War"],"acts_visited":["Exordium","TheCity","TheBeyond","TheEnding"],"potions_floor_usage":[56,56],"damage_taken":[{"damage":9.0,"enemies":"Jaw Worm","floor":1.0,"turns":5.0},{"damage":4.0,"enemies":"Small Slimes","floor":2.0,"turns":5.0},{"damage":15.0,"enemies":"2 Louse","floor":3.0,"turns":2.0},{"damage":15.0,"enemies":"Lots of Slimes","floor":8.0,"turns":7.0},{"damage":5.0,"enemies":"Blue Slaver","floor":10.0,"turns":6.0},{"damage":34.0,"enemies":"Lagavulin","floor":11.0,"turns":8.0},{"damage":26.0,"enemies":"3 Sentries","floor":14.0,"turns":10.0},{"damage":32.0,"enemies":"The Guardian","floor":16.0,"turns":18.0},{"damage":4.0,"enemies":"Chosen","floor":18.0,"turns":5.0},{"damage":21.0,"enemies":"Shell Parasite","floor":20.0,"turns":6.0},{"damage":13.0,"enemies":"Snake Plant","floor":24.0,"turns":2.0},{"damage":20.0,"enemies":"Book of Stabbing","floor":25.0,"turns":7.0},{"damage":4.0,"enemies":"3 Cultists","floor":30.0,"turns":5.0},{"damage":19.0,"enemies":"Snecko","floor":31.0,"turns":5.0},{"damage":27.0,"enemies":"Collector","floor":33.0,"turns":12.0},{"damage":6.0,"enemies":"Orb Walker","floor":35.0,"turns":5.0},{"damage":14,"enemies":"2 Orb Walkers","floor":37,"turns":3},{"damage":18,"enemies":"3 Darklings","floor":38,"turns":6},{"damage":15,"enemies":"Reptomancer","floor":40,"turns":4},{"damage":13,"enemies":"Spire Growth","floor":41,"turns":2},{"damage":9,"enemies":"Jaw Worm Horde","floor":42,"turns":4},{"damage":8,"enemies":"Sphere and 2 Shapes","floor":44,"turns":3},{"damage":9,"enemies":"Giant Head","floor":47,"turns":4},{"damage":12,"enemies":"Time Eater","floor":50,"turns":7},{"damage":11,"enemies":"Donu and Deca","floor":51,"turns":6},{"damage":8,"enemies":"Shield and Spear","floor":55,"turns":3},{"damage":19,"enemies":"The Heart","floor":56,"turns":6}],"seed_played":"3872818194340705320","potions_obtained":[{"floor":2.0,"key":"BloodPotion"},{"floor":3.0,"key":"Regen Potion"},{"floor":11.0,"key":"Explosive Potion"},{"floor":16.0,"key":"Dexterity Potion"},{"floor":19.0,"key":"Fire Potion"},{"floor":41,"key":"DistilledChaos"}],"is_trial":false,"path_per_floor":["M","M","M","?","?","R","?","M","T","M","E","R","$","E","R","B",null,"M","?","M","$","?","R","M","E","T","R","?","R","M","M","R","B",null,"M","$","?","M","$","E","M","M","T","M","R","?","E","?","R","B","B",null,"R","$","E","B",null],"character_chosen":"IRONCLAD","items_purchased":["Entrench","Evolve","Seeing Red","Centennial Puzzle","Lee\u0027s Waffle","Offering"],"campfire_rested":1,"item_purchase_floors":[13,13,13,13,21,36],"current_hp_per_floor":[65,67,58,35,35,35,24,15,15,16,18,49,49,29,38,12,59,61,61,46,82,82,82,75,61,61,70,70,79,82,69,78,59,76,78,78,72,62,62,55,50,49,49,49,58,48,47,47,56,52,49,71,78,78,76,65],"gold":167,"neow_bonus":"RANDOM_COMMON_RELIC","is_daily":false,"chose_seed":false,"campfire_upgraded":8,"win_rate":0.0,"timestamp":1610179972,"path_taken":["M","M","M","?","?","R","?","M","T","M","E","R","$","E","R","BOSS","M","?","?","$","?","R","M","E","T","R","?","R","M","M","R","BOSS","M","$","?","M","$","E","M","M","T","M","R","?","E","?","R","BOSS","BOSS","R","$","E","BOSS"],"items_purchased_type":["Card","Card","Card","Relic","Relic","Card"],"build_version":"2020-12-22","purchased_purges":4,"victory":true,"max_hp_per_floor":[75,75,75,75,75,75,75,75,75,75,75,75,75,75,75,75,75,75,75,75,82,82,82,82,82,82,82,82,82,82,82,82,82,82,82,82,82,82,82,82,82,82,82,82,82,82,82,78,78,78,78,78,78,78,78,78],"relic_stats":{"Lee\u0027s Waffle":36,"counters":[27,156],"CeramicFish":171,"Astrolabe":["Brutality","Uppercut","Body Slam"],"Eternal Feather":70,"StoneCalendar":[104],"Bag of Preparation":[30],"War Paint":["Flame Barrier","Impervious"],"Burning Blood":161,"Blood Vial":26,"Centennial Puzzle":[63],"Prayer Wheel":0,"Art of War":[1],"obtain_stats":[{"Lee\u0027s Waffle":21,"CeramicFish":0,"Astrolabe":17,"Eternal Feather":9,"StoneCalendar":14,"Thread and Needle":37,"Bag of Preparation":26,"War Paint":40,"Empty Cage":34,"Burning Blood":0,"Old Coin":11,"Blood Vial":25,"Centennial Puzzle":13,"Prayer Wheel":47,"Art of War":55},{"Lee\u0027s Waffle":10,"CeramicFish":0,"Astrolabe":8,"Eternal Feather":4,"StoneCalendar":7,"Thread and Needle":17,"Bag of Preparation":12,"War Paint":19,"Empty Cage":15,"Burning Blood":0,"Old Coin":6,"Blood Vial":12,"Centennial Puzzle":6,"Prayer Wheel":23,"Art of War":26},{"Lee\u0027s Waffle":72,"CeramicFish":0,"Astrolabe":61,"Eternal Feather":19,"StoneCalendar":43,"Thread and Needle":111,"Bag of Preparation":81,"War Paint":121,"Empty Cage":103,"Burning Blood":0,"Old Coin":33,"Blood Vial":81,"Centennial Puzzle":33,"Prayer Wheel":134,"Art of War":150}]},"card_choices":[{"not_picked":["Ghostly Armor","Dual Wield"],"picked":"True Grit","floor":1.0},{"not_picked":["Heavy Blade","Wild Strike"],"picked":"Clothesline","floor":2.0},{"not_picked":["Havoc","Wild Strike"],"picked":"Flame Barrier","floor":3.0},{"not_picked":["Rampage","Flex"],"picked":"Anger","floor":8.0},{"not_picked":["Whirlwind","Dual Wield","Anger"],"picked":"SKIP","floor":10.0},{"not_picked":["Havoc","Warcry"],"picked":"Barricade","floor":11.0},{"not_picked":["Havoc","Perfected Strike","Hemokinesis"],"picked":"SKIP","floor":14.0},{"not_picked":["Feed","Brutality"],"picked":"Impervious","floor":16.0},{"not_picked":["Headbutt","Warcry","Thunderclap"],"picked":"SKIP","floor":18.0},{"not_picked":["Sword Boomerang","Rage","Perfected Strike+1"],"picked":"SKIP","floor":20.0},{"not_picked":["Havoc+1","True Grit","Wild Strike"],"picked":"SKIP","floor":24.0},{"not_picked":["Havoc+1","True Grit"],"picked":"Wild Strike","floor":24.0},{"not_picked":["Berserk","Infernal Blade","Wild Strike+1"],"picked":"SKIP","floor":25.0},{"not_picked":["Warcry","Blood for Blood","Thunderclap"],"picked":"SKIP","floor":30.0},{"not_picked":["Flex+1","Anger","Disarm"],"picked":"SKIP","floor":31.0},{"not_picked":["Double Tap","Limit Break"],"picked":"Offering","floor":33.0},{"not_picked":["Metallicize","Pommel Strike+1"],"picked":"Seeing Red+1","floor":35.0},{"not_picked":["Heavy Blade","Metallicize+1","Anger+1"],"picked":"SKIP","floor":38},{"not_picked":["Body Slam","Pummel","Armaments"],"picked":"SKIP","floor":40},{"not_picked":["Flex","True Grit","Feel No Pain"],"picked":"SKIP","floor":41},{"not_picked":["Rupture","Evolve","Headbutt"],"picked":"SKIP","floor":42},{"not_picked":["Dual Wield","Body Slam+1","Wild Strike"],"picked":"SKIP","floor":44},{"not_picked":["Dual Wield","Body Slam+1","Wild Strike"],"picked":"SKIP","floor":44},{"not_picked":["PanicButton","Dark Shackles"],"picked":"Master of Strategy","floor":46},{"not_picked":["Sever Soul","Warcry","Ghostly Armor+1"],"picked":"SKIP","floor":47},{"not_picked":["Dual Wield","Thunderclap+1","Immolate"],"picked":"SKIP","floor":55},{"not_picked":["Dual Wield","Thunderclap+1","Immolate"],"picked":"SKIP","floor":55}],"player_experience":1541799,"relics_obtained":[{"floor":9.0,"key":"Eternal Feather"},{"floor":11.0,"key":"Old Coin"},{"floor":14.0,"key":"StoneCalendar"},{"floor":25.0,"key":"Blood Vial"},{"floor":26.0,"key":"Bag of Preparation"},{"floor":37,"key":"Thread and Needle"},{"floor":40,"key":"War Paint"},{"floor":47,"key":"Prayer Wheel"},{"floor":55,"key":"Art of War"}],"event_choices":[{"damage_healed":0.0,"max_hp_gain":0.0,"max_hp_loss":0.0,"gold_gain":0.0,"event_name":"Shining Light","player_choice":"Entered Light","floor":4.0,"gold_loss":0.0,"damage_taken":23.0,"cards_upgraded":["Strike_R","Bash"]},{"cards_removed":["Strike_R"],"damage_healed":0.0,"max_hp_gain":0.0,"max_hp_loss":0.0,"gold_gain":0.0,"event_name":"The Cleric","player_choice":"Card Removal","floor":5.0,"gold_loss":75.0,"damage_taken":0.0},{"damage_healed":0.0,"max_hp_gain":0.0,"max_hp_loss":0.0,"gold_gain":75.0,"event_name":"World of Goop","player_choice":"Gather Gold","floor":7.0,"gold_loss":0.0,"damage_taken":11.0},{"damage_healed":0.0,"max_hp_gain":0.0,"max_hp_loss":0.0,"gold_gain":0.0,"event_name":"The Woman in Blue","player_choice":"Bought 1 Potion","floor":19.0,"gold_loss":0.0,"damage_taken":0.0},{"damage_healed":0.0,"max_hp_gain":0.0,"max_hp_loss":0.0,"gold_gain":0.0,"event_name":"Ghosts","player_choice":"Ignored","floor":22.0,"gold_loss":0.0,"damage_taken":0.0},{"damage_healed":0.0,"max_hp_gain":0.0,"max_hp_loss":0.0,"gold_gain":0.0,"cards_transformed":["Clothesline","Defend_R"],"event_name":"Drug Dealer","player_choice":"Became Test Subject","floor":28.0,"gold_loss":0.0,"damage_taken":0.0,"cards_obtained":["Corruption","Shrug It Off"]},{"damage_healed":0,"gold_gain":0,"player_choice":"Fight","damage_taken":0,"max_hp_gain":0,"max_hp_loss":0,"event_name":"Mysterious Sphere","floor":37,"gold_loss":0},{"damage_healed":0,"gold_gain":0,"player_choice":"Memory 3","damage_taken":10,"max_hp_gain":0,"max_hp_loss":0,"event_name":"SensoryStone","floor":46,"gold_loss":0},{"damage_healed":0,"gold_gain":0,"player_choice":"Max HP","damage_taken":0,"max_hp_gain":0,"max_hp_loss":4,"event_name":"Winding Halls","floor":48,"gold_loss":0}],"is_beta":false,"boss_relics":[{"not_picked":["Velvet Choker","Snecko Eye"],"picked":"Astrolabe"},{"not_picked":["Black Blood","Mark of Pain"],"picked":"Empty Cage"}],"items_purged_floors":[13,21,36,54],"is_endless":false,"potions_floor_spawned":[2,3,11,16,20,31,35,41,42],"ascension_level":20}}