{"host":"662n7794wuevbd4i","time":1610221435,"event":{"mods":["BaseMod","KOR Keyword Fix","Minty Spire (QoL Compilation)","StSLib","The Cursed","The Dragon Tamer","The Hierophant","The Poker Player"],"gold_per_floor":[110,110,110,162,7,7,39,39,39,52,67,67,16,34,34,138,138,152,168,168,168,168,168,186,265,265,61,61,61,61],"floor_reached":29,"playtime":729,"items_purged":[],"score":268,"play_id":"9efd5203-d5b6-4cf1-b5d7-cd1517e7b466","local_time":"20210110044355","is_ascension_mode":true,"campfire_choices":[{"data":"Battle Trance","floor":6,"key":"SMITH"},{"floor":8,"key":"DIG"},{"floor":12,"key":"DIG"},{"floor":15,"key":"DIG"},{"data":"Inflame","floor":23,"key":"SMITH"}],"circlet_count":0,"master_deck":["Strike_R","Strike_R","Strike_R","Defend_R","Defend_R","Defend_R","Bash","Battle Trance+1","Evolve","Inflame+1","Ghostly Armor","Pommel Strike","Flex","Rage","Offering","Reaper+1","Battle Trance+1","Pommel Strike","Cleave","Rampage"],"relics":["Burning Blood","NeowsBlessing","Ancient Tea Set","Tiny Chest","Shovel","Red Skull","Matryoshka","Orichalcum","Juzu Bracelet","Astrolabe","Blood Vial","The Courier","Paper Frog","Omamori","Sundial","Bottled Flame","Torii"],"acts_visited":["Exordium","TheCity"],"potions_floor_usage":[18,19,24,24],"damage_taken":[{"damage":0,"enemies":"Jaw Worm","floor":1,"turns":1},{"damage":0,"enemies":"Lagavulin","floor":7,"turns":1},{"damage":0,"enemies":"Cultist","floor":10,"turns":1},{"damage":10,"enemies":"2 Louse","floor":11,"turns":3},{"damage":12,"enemies":"Exordium Wildlife","floor":14,"turns":6},{"damage":18,"enemies":"Slime Boss","floor":16,"turns":8},{"damage":31,"enemies":"Shell Parasite","floor":18,"turns":5},{"damage":29,"enemies":"3 Byrds","floor":19,"turns":8},{"damage":18,"enemies":"Snecko","floor":24,"turns":4},{"damage":40,"enemies":"Snake Plant","floor":29,"turns":3}],"seed_played":"1405711216212062453","potions_obtained":[{"floor":10,"key":"Block Potion"},{"floor":11,"key":"Weak Potion"},{"floor":14,"key":"EntropicBrew"}],"is_trial":false,"path_per_floor":["M","?","$","T","$","R","E","R","T","M","M","R","$","M","R","B",null,"M","M","?","?","?","R","M","T","T","$","?","M"],"character_chosen":"IRONCLAD","items_purchased":["Battle Trance","Evolve","Flex","Bottled Flame"],"campfire_rested":0,"item_purchase_floors":[5,5,13,27],"current_hp_per_floor":[80,80,80,80,80,80,80,80,80,80,76,76,76,70,70,58,80,64,47,47,47,47,47,37,37,37,37,37,0,0],"gold":61,"neow_bonus":"THREE_ENEMY_KILL","is_daily":false,"chose_seed":false,"campfire_upgraded":2,"win_rate":0.0,"timestamp":1610221435,"path_taken":["M","?","?","?","$","R","E","R","T","M","M","R","$","M","R","BOSS","M","M","?","?","?","R","M","?","T","?","?","M"],"items_purchased_type":["Card","Card","Card","Relic"],"build_version":"2020-12-22","purchased_purges":0,"victory":false,"max_hp_per_floor":[80,80,80,80,80,80,80,80,80,80,80,80,80,80,80,80,80,80,80,80,80,80,80,80,80,80,80,80,80,80],"card_choices":[{"not_picked":["Clash","Warcry"],"picked":"Ghostly Armor","floor":1},{"not_picked":["Cleave","Flex"],"picked":"Inflame","floor":7},{"not_picked":["Second Wind","Havoc"],"picked":"Ghostly Armor","floor":10},{"not_picked":["Burning Pact","Body Slam"],"picked":"Pommel Strike","floor":11},{"not_picked":["Dark Embrace","Clash"],"picked":"Rage","floor":14},{"not_picked":["Corruption","Limit Break"],"picked":"Offering","floor":16},{"not_picked":["Iron Wave","Perfected Strike"],"picked":"Pommel Strike","floor":18},{"not_picked":["Thunderclap","Warcry","Cleave"],"picked":"SKIP","floor":19},{"not_picked":["Warcry","Shrug It Off+1"],"picked":"Rampage","floor":24}],"player_experience":141363,"relics_obtained":[{"floor":4,"key":"Tiny Chest"},{"floor":7,"key":"Shovel"},{"floor":8,"key":"Red Skull"},{"floor":9,"key":"Matryoshka"},{"floor":12,"key":"Orichalcum"},{"floor":15,"key":"Juzu Bracelet"},{"floor":25,"key":"The Courier"},{"floor":25,"key":"Paper Frog"},{"floor":26,"key":"Omamori"},{"floor":26,"key":"Sundial"}],"event_choices":[{"cards_removed":["Ghostly Armor"],"damage_healed":0,"gold_gain":0,"player_choice":"Gave Card","damage_taken":0,"relics_obtained":["Ancient Tea Set"],"max_hp_gain":0,"max_hp_loss":0,"event_name":"WeMeetAgain","floor":2,"gold_loss":0},{"damage_healed":0,"gold_gain":0,"player_choice":"Opened","damage_taken":0,"relics_obtained":["Blood Vial"],"max_hp_gain":0,"max_hp_loss":0,"event_name":"The Mausoleum","floor":20,"gold_loss":0,"cards_obtained":["Writhe"]},{"damage_healed":0,"gold_gain":0,"cards_transformed":["Writhe","Dropkick"],"player_choice":"Became Test Subject","damage_taken":0,"max_hp_gain":0,"max_hp_loss":0,"event_name":"Drug Dealer","floor":21,"gold_loss":0,"cards_obtained":["Normality","Cleave"]},{"cards_removed":["Normality"],"damage_healed":0,"gold_gain":0,"player_choice":"Elegance","damage_taken":0,"max_hp_gain":0,"max_hp_loss":0,"event_name":"Back to Basics","floor":22,"gold_loss":0},{"damage_healed":0,"gold_gain":0,"player_choice":"Stole Relic","damage_taken":0,"relics_obtained":["Torii"],"max_hp_gain":0,"max_hp_loss":0,"event_name":"Addict","floor":28,"gold_loss":0,"cards_obtained":["Shame"]}],"is_beta":false,"boss_relics":[{"not_picked":["Busted Crown","Pandora\u0027s Box"],"picked":"Astrolabe"}],"items_purged_floors":[],"is_endless":false,"potions_floor_spawned":[10,11,14],"killed_by":"Snake Plant","ascension_level":2}}