{"host":"tzk9wfvgzgbq651e","time":1610168804,"event":{"mods":["AchievementEnabler","Aspiration","BaseMod","Better Vampires","Colored Map","Conspire","Downfall","Hermit","Hubris","Infinite Spire","Jorbs\u0027s Wanderer Trilogy","Minty Spire (QoL Compilation)","StSLib","The Cursed","The Disciple","The Hierophant","The Necromancer","The Servant 0.9.4"],"gold_per_floor":[99,99,99,99,113,132,132,132,29,29,29,29,40,52,67,67,67,67],"floor_reached":16,"playtime":1180,"items_purged":[],"score":90,"play_id":"175bb0e7-330b-4d6e-ba8c-ebefd10354b7","local_time":"20210109160644","is_ascension_mode":false,"campfire_choices":[{"data":"Slimebound:Split","floor":1,"key":"SMITH"},{"floor":12,"key":"REST"}],"circlet_count":0,"master_deck":["Slimebound:Strike_Slimebound","Slimebound:Strike_Slimebound","Slimebound:Tackle","Slimebound:Defend_Slimebound","Slimebound:Defend_Slimebound","Slimebound:Defend_Slimebound","Slimebound:Defend_Slimebound","Slimebound:Split+1","Slimebound:CorrosiveSpit","Slimebound:Chomp","Slimebound:SamplingLick","Slimebound:ViciousTackle","Slimebound:SlimeSlap","Slimebound:SpikyOuterGoop","Slimebound:SplitMire","Slimebound:AcidTongue","Slimebound:GoopSpray","Slimebound:LeechEnergy","Slimebound:PressTheAttack","Slimebound:LeadByExample"],"relics":["Slimebound:AbsorbEndCombat","downfall:HeartsMalice","Bottled Tornado","Slimebound:GreedOozeRelic","aspiration:ChemicalBlood"],"acts_visited":["Exordium"],"potions_floor_usage":[14,15,16,16,16,16],"damage_taken":[{"damage":0,"enemies":"Cultist","floor":2,"turns":1},{"damage":0,"enemies":"Small Slimes","floor":3,"turns":1},{"damage":0,"enemies":"Jaw Worm","floor":4,"turns":1},{"damage":15,"enemies":"2 Fungi Beasts","floor":5,"turns":3},{"damage":39,"enemies":"Exordium Thugs","floor":6,"turns":4},{"damage":10,"enemies":"downfall:FleeingMerchant","floor":9,"turns":4},{"damage":23,"enemies":"3 Louse","floor":13,"turns":3},{"damage":15,"enemies":"Blue Slaver","floor":14,"turns":3},{"damage":17,"enemies":"Exordium Thugs","floor":15,"turns":2},{"damage":49,"enemies":"downfall:Silent","floor":16,"turns":4}],"seed_played":"-1427544371958905448","potions_obtained":[{"floor":6,"key":"Explosive Potion"},{"floor":13,"key":"SteroidPotion"},{"floor":14,"key":"FearPotion"},{"floor":15,"key":"DistilledChaos"},{"floor":16,"key":"Slimebound:SlimyTonguePotion"}],"is_trial":false,"path_per_floor":["R","M","M","M","M","M","T","?","$","?","?","R","M","M","M","B"],"character_chosen":"SLIMEBOUND","items_purchased":["Slimebound:AcidTongue","Slimebound:GoopSpray"],"campfire_rested":1,"item_purchase_floors":[9,9],"current_hp_per_floor":[60,60,60,60,55,32,32,32,36,36,36,54,49,44,35,0,0,0],"gold":67,"neow_bonus":"THREE_ENEMY_KILL","is_daily":false,"chose_seed":false,"campfire_upgraded":1,"win_rate":0.0,"timestamp":1610168804,"path_taken":["R","M","M","?","M","M","T","?","?","?","?","R","M","?","M","BOSS"],"items_purchased_type":["Card","Card"],"build_version":"2020-12-22","purchased_purges":0,"victory":false,"max_hp_per_floor":[60,60,60,60,60,60,60,60,60,60,60,60,60,60,60,65,65,65],"card_choices":[{"not_picked":["Slimebound:SlimeTap","Slimebound:SlimeBarrage"],"picked":"Slimebound:Chomp","floor":2},{"not_picked":["Slimebound:PressTheAttack","Slimebound:GrowthPunch"],"picked":"Slimebound:SamplingLick","floor":3},{"not_picked":["Slimebound:LeechEnergy","Slimebound:SlimeSpikes"],"picked":"Slimebound:ViciousTackle","floor":4},{"not_picked":["Slimebound:SamplingLick","Slimebound:LeechingTouch"],"picked":"Slimebound:SlimeSlap","floor":5},{"not_picked":["Slimebound:SplitBruiser","Slimebound:SamplingLick"],"picked":"Slimebound:SpikyOuterGoop","floor":6},{"not_picked":["Slimebound:ProtectTheBoss","Slimebound:PressTheAttack"],"picked":"Slimebound:SplitMire","floor":9},{"not_picked":["Slimebound:SplitBruiser","Slimebound:SamplingLick"],"picked":"Slimebound:LeechEnergy","floor":13},{"not_picked":["Slimebound:ViciousTackle","Slimebound:Schlurp"],"picked":"Slimebound:PressTheAttack","floor":14},{"not_picked":["Slimebound:LeechEnergy","Slimebound:SplitAcid"],"picked":"Slimebound:LeadByExample","floor":15}],"player_experience":13112,"relics_obtained":[{"floor":7,"key":"Bottled Tornado"},{"floor":11,"key":"aspiration:ChemicalBlood"}],"event_choices":[{"cards_removed":["Slimebound:Strike_Slimebound"],"damage_healed":0,"gold_gain":0,"player_choice":"Offered Basic","damage_taken":0,"max_hp_gain":0,"max_hp_loss":0,"event_name":"Bonfire Elementals","floor":8,"gold_loss":0}],"is_beta":false,"boss_relics":[],"items_purged_floors":[],"is_endless":false,"potions_floor_spawned":[6,13],"killed_by":"downfall:Silent","ascension_level":0}}