{"host":"vpaavrwbmey593fx","time":1610222331,"event":{"mods":["AchievementEnabler","BaseMod","Colored Map","Colored Powertips","DeckTracker","Minty Spire (QoL Compilation)","Relic Sorter"],"gold_per_floor":[110,126,76,89,102,102,116,116,165,192,209,236,236,255,255,356,406,419,437,0,13,28,28,57,57,82,98,112,144,144,155,155,253,253,266,284,300,100,118,118,150,197,222,222,222,97,113,141,141,141,141,141,65,96,96,96],"floor_reached":55,"playtime":8710,"items_purged":["Defend_R","Strike_R","Parasite"],"score":834,"play_id":"e4796a03-1de5-4bd5-bed6-477a9134f523","local_time":"20210109115851","is_ascension_mode":true,"campfire_choices":[{"data":"True Grit","floor":6.0,"key":"SMITH"},{"data":"Sentinel","floor":8.0,"key":"SMITH"},{"data":"Immolate","floor":13.0,"key":"SMITH"},{"floor":15.0,"key":"RECALL"},{"floor":23.0,"key":"REST"},{"data":"Secret Technique","floor":25.0,"key":"SMITH"},{"data":"Heavy Blade","floor":30.0,"key":"SMITH"},{"floor":32.0,"key":"REST"},{"floor":40.0,"key":"REST"},{"data":"Doubt","floor":45.0,"key":"PURGE"},{"floor":49,"key":"REST"},{"data":"Inflame","floor":52,"key":"PURGE"}],"circlet_count":0,"master_deck":["Strike_R+1","Strike_R","Strike_R","Defend_R","Defend_R","Defend_R","Bash","Wild Strike","True Grit+1","Iron Wave","Sentinel+1","Heavy Blade+1","Immolate+1","Bloodletting","Anger","Feel No Pain+1","Secret Technique+1","Fire Breathing+1","Power Through","Thunderclap","Demon Form","Burning Pact","Armaments+1","Entrench+1","Battle Trance+1"],"relics":["Burning Blood","Pen Nib","Pocketwatch","Happy Flower","Shuriken","Regal Pillow","Tiny House","Oddly Smooth Stone","Champion Belt","Fusion Hammer","Centennial Puzzle","Peace Pipe","Ancient Tea Set","Vajra","Red Skull"],"acts_visited":["TheBeyond","TheEnding"],"potions_floor_usage":[50,54,54],"damage_taken":[{"damage":10.0,"enemies":"Small Slimes","floor":1.0,"turns":4.0},{"damage":1.0,"enemies":"Jaw Worm","floor":2.0,"turns":4.0},{"damage":0.0,"enemies":"2 Louse","floor":4.0,"turns":2.0},{"damage":11.0,"enemies":"2 Fungi Beasts","floor":5.0,"turns":3.0},{"damage":4.0,"enemies":"3 Louse","floor":7.0,"turns":4.0},{"damage":24.0,"enemies":"Lagavulin","floor":10.0,"turns":9.0},{"damage":0.0,"enemies":"Looter","floor":11.0,"turns":3.0},{"damage":5.0,"enemies":"Gremlin Nob","floor":12.0,"turns":5.0},{"damage":1.0,"enemies":"Exordium Thugs","floor":14.0,"turns":2.0},{"damage":2.0,"enemies":"Slime Boss","floor":16.0,"turns":6.0},{"damage":17.0,"enemies":"2 Thieves","floor":18.0,"turns":2.0},{"damage":20.0,"enemies":"Shell Parasite","floor":19.0,"turns":5.0},{"damage":21.0,"enemies":"Snake Plant","floor":21.0,"turns":6.0},{"damage":5.0,"enemies":"Centurion and Healer","floor":22.0,"turns":4.0},{"damage":32.0,"enemies":"Gremlin Leader","floor":24.0,"turns":6.0},{"damage":0.0,"enemies":"3 Cultists","floor":27.0,"turns":3.0},{"damage":14.0,"enemies":"Snecko","floor":28.0,"turns":4.0},{"damage":18.0,"enemies":"Slavers","floor":29.0,"turns":3.0},{"damage":0.0,"enemies":"Cultist and Chosen","floor":31.0,"turns":3.0},{"damage":20.0,"enemies":"Champ","floor":33.0,"turns":8.0},{"damage":16.0,"enemies":"3 Shapes","floor":35.0,"turns":2.0},{"damage":18.0,"enemies":"Orb Walker","floor":36.0,"turns":3.0},{"damage":15.0,"enemies":"Jaw Worm Horde","floor":37.0,"turns":4.0},{"damage":7.0,"enemies":"Writhing Mass","floor":39.0,"turns":10.0},{"damage":11.0,"enemies":"Reptomancer","floor":41.0,"turns":7.0},{"damage":50.0,"enemies":"2 Orb Walkers","floor":42.0,"turns":5.0},{"damage":39.0,"enemies":"Sphere and 2 Shapes","floor":47.0,"turns":5.0},{"damage":7,"enemies":"Giant Head","floor":48,"turns":7},{"damage":47,"enemies":"Awakened One","floor":50,"turns":10},{"damage":16,"enemies":"Shield and Spear","floor":54,"turns":4},{"damage":118,"enemies":"The Heart","floor":55,"turns":6}],"seed_played":"-4010678828813704885","potions_obtained":[{"floor":2.0,"key":"HeartOfIron"},{"floor":4.0,"key":"Block Potion"},{"floor":5.0,"key":"ColorlessPotion"},{"floor":14.0,"key":"SpeedPotion"},{"floor":17.0,"key":"Block Potion"},{"floor":19.0,"key":"Weak Potion"},{"floor":27.0,"key":"FearPotion"},{"floor":29.0,"key":"Explosive Potion"},{"floor":31.0,"key":"CultistPotion"},{"floor":35.0,"key":"Strength Potion"},{"floor":36.0,"key":"DistilledChaos"},{"floor":37.0,"key":"Weak Potion"},{"floor":41.0,"key":"Ancient Potion"}],"is_trial":false,"path_per_floor":["M","M","?","M","M","R","M","R","T","E","M","E","R","M","R","B",null,"M","M","$","M","M","R","E","R","T","M","M","E","R","M","R","B",null,"M","M","M","$","M","R","E","?","T","?","R","$","M","E","R","B",null,"R","$","E","B"],"character_chosen":"IRONCLAD","items_purchased":["Inflame","Pen Nib","Secret Technique","FairyPotion","DistilledChaos"],"campfire_rested":4,"item_purchase_floors":[20,20,20,38,53],"current_hp_per_floor":[68,72,72,72,67,67,69,69,69,51,57,58,58,63,63,67,77,66,52,52,37,38,76,50,50,50,56,48,36,36,42,77,63,77,67,55,46,46,45,77,72,28,28,77,77,74,41,40,74,33,74,74,74,64,0,0],"gold":96,"neow_bonus":"ONE_RARE_RELIC","is_daily":false,"chose_seed":false,"campfire_upgraded":5,"win_rate":0.0,"timestamp":1610222331,"path_taken":["M","M","?","M","M","R","M","R","T","E","M","E","R","M","R","BOSS","M","M","$","M","M","R","E","R","T","M","M","E","R","M","R","BOSS","M","M","M","$","M","R","E","?","T","?","R","$","M","E","R","BOSS","R","$","E","BOSS"],"items_purchased_type":["Card","Relic","Card","Potion","Potion"],"build_version":"2020-12-22","purchased_purges":3,"victory":false,"max_hp_per_floor":[72,72,72,72,72,72,72,72,72,72,72,72,72,72,72,72,77,77,77,77,77,77,77,77,77,77,77,77,77,77,77,77,77,77,77,77,77,77,77,77,77,77,77,77,77,74,74,74,74,74,74,74,74,74,74,74],"card_choices":[{"not_picked":["True Grit","Clothesline"],"picked":"Wild Strike","floor":1.0},{"not_picked":["Dual Wield","Juggernaut"],"picked":"True Grit","floor":2.0},{"not_picked":["Pommel Strike","Shrug It Off","Havoc"],"picked":"SKIP","floor":4.0},{"not_picked":["Pommel Strike","Pummel"],"picked":"Iron Wave","floor":5.0},{"not_picked":["True Grit","Thunderclap"],"picked":"Sentinel","floor":7.0},{"not_picked":["Armaments","Evolve"],"picked":"Heavy Blade","floor":10.0},{"not_picked":["Armaments","Havoc","True Grit"],"picked":"SKIP","floor":11.0},{"not_picked":["Dual Wield","Feed"],"picked":"Immolate","floor":12.0},{"not_picked":["Dropkick","Havoc","Entrench"],"picked":"SKIP","floor":14.0},{"not_picked":["Whirlwind","Havoc"],"picked":"Bloodletting","floor":17.0},{"not_picked":["Seeing Red","True Grit"],"picked":"Anger","floor":18.0},{"not_picked":["Sever Soul","Cleave"],"picked":"Feel No Pain+1","floor":19.0},{"not_picked":["Twin Strike","Clothesline+1"],"picked":"Fire Breathing+1","floor":21.0},{"not_picked":["Body Slam","Shrug It Off","Armaments"],"picked":"SKIP","floor":22.0},{"not_picked":["Dark Embrace","Perfected Strike"],"picked":"Power Through","floor":24.0},{"not_picked":["Pummel","Dropkick+1","Uppercut"],"picked":"SKIP","floor":27.0},{"not_picked":["Pommel Strike","Sword Boomerang","Iron Wave"],"picked":"SKIP","floor":28.0},{"not_picked":["True Grit","Fire Breathing","Sword Boomerang"],"picked":"SKIP","floor":29.0},{"not_picked":["Metallicize+1","Wild Strike+1"],"picked":"Thunderclap","floor":31.0},{"not_picked":["Double Tap","Barricade"],"picked":"Demon Form","floor":33.0},{"not_picked":["Armaments","Havoc"],"picked":"Burning Pact","floor":35.0},{"not_picked":["Body Slam+1","Clash+1"],"picked":"Armaments+1","floor":36.0},{"not_picked":["Wild Strike+1","Body Slam+1","Uppercut"],"picked":"SKIP","floor":37.0},{"not_picked":["Inflame","Perfected Strike+1"],"picked":"Entrench+1","floor":39.0},{"not_picked":["Thunderclap","Fiend Fire","Twin Strike+1"],"picked":"SKIP","floor":41.0},{"not_picked":["Iron Wave","Havoc","True Grit"],"picked":"SKIP","floor":47.0},{"not_picked":["Carnage+1","Warcry+1"],"picked":"Battle Trance+1","floor":48},{"not_picked":["Exhume","Perfected Strike","Intimidate+1"],"picked":"SKIP","floor":54}],"player_experience":133043,"relics_obtained":[{"floor":9.0,"key":"Happy Flower"},{"floor":10.0,"key":"Shuriken"},{"floor":12.0,"key":"Regal Pillow"},{"floor":24.0,"key":"Oddly Smooth Stone"},{"floor":29.0,"key":"Champion Belt"},{"floor":41.0,"key":"Centennial Puzzle"},{"floor":42.0,"key":"Peace Pipe"},{"floor":43.0,"key":"Ancient Tea Set"},{"floor":48,"key":"Vajra"},{"floor":54,"key":"Red Skull"}],"event_choices":[{"cards_removed":["Strike_R"],"damage_healed":0.0,"max_hp_gain":0.0,"max_hp_loss":0.0,"gold_gain":0.0,"event_name":"The Cleric","player_choice":"Card Removal","floor":3.0,"gold_loss":50.0,"damage_taken":0.0},{"damage_healed":0.0,"max_hp_gain":0.0,"max_hp_loss":0.0,"gold_gain":0.0,"event_name":"Mysterious Sphere","player_choice":"Fight","floor":42.0,"gold_loss":0.0,"damage_taken":0.0},{"damage_healed":49.0,"max_hp_gain":0.0,"max_hp_loss":0.0,"gold_gain":0.0,"event_name":"MindBloom","player_choice":"Heal","floor":44.0,"gold_loss":0.0,"damage_taken":0.0,"cards_obtained":["Doubt"]}],"is_beta":false,"boss_relics":[{"not_picked":["Coffee Dripper","Runic Pyramid"],"picked":"Tiny House"},{"not_picked":["Runic Cube","Black Blood"],"picked":"Fusion Hammer"}],"items_purged_floors":[20,38,46],"is_endless":false,"potions_floor_spawned":[2,4,5,14,19,27,29,31,35,36,37,41],"killed_by":"The Heart","ascension_level":2}}