{"host":"t5h83eruwt5lxl3o","time":1610164278,"event":{"mods":["AchievementEnabler","Act Like it!","BaseMod","CapriCore","Colored Map","DeckTracker","Hermit","Highlight Path","Koishi","Marisa£¨Ùöéë¡¡Øª×âÞÞ£©","Minty Spire (QoL Compilation)","Permanent Neow","Quick Restart","StSLib","SuperFastMode","The Cursed","The Immortal","everything is the same but u backflip on backflip"],"gold_per_floor":[109,120,31,43,61,89,99,125,125,125,145,145,145,156,156,156,156],"floor_reached":16,"playtime":633,"items_purged":[],"score":185,"play_id":"01d5c05f-1d0a-4642-8370-3eb04a1386fe","local_time":"20210109125118","is_ascension_mode":true,"campfire_choices":[{"floor":12,"key":"REST"},{"floor":15,"key":"REST"}],"circlet_count":0,"master_deck":["AscendersBane","Strike_B","Strike_B","Strike_B","Defend_B","Defend_B","Defend_B","Defend_B","Zap","Dualcast","Hyperbeam","Conserve Battery","Trip","Sweeping Beam","Rip and Tear","Recycle","Self Repair","Steam"],"relics":["Cracked Core","Boot","Potion Belt","Mercury Hourglass","Prayer Wheel","Odd Mushroom"],"acts_visited":["Exordium"],"potions_floor_usage":[11,16],"damage_taken":[{"damage":2.0,"enemies":"Jaw Worm","floor":1.0,"turns":3.0},{"damage":0.0,"enemies":"2 Louse","floor":2.0,"turns":1.0},{"damage":0.0,"enemies":"Cultist","floor":4.0,"turns":2.0},{"damage":13.0,"enemies":"Blue Slaver","floor":5.0,"turns":2.0},{"damage":8.0,"enemies":"3 Sentries","floor":6.0,"turns":4.0},{"damage":11.0,"enemies":"Large Slime","floor":7.0,"turns":4.0},{"damage":28.0,"enemies":"Lagavulin","floor":8.0,"turns":5.0},{"damage":5,"enemies":"The Mushroom Lair","floor":11,"turns":3},{"damage":12,"enemies":"Exordium Thugs","floor":14,"turns":3},{"damage":39,"enemies":"Hexaghost","floor":16,"turns":7}],"seed_played":"-1574017515768634896","potions_obtained":[{"floor":4.0,"key":"LiquidBronze"},{"floor":5.0,"key":"Strength Potion"},{"floor":11,"key":"SmokeBomb"},{"floor":14,"key":"DistilledChaos"}],"is_trial":false,"path_per_floor":["M","M","$","M","M","E","M","E","T","?","?","R","?","M","R","B"],"character_chosen":"DEFECT","items_purchased":["Trip"],"campfire_rested":2,"item_purchase_floors":[3],"current_hp_per_floor":[66,66,66,66,53,45,34,6,6,6,1,21,21,16,36,0,0],"gold":156,"neow_bonus":"THREE_RARE_CARDS","is_daily":false,"chose_seed":false,"campfire_upgraded":0,"win_rate":0.0,"timestamp":1610164278,"path_taken":["M","M","$","M","M","E","M","E","T","?","?","R","?","M","R","BOSS"],"items_purchased_type":["Card"],"build_version":"2020-12-22","purchased_purges":0,"victory":false,"max_hp_per_floor":[68,68,68,68,68,68,68,68,68,68,68,68,68,68,68,68,68],"card_choices":[{"not_picked":["Creative AI","Reboot"],"picked":"Hyperbeam","floor":0.0},{"not_picked":["Ball Lightning","Tempest"],"picked":"Conserve Battery","floor":1.0},{"not_picked":["Redo","Defragment","Barrage"],"picked":"SKIP","floor":2.0},{"not_picked":["Force Field","Consume","Blizzard"],"picked":"SKIP","floor":4.0},{"not_picked":["Stack","Turbo"],"picked":"Sweeping Beam","floor":5.0},{"not_picked":["Rainbow","Beam Cell","Steam"],"picked":"SKIP","floor":6.0},{"not_picked":["Redo","Turbo"],"picked":"Rip and Tear","floor":7.0},{"not_picked":["Conserve Battery","Fission"],"picked":"Recycle","floor":8.0},{"not_picked":["Leap","Beam Cell"],"picked":"Self Repair","floor":11},{"not_picked":["Stack","Barrage"],"picked":"Steam","floor":14},{"not_picked":["Lockon","Doom and Gloom","Recycle"],"picked":"SKIP","floor":14},{"not_picked":["Lockon","Doom and Gloom","Recycle"],"picked":"SKIP","floor":14}],"player_experience":650935,"relics_obtained":[{"floor":6.0,"key":"Boot"},{"floor":8.0,"key":"Potion Belt"},{"floor":9.0,"key":"Mercury Hourglass"},{"floor":11,"key":"Odd Mushroom"}],"event_choices":[{"damage_healed":0.0,"max_hp_gain":0.0,"max_hp_loss":0.0,"gold_gain":0.0,"event_name":"Dead Adventurer","player_choice":"Searched \u00272\u0027 times","floor":10.0,"gold_loss":0.0,"damage_taken":0.0,"relics_obtained":["Prayer Wheel"]},{"damage_healed":0,"gold_gain":0,"player_choice":"Fought Mushrooms","damage_taken":0,"max_hp_gain":0,"max_hp_loss":0,"event_name":"Mushrooms","floor":11,"gold_loss":0},{"cards_removed":["Strike_B"],"damage_healed":0,"gold_gain":0,"player_choice":"Forget","damage_taken":0,"max_hp_gain":0,"max_hp_loss":0,"event_name":"Living Wall","floor":13,"gold_loss":0}],"is_beta":false,"boss_relics":[],"items_purged_floors":[],"is_endless":false,"potions_floor_spawned":[4,5,11,14],"killed_by":"Hexaghost","ascension_level":13}}