{"host":"dltylvoep9h5hx7e","time":1610216967,"event":{"mods":["AchievementEnabler","BaseMod","Colored Map","Downfall","Minty Spire (QoL Compilation)","StSLib"],"gold_per_floor":[115,115,128,128,152,164,195,238,274,286,298,310,322,348,360,493,505,535,547,583,595,621,633,633],"floor_reached":23,"playtime":1245,"items_purged":[],"score":191,"play_id":"2ad99ba8-97f9-461d-8b58-c0d442ed71f5","local_time":"20210109182927","is_ascension_mode":false,"campfire_choices":[{"data":"Iron Wave","floor":6.0,"key":"SMITH"},{"data":"Pommel Strike","floor":13.0,"key":"SMITH"},{"data":"Armaments","floor":15.0,"key":"SMITH"}],"circlet_count":0,"master_deck":["Strike_R+1","Strike_R","Strike_R","Strike_R","Strike_R","Defend_R","Defend_R","Defend_R","Bash+1","Dark Shackles","Iron Wave+1","Headbutt","Regret","Twin Strike","Armaments+1","Pommel Strike+1","Cleave","Feed","Thunderclap+1","Writhe","Iron Wave","Necronomicurse","Battle Trance+1"],"relics":["Black Blood","MawBank","Oddly Smooth Stone","Blood Vial","Golden Idol","Bottled Flame","Juzu Bracelet","Necronomicon"],"acts_visited":["Exordium","TheCity"],"potions_floor_usage":[22],"damage_taken":[{"damage":2.0,"enemies":"Small Slimes","floor":1.0,"turns":5.0},{"damage":1.0,"enemies":"Cultist","floor":3.0,"turns":4.0},{"damage":6.0,"enemies":"Jaw Worm","floor":5.0,"turns":3.0},{"damage":8.0,"enemies":"2 Fungi Beasts","floor":7.0,"turns":3.0},{"damage":6.0,"enemies":"Gremlin Nob","floor":8.0,"turns":4.0},{"damage":4.0,"enemies":"Looter","floor":14.0,"turns":3.0},{"damage":63.0,"enemies":"Hexaghost","floor":16.0,"turns":12.0},{"damage":14.0,"enemies":"3 Byrds","floor":18.0,"turns":7.0},{"damage":26.0,"enemies":"Shell Parasite","floor":20.0,"turns":7.0},{"damage":49,"enemies":"Sentry and Sphere","floor":22,"turns":8},{"damage":24,"enemies":"Book of Stabbing","floor":23,"turns":2}],"seed_played":"-1329800005084562665","potions_obtained":[{"floor":1.0,"key":"EssenceOfSteel"},{"floor":3.0,"key":"Energy Potion"},{"floor":7.0,"key":"Energy Potion"},{"floor":16.0,"key":"LiquidBronze"}],"is_trial":false,"path_per_floor":["M","?","M","?","M","R","M","E","T","?","?","T","R","M","R","B",null,"M","?","M","?","M","E"],"character_chosen":"IRONCLAD","items_purchased":[],"campfire_rested":0,"item_purchase_floors":[],"current_hp_per_floor":[80,80,80,80,80,80,78,78,78,74,59,59,59,63,63,8,74,75,75,66,50,15,0,0],"gold":633,"neow_bonus":"RANDOM_COLORLESS","is_daily":false,"chose_seed":false,"campfire_upgraded":3,"win_rate":0.0,"timestamp":1610216967,"path_taken":["M","?","?","?","M","R","M","E","T","?","?","?","R","M","R","BOSS","M","?","M","?","M","E"],"items_purchased_type":[],"build_version":"2020-12-22","purchased_purges":0,"victory":false,"max_hp_per_floor":[80,80,80,80,80,80,80,80,80,74,74,74,74,74,74,74,74,77,77,80,80,80,80,80],"card_choices":[{"not_picked":["expansioncontent:SlimeTackle","Mind Blast"],"picked":"Dark Shackles","floor":0.0},{"not_picked":["Body Slam","Sever Soul","Whirlwind"],"picked":"SKIP","floor":1.0},{"not_picked":["Disarm","Cleave"],"picked":"Headbutt","floor":3.0},{"not_picked":["Sword Boomerang","Dropkick"],"picked":"Twin Strike","floor":5.0},{"not_picked":["True Grit","Feel No Pain"],"picked":"Armaments","floor":7.0},{"not_picked":["Anger","Rupture"],"picked":"Pommel Strike","floor":8.0},{"not_picked":["Uppercut","Shrug It Off"],"picked":"Cleave","floor":14.0},{"not_picked":["Corruption","Impervious"],"picked":"Feed","floor":16.0},{"not_picked":["Twin Strike","Perfected Strike"],"picked":"Thunderclap+1","floor":18.0},{"not_picked":["Twin Strike+1","Whirlwind"],"picked":"Iron Wave","floor":20},{"not_picked":["Warcry","Blood for Blood"],"picked":"Battle Trance+1","floor":22}],"player_experience":1853,"relics_obtained":[{"floor":8.0,"key":"Oddly Smooth Stone"},{"floor":9.0,"key":"Blood Vial"},{"floor":12.0,"key":"Bottled Flame"},{"floor":21,"key":"Necronomicon"}],"event_choices":[{"cards_removed":["Defend_R"],"damage_healed":0.0,"max_hp_gain":0.0,"max_hp_loss":0.0,"gold_gain":0.0,"event_name":"NoteForYourself","player_choice":"Took Card","floor":2.0,"gold_loss":0.0,"damage_taken":0.0,"cards_obtained":["Iron Wave"]},{"damage_healed":0.0,"max_hp_gain":0.0,"max_hp_loss":0.0,"gold_gain":0.0,"event_name":"Big Fish","player_choice":"Box","floor":4.0,"gold_loss":0.0,"damage_taken":0.0,"relics_obtained":["MawBank"],"cards_obtained":["Regret"]},{"damage_healed":0.0,"max_hp_gain":0.0,"max_hp_loss":6.0,"gold_gain":0.0,"event_name":"Golden Idol","player_choice":"Lose Max HP","floor":10.0,"gold_loss":0.0,"damage_taken":0.0,"relics_obtained":["Golden Idol"]},{"damage_healed":0.0,"max_hp_gain":0.0,"max_hp_loss":0.0,"gold_gain":0.0,"event_name":"Shining Light","player_choice":"Entered Light","floor":11.0,"gold_loss":0.0,"damage_taken":15.0,"cards_upgraded":["Strike_R","Bash"]},{"damage_healed":0.0,"max_hp_gain":0.0,"max_hp_loss":0.0,"gold_gain":0.0,"event_name":"The Mausoleum","player_choice":"Opened","floor":19.0,"gold_loss":0.0,"damage_taken":0.0,"relics_obtained":["Juzu Bracelet"],"cards_obtained":["Writhe"]},{"damage_healed":0,"gold_gain":0,"player_choice":"Obtained Book","damage_taken":16,"max_hp_gain":0,"max_hp_loss":0,"event_name":"Cursed Tome","floor":21,"gold_loss":0}],"is_beta":false,"boss_relics":[{"not_picked":["Snecko Eye","Runic Cube"],"picked":"Black Blood"}],"items_purged_floors":[],"is_endless":false,"potions_floor_spawned":[1,3,7,8,16],"killed_by":"Book of Stabbing","ascension_level":0}}