{"host":"h4lp0eeso8a0ssq0","time":1610164489,"event":{"mods":["2.2 Compatiblity","AchievementEnabler","BaseMod","CapriCore","Colored Map","Minty Spire (QoL Compilation)","StSLib","SuperFastMode"],"gold_per_floor":[117,117,136,154,154,181,197,197,220,220,240,270,281,300,300,402,402,419,435,455,470,395,395,405,405,405,418,418,435,186,133,133,133,133],"floor_reached":33,"playtime":909,"items_purged":["Strike_R"],"score":327,"play_id":"45604237-66f5-49cf-bafc-929c24637f1c","local_time":"20210109125449","is_ascension_mode":true,"campfire_choices":[{"data":"Perfected Strike","floor":8.0,"key":"SMITH"},{"data":"Body Slam","floor":10.0,"key":"SMITH"},{"floor":15.0,"key":"REST"},{"data":"Shockwave","floor":23.0,"key":"SMITH"},{"floor":25.0,"key":"REST"},{"data":"Corruption","floor":32.0,"key":"SMITH"}],"circlet_count":0,"master_deck":["Strike_R+1","Strike_R","Strike_R","Strike_R","Defend_R+1","Defend_R","Defend_R","Defend_R","Bash","Disarm","Hemokinesis","Pommel Strike","Body Slam+1","Perfected Strike+1","Twin Strike","Shockwave+1","True Grit","Second Wind","Corruption+1","Burning Pact","Feel No Pain","Pommel Strike","Perfected Strike+1","Pommel Strike","Pommel Strike+1"],"relics":["Burning Blood","Bird Faced Urn","Omamori","Strawberry","Bag of Preparation","Sozu","Self Forming Clay","Molten Egg 2"],"acts_visited":["Exordium","TheCity"],"potions_floor_usage":[33],"damage_taken":[{"damage":9.0,"enemies":"Jaw Worm","floor":1.0,"turns":4.0},{"damage":8.0,"enemies":"Small Slimes","floor":3.0,"turns":4.0},{"damage":2.0,"enemies":"Cultist","floor":4.0,"turns":3.0},{"damage":42.0,"enemies":"Lagavulin","floor":6.0,"turns":8.0},{"damage":14.0,"enemies":"Looter","floor":7.0,"turns":3.0},{"damage":11.0,"enemies":"Red Slaver","floor":11.0,"turns":3.0},{"damage":7.0,"enemies":"3 Sentries","floor":12.0,"turns":3.0},{"damage":2.0,"enemies":"3 Louse","floor":13.0,"turns":3.0},{"damage":6.0,"enemies":"Exordium Thugs","floor":14.0,"turns":3.0},{"damage":16.0,"enemies":"Slime Boss","floor":16.0,"turns":9.0},{"damage":18.0,"enemies":"Spheric Guardian","floor":18.0,"turns":4.0},{"damage":6.0,"enemies":"2 Thieves","floor":19.0,"turns":4.0},{"damage":34.0,"enemies":"Centurion and Healer","floor":20.0,"turns":5.0},{"damage":25.0,"enemies":"Chosen and Byrds","floor":21.0,"turns":6.0},{"damage":24.0,"enemies":"Snake Plant","floor":24.0,"turns":4.0},{"damage":8.0,"enemies":"Snecko","floor":27.0,"turns":4.0},{"damage":11.0,"enemies":"Centurion and Healer","floor":29.0,"turns":5.0},{"damage":63,"enemies":"Champ","floor":33,"turns":6}],"seed_played":"5076114015979593823","potions_obtained":[{"floor":4.0,"key":"Explosive Potion"},{"floor":6.0,"key":"Strength Potion"},{"floor":7.0,"key":"AttackPotion"},{"floor":14.0,"key":"BlessingOfTheForge"}],"is_trial":false,"path_per_floor":["M","?","M","M","?","E","M","R","T","R","M","E","M","M","R","B",null,"M","M","M","M","$","R","M","R","T","M","?","M","$","$","R","B"],"character_chosen":"IRONCLAD","items_purchased":["Molten Egg 2","Pommel Strike+1"],"campfire_rested":2,"item_purchase_floors":[30,31],"current_hp_per_floor":[69,55,53,57,62,26,18,18,25,25,20,19,23,23,48,38,84,72,72,46,31,31,31,15,40,40,42,42,41,41,41,41,0,0],"gold":133,"neow_bonus":"ONE_RARE_RELIC","is_daily":false,"chose_seed":false,"campfire_upgraded":4,"win_rate":0.0,"timestamp":1610164489,"path_taken":["M","?","M","M","?","E","M","R","T","R","M","E","M","M","R","BOSS","M","M","M","M","$","R","M","R","T","M","?","M","?","$","R","BOSS"],"items_purchased_type":["Relic","Card"],"build_version":"2020-12-22","purchased_purges":1,"victory":false,"max_hp_per_floor":[72,72,72,72,77,77,77,77,84,84,84,84,84,84,84,84,84,84,84,84,84,84,84,84,84,84,84,84,84,84,84,84,84,84],"card_choices":[{"not_picked":["Heavy Blade","Flex"],"picked":"Disarm","floor":1.0},{"not_picked":["Heavy Blade","Havoc"],"picked":"Hemokinesis","floor":3.0},{"not_picked":["Havoc","Entrench"],"picked":"Pommel Strike","floor":4.0},{"not_picked":["Pommel Strike","Intimidate"],"picked":"Body Slam","floor":6.0},{"not_picked":["Whirlwind","Cleave"],"picked":"Perfected Strike","floor":7.0},{"not_picked":["True Grit","Wild Strike"],"picked":"Twin Strike","floor":11.0},{"not_picked":["Anger","Twin Strike"],"picked":"Shockwave","floor":12.0},{"not_picked":["Havoc","Limit Break"],"picked":"True Grit","floor":13.0},{"not_picked":["Clash","Clothesline"],"picked":"Second Wind","floor":14.0},{"not_picked":["Berserk","Limit Break"],"picked":"Corruption","floor":16.0},{"not_picked":["Pummel","Entrench+1"],"picked":"Burning Pact","floor":18.0},{"not_picked":["Rampage","Warcry+1","Thunderclap"],"picked":"SKIP","floor":19.0},{"not_picked":["Body Slam","Sword Boomerang"],"picked":"Feel No Pain","floor":20.0},{"not_picked":["Disarm","Rampage"],"picked":"Pommel Strike","floor":21.0},{"not_picked":["Warcry","Searing Blow","Inflame"],"picked":"SKIP","floor":24.0},{"not_picked":["Havoc","Armaments+1"],"picked":"Perfected Strike+1","floor":27.0},{"not_picked":["Shrug It Off","Bludgeon"],"picked":"Pommel Strike","floor":29.0}],"player_experience":108548,"relics_obtained":[{"floor":6.0,"key":"Omamori"},{"floor":9.0,"key":"Strawberry"},{"floor":12.0,"key":"Bag of Preparation"},{"floor":26.0,"key":"Self Forming Clay"}],"event_choices":[{"damage_healed":0.0,"max_hp_gain":0.0,"max_hp_loss":0.0,"gold_gain":0.0,"event_name":"Shining Light","player_choice":"Entered Light","floor":2.0,"gold_loss":0.0,"damage_taken":14.0,"cards_upgraded":["Strike_R","Defend_R"]},{"damage_healed":0.0,"max_hp_gain":5.0,"max_hp_loss":0.0,"gold_gain":0.0,"event_name":"Big Fish","player_choice":"Donut","floor":5.0,"gold_loss":0.0,"damage_taken":0.0},{"damage_healed":0.0,"max_hp_gain":0.0,"max_hp_loss":0.0,"gold_gain":0.0,"event_name":"Lab","player_choice":"Got Potions","floor":28.0,"gold_loss":0.0,"damage_taken":0.0}],"is_beta":false,"boss_relics":[{"not_picked":["SacredBark","Snecko Eye"],"picked":"Sozu"}],"items_purged_floors":[22],"is_endless":false,"potions_floor_spawned":[4,6,7,14,18,20,24],"killed_by":"Champ","ascension_level":3}}