{"host":"h23hlq20ir8sps7h","time":1610161308,"event":{"mods":["Act Like it!","Aspiration","BaseMod","BetterRewards","Colored Map","Conspire","Energized Spire","Friendly Minions","GifTheSpireLib","Halation","Hubris","Ironclad Rager","Minty Spire (QoL Compilation)","Permanent Neow","Prisma Mod","Quarter Circle Forward PUNCH!","Quick Restart","Railgun Mod","Remilia??????","Replay The Spire","SCP261 Mod","Shop Mod","Spikes Relics","StSLib","Stuff the Spire","The Animator","The Hierophant","The Problem Sleuth","The Runesmith","The Sage","Trackpad","Wandering Minibosses","vexMod"],"gold_per_floor":[112,126,126,8,8,8,42,42,122,157,157,172,172,204,204,307,307,323,375,129,147,160,160,160],"floor_reached":23,"playtime":2643,"items_purged":["PrismaMod:ChloeCommonDefend"],"score":217,"play_id":"14baf780-c780-47f4-9e6b-062d772ba8e0","local_time":"20210108190148","is_ascension_mode":true,"campfire_choices":[{"floor":6,"key":"RECALL"},{"data":"Runesmith:Grindstone","floor":8,"key":"SMITH"},{"data":"ReplayTheSpireMod:Armaments MK-II-B","floor":13,"key":"SMITH"},{"data":"ReplayTheSpireMod:Armaments MK-II-B","floor":15,"key":"SMITH"}],"circlet_count":0,"master_deck":["PrismaMod:ChloeCommonAttack","PrismaMod:ChloeCommonAttack","PrismaMod:ChloeCommonAttack","PrismaMod:ChloeCommonAttack","PrismaMod:ChloeCommonDefend","PrismaMod:ChloeCommonDefend+1","PrismaMod:ChloeCommonDefend","PrismaMod:ChloeCommonDefend+1","PrismaMod:ChloeCheapAttack","PrismaMod:ChloeCheapDefend","Runesmith:Grindstone+1","ReplayTheSpireMod:Armaments MK-II-B+1","Runesmith:Fortify","Headbutt","ReplayTheSpireMod:Armaments MK-II-B+1","Headbutt","Runesmith:Fortify","PrismaMod:ChloeAnyRareTrace","PrismaMod:ChloeRhongomyniad+1","Reforge","PrismaMod:ChloeExcalibur","PrismaMod:ChloeHalloween"],"relics":["PrismaMod:PrismaTraceOn","aspiration:Nostalgia","m_RuneBlood","Bag of Preparation","qcfpunch:Red_Beret","aspiration:HummingbirdHeart","Prayer Wheel","StuffTheSpire:NeowsTribute","hubris:Backtick","StuffTheSpire:DarkSteelAnvil","War Paint"],"acts_visited":["Exordium","TheCity"],"potions_floor_usage":[],"damage_taken":[{"damage":1,"enemies":"Small Slimes","floor":1,"turns":3},{"damage":2,"enemies":"Jaw Worm","floor":2,"turns":4},{"damage":1,"enemies":"Lagavulin","floor":7,"turns":11},{"damage":3,"enemies":"Replay:BlueRogue","floor":10,"turns":10},{"damage":0,"enemies":"2 Louse","floor":12,"turns":2},{"damage":3,"enemies":"3 Sentries","floor":14,"turns":9},{"damage":15,"enemies":"The Guardian","floor":16,"turns":12},{"damage":3,"enemies":"Shell Parasite","floor":18,"turns":11},{"damage":0,"enemies":"2 Thieves","floor":21,"turns":4},{"damage":0,"enemies":"3 Cultists","floor":22,"turns":6},{"damage":79,"enemies":"Book of Stabbing","floor":23,"turns":10}],"seed_played":"5841585168148425854","potions_obtained":[{"floor":10,"key":"BlessingOfTheForge"},{"floor":12,"key":"SCP261:BarrettColaPotion"},{"floor":16,"key":"Energy Potion"}],"is_trial":false,"path_per_floor":["M","M","$","?","$","R","E","R","T","E","?","M","R","E","R","B",null,"M","T","$","M","M","E"],"character_chosen":"CHLOE","items_purchased":["Reforge"],"campfire_rested":0,"item_purchase_floors":[20],"current_hp_per_floor":[75,75,75,75,75,75,75,75,75,75,75,75,75,75,75,63,75,75,75,75,75,75,0,0],"gold":160,"neow_bonus":"NOSTALGIA","is_daily":false,"chose_seed":false,"campfire_upgraded":3,"win_rate":0.0,"timestamp":1610161308,"path_taken":["M","M","$","?","?","R","E","R","T","E","?","M","R","E","R","BOSS","M","?","$","M","M","E"],"items_purchased_type":["Card"],"build_version":"2020-12-22","purchased_purges":1,"victory":false,"max_hp_per_floor":[75,75,75,75,75,75,75,75,75,75,75,75,75,75,75,75,75,75,75,75,75,75,75,75],"card_choices":[{"not_picked":["Bash","PrismaMod:ChloeDiscardRecovery"],"picked":"Runesmith:Grindstone","floor":1},{"not_picked":["PrismaMod:ChloeBetterTracePools","PrismaMod:ChloeCheapAttack"],"picked":"ReplayTheSpireMod:Armaments MK-II-B","floor":2},{"not_picked":["Perfected Strike","PrismaMod:ChloeHalloween"],"picked":"Runesmith:Fortify","floor":7},{"not_picked":["PrismaMod:ChloeMaid","Runesmith:ShiftingStrike"],"picked":"Headbutt","floor":10},{"not_picked":["PrismaMod:ChloeExhaustOne","PrismaMod:ChloeDiscardRecovery"],"picked":"Headbutt","floor":12},{"not_picked":["PrismaMod:ChloeBetterTracePools","Bash"],"picked":"Runesmith:Fortify","floor":14},{"not_picked":["PrismaMod:ChloeAnyUncommonTrace","PrismaMod:ChloeDoubleRelicSpeed"],"picked":"PrismaMod:ChloeAnyRareTrace","floor":16},{"not_picked":["PrismaMod:ChloeCheapAttack","PrismaMod:ChloeEyeOfTheEuryale"],"picked":"PrismaMod:ChloeRhongomyniad+1","floor":18},{"not_picked":["PrismaMod:ChloeDemonicTutor","PrismaMod:ChloeCheapDefend","PrismaMod:ChloeCommonAOEAttack"],"picked":"SKIP","floor":18},{"not_picked":["PrismaMod:ChloeCheapDefendTwo","PrismaMod:ChloeUncommonAttack","PrismaMod:ChloeCheapAttack"],"picked":"SKIP","floor":21},{"not_picked":["PrismaMod:ChloeRhongomyniad","PrismaMod:ChloeExhaustOne","PrismaMod:ChloeCheapDefend"],"picked":"SKIP","floor":21},{"not_picked":["PrismaMod:ChloeCheapAttack+1","PrismaMod:ChloeCheapAttackTwo"],"picked":"PrismaMod:ChloeExcalibur","floor":22},{"not_picked":["PrismaMod:ChloeCheapAttackTwo","PrismaMod:ChloeCheapDefendTwo"],"picked":"PrismaMod:ChloeHalloween","floor":22}],"player_experience":260766,"relics_obtained":[{"floor":7,"key":"qcfpunch:Red_Beret"},{"floor":10,"key":"aspiration:HummingbirdHeart"},{"floor":14,"key":"StuffTheSpire:NeowsTribute"},{"floor":19,"key":"War Paint"}],"event_choices":[{"damage_healed":0,"gold_gain":0,"player_choice":"Paid Gold","damage_taken":0,"relics_obtained":["Bag of Preparation"],"max_hp_gain":0,"max_hp_loss":0,"event_name":"WeMeetAgain","floor":4,"gold_loss":118},{"damage_healed":0,"gold_gain":0,"cards_transformed":["PrismaMod:ChloeCommonAttack"],"player_choice":"Transformed","damage_taken":0,"max_hp_gain":0,"max_hp_loss":0,"event_name":"Transmorgrifier","floor":11,"gold_loss":0,"cards_obtained":["ReplayTheSpireMod:Armaments MK-II-B"]}],"is_beta":false,"boss_relics":[{"not_picked":["trackpad:Trackpad","Ring of Chaos"],"picked":"hubris:Backtick"}],"items_purged_floors":[20],"is_endless":false,"potions_floor_spawned":[10,12,16,21],"killed_by":"Book of Stabbing","ascension_level":1}}