{"host":"qbnk2vkaq38efxaz","time":1610234423,"event":{"mods":["BaseMod","Minty Spire (QoL Compilation)","Relic Stats"],"gold_per_floor":[111,128,128,140,140,172,172,190,190,190,190,207,217,233,233,328,328,338,352,363,363,382,407,424,424,470,504,454,470,357,357,357,454,454,464,482,392,68,85,114,114,133,133,150,184,204,235,285,285,285],"floor_reached":51,"playtime":5343,"items_purged":["Pain","Strike_P"],"score":883,"play_id":"387b0106-686a-4d5c-a411-a1950e60fb4c","local_time":"20210109152023","is_ascension_mode":false,"campfire_choices":[{"data":"Adaptation","floor":7,"key":"SMITH"},{"data":"TalkToTheHand","floor":11,"key":"SMITH"},{"data":"Eruption","floor":15,"key":"SMITH"},{"data":"J.A.X.","floor":25,"key":"SMITH"},{"data":"Tantrum","floor":32,"key":"SMITH"},{"data":"Devotion","floor":41,"key":"SMITH"},{"data":"TalkToTheHand","floor":49,"key":"SMITH"}],"circlet_count":0,"master_deck":["Defend_P+1","Defend_P+1","Defend_P+1","Defend_P+1","Eruption+1","EmptyFist","FlurryOfBlows","FearNoEvil","Adaptation+1","TalkToTheHand+1","EmptyFist","CutThroughFate","TalkToTheHand","Devotion+1","Consecrate+1","Prostrate+1","Indignation+1","J.A.X.+1","ThirdEye+1","Pray+1","Fasting2+1","FlurryOfBlows","CutThroughFate+1","Tantrum+1","Brilliance","FlyingSleeves+1","TalkToTheHand+1","Wallop","CutThroughFate+1","Pray+1","Injury","Vengeance+1"],"relics":["PureWater","NeowsBlessing","Kunai","Thread and Needle","NlothsMask","Cursed Key","White Beast Statue","War Paint","Empty Cage","Anchor","Pear","Ginger","Ornamental Fan","GoldenEye","Calipers"],"acts_visited":["Exordium","TheCity","TheBeyond"],"potions_floor_usage":[18,23,27,27,33,40,40,44,45,50,50],"damage_taken":[{"damage":0,"enemies":"2 Louse","floor":1,"turns":1},{"damage":0,"enemies":"Jaw Worm","floor":2,"turns":1},{"damage":0,"enemies":"Small Slimes","floor":4,"turns":1},{"damage":0,"enemies":"Gremlin Nob","floor":6,"turns":3},{"damage":0,"enemies":"Gremlin Gang","floor":8,"turns":3},{"damage":0,"enemies":"Blue Slaver","floor":12,"turns":3},{"damage":0,"enemies":"Large Slime","floor":13,"turns":4},{"damage":2,"enemies":"Exordium Thugs","floor":14,"turns":4},{"damage":13,"enemies":"Hexaghost","floor":16,"turns":10},{"damage":3,"enemies":"2 Thieves","floor":18,"turns":5},{"damage":0,"enemies":"Chosen","floor":19,"turns":3},{"damage":0,"enemies":"Snake Plant","floor":20,"turns":5},{"damage":3,"enemies":"Cultist and Chosen","floor":22,"turns":4},{"damage":3,"enemies":"Slavers","floor":23,"turns":2},{"damage":3,"enemies":"3 Cultists","floor":24,"turns":4},{"damage":1,"enemies":"Book of Stabbing","floor":27,"turns":5},{"damage":15,"enemies":"Centurion and Healer","floor":29,"turns":4},{"damage":40,"enemies":"Automaton","floor":33,"turns":5},{"damage":0,"enemies":"3 Shapes","floor":35,"turns":2},{"damage":3,"enemies":"Orb Walker","floor":36,"turns":4},{"damage":0,"enemies":"Jaw Worm Horde","floor":39,"turns":4},{"damage":3,"enemies":"Reptomancer","floor":40,"turns":5},{"damage":3,"enemies":"Writhing Mass","floor":42,"turns":4},{"damage":0,"enemies":"Sphere and 2 Shapes","floor":44,"turns":3},{"damage":21,"enemies":"Nemesis","floor":45,"turns":5},{"damage":0,"enemies":"4 Shapes","floor":46,"turns":3},{"damage":0,"enemies":"Giant Head","floor":47,"turns":5},{"damage":3,"enemies":"Mind Bloom Boss Battle","floor":48,"turns":3},{"damage":23,"enemies":"Donu and Deca","floor":50,"turns":6}],"seed_played":"-2650385284657226504","potions_obtained":[{"floor":1,"key":"PowerPotion"},{"floor":6,"key":"FearPotion"},{"floor":14,"key":"Ambrosia"},{"floor":19,"key":"Dexterity Potion"},{"floor":20,"key":"EssenceOfSteel"},{"floor":24,"key":"FearPotion"},{"floor":27,"key":"Dexterity Potion"},{"floor":29,"key":"DuplicationPotion"},{"floor":33,"key":"LiquidBronze"},{"floor":35,"key":"StancePotion"},{"floor":36,"key":"SteroidPotion"},{"floor":40,"key":"GamblersBrew"},{"floor":42,"key":"Block Potion"},{"floor":44,"key":"Block Potion"},{"floor":45,"key":"PowerPotion"},{"floor":46,"key":"Strength Potion"},{"floor":48,"key":"Ambrosia"}],"is_trial":false,"path_per_floor":["M","M","?","M","?","E","R","M","T","?","R","M","M","M","R","B",null,"M","M","M","?","M","E","M","R","T","E","?","M","$","?","R","B",null,"M","M","?","$","M","E","R","M","T","M","E","M","E","?","R","B",null],"character_chosen":"WATCHER","items_purchased":["Tantrum","Anchor","Wallop"],"campfire_rested":0,"item_purchase_floors":[30,38,38],"current_hp_per_floor":[72,72,58,58,55,55,55,55,55,55,55,55,55,53,53,40,72,69,69,69,69,66,63,60,60,60,59,59,44,44,44,44,4,72,72,69,69,69,69,76,76,73,73,73,52,52,52,49,49,26],"gold":285,"neow_bonus":"THREE_ENEMY_KILL","is_daily":false,"chose_seed":false,"campfire_upgraded":7,"win_rate":0.0,"timestamp":1610234423,"path_taken":["M","M","?","M","?","E","R","M","T","?","R","?","M","M","R","BOSS","M","M","M","?","M","E","M","R","T","E","?","?","$","?","R","BOSS","M","?","?","$","M","E","R","M","T","M","E","?","E","?","R","BOSS"],"items_purchased_type":["Card","Relic","Card"],"build_version":"2020-12-22","purchased_purges":2,"victory":true,"max_hp_per_floor":[72,72,72,72,72,72,72,72,72,72,72,72,72,72,72,72,72,72,72,72,72,72,72,72,72,72,72,72,72,72,72,72,72,72,72,72,72,72,72,82,82,82,82,82,82,82,82,82,82,82],"relic_stats":{"counters":[29,111],"Ornamental Fan":[52],"Kunai":[82],"Ginger":[2],"War Paint":["Defend_P","Defend_P"],"Cursed Key":2,"GoldenEye":[14],"obtain_stats":[{"Pear":40,"Calipers":48,"NeowsBlessing":0,"Thread and Needle":6,"Ginger":43,"War Paint":27,"Cursed Key":17,"Empty Cage":34,"GoldenEye":47,"White Beast Statue":23,"Anchor":38,"Ornamental Fan":45,"Kunai":5,"PureWater":0,"NlothsMask":10},{"Pear":22,"Calipers":28,"NeowsBlessing":0,"Thread and Needle":4,"Ginger":23,"War Paint":16,"Cursed Key":9,"Empty Cage":18,"GoldenEye":27,"White Beast Statue":14,"Anchor":20,"Ornamental Fan":25,"Kunai":3,"PureWater":0,"NlothsMask":5},{"Pear":82,"Calipers":105,"NeowsBlessing":0,"Thread and Needle":6,"Ginger":86,"War Paint":58,"Cursed Key":30,"Empty Cage":67,"GoldenEye":102,"White Beast Statue":49,"Anchor":73,"Ornamental Fan":94,"Kunai":3,"PureWater":0,"NlothsMask":9}]},"card_choices":[{"not_picked":["CarveReality","Tantrum"],"picked":"EmptyFist","floor":1},{"not_picked":["Consecrate","BowlingBash"],"picked":"FlurryOfBlows","floor":2},{"not_picked":["Consecrate","FollowUp"],"picked":"FearNoEvil","floor":4},{"not_picked":["EmptyBody","Brilliance"],"picked":"Adaptation","floor":6},{"not_picked":["ClearTheMind","ThirdEye"],"picked":"TalkToTheHand","floor":8},{"not_picked":["ClearTheMind","Prostrate"],"picked":"EmptyFist","floor":12},{"not_picked":["FlyingSleeves","Halt"],"picked":"CutThroughFate","floor":13},{"not_picked":["PathToVictory","CarveReality"],"picked":"TalkToTheHand","floor":14},{"not_picked":["Brilliance","Blasphemy"],"picked":"Devotion","floor":16},{"not_picked":["SignatureMove","Halt+1"],"picked":"Consecrate+1","floor":18},{"not_picked":["SignatureMove","Protect"],"picked":"Prostrate+1","floor":19},{"not_picked":["CrushJoints","Evaluate"],"picked":"Indignation+1","floor":20},{"not_picked":["ClearTheMind","Indignation"],"picked":"ThirdEye+1","floor":22},{"not_picked":["SandsOfTime+1","Prostrate"],"picked":"Pray+1","floor":23},{"not_picked":["DeusExMachina","Indignation"],"picked":"Fasting2+1","floor":24},{"not_picked":["CutThroughFate","Collect"],"picked":"FlurryOfBlows","floor":27},{"not_picked":["Collect","Meditate"],"picked":"CutThroughFate","floor":29},{"not_picked":["Ragnarok","Blasphemy"],"picked":"Brilliance","floor":33},{"not_picked":["BowlingBash","EmptyBody"],"picked":"FlyingSleeves+1","floor":35},{"not_picked":["Indignation+1","JustLucky+1"],"picked":"TalkToTheHand","floor":36},{"not_picked":["Perseverance","ClearTheMind+1"],"picked":"CutThroughFate+1","floor":39},{"not_picked":["Evaluate","Ragnarok","ReachHeaven"],"picked":"SKIP","floor":40},{"not_picked":["Vengeance+1","Crescendo"],"picked":"Pray+1","floor":42},{"not_picked":["Pray+1","PathToVictory+1","SashWhip+1"],"picked":"SKIP","floor":44},{"not_picked":["FlyingSleeves","Indignation+1","JustLucky"],"picked":"SKIP","floor":45},{"not_picked":["Sanctity+1","Fasting2","Protect"],"picked":"SKIP","floor":46},{"not_picked":["ThirdEye","ReachHeaven"],"picked":"Vengeance+1","floor":47}],"player_experience":123364,"relics_obtained":[{"floor":6,"key":"Thread and Needle"},{"floor":23,"key":"White Beast Statue"},{"floor":27,"key":"War Paint"},{"floor":40,"key":"Pear"},{"floor":43,"key":"Ginger"},{"floor":45,"key":"Ornamental Fan"},{"floor":47,"key":"GoldenEye"},{"floor":48,"key":"Calipers"}],"event_choices":[{"damage_healed":0,"gold_gain":0,"player_choice":"Entered Light","damage_taken":14,"max_hp_gain":0,"max_hp_loss":0,"event_name":"Shining Light","floor":3,"gold_loss":0,"cards_upgraded":["Defend_P","Defend_P"]},{"damage_healed":0,"gold_gain":0,"player_choice":"Success","damage_taken":3,"relics_obtained":["Kunai"],"max_hp_gain":0,"max_hp_loss":0,"event_name":"Scrap Ooze","floor":5,"gold_loss":0},{"damage_healed":0,"gold_gain":0,"player_choice":"Trade","damage_taken":0,"relics_obtained":["NlothsMask"],"max_hp_gain":0,"max_hp_loss":0,"event_name":"FaceTrader","floor":10,"gold_loss":0},{"damage_healed":0,"gold_gain":0,"player_choice":"Obtain J.A.X.","damage_taken":0,"max_hp_gain":0,"max_hp_loss":0,"event_name":"Drug Dealer","floor":21,"gold_loss":0,"cards_obtained":["J.A.X."]},{"damage_healed":0,"gold_gain":0,"player_choice":"Bet on Murderer","damage_taken":0,"max_hp_gain":0,"max_hp_loss":0,"event_name":"The Joust","floor":28,"gold_loss":50},{"cards_removed":["Vigilance"],"damage_healed":0,"gold_gain":0,"player_choice":"Offered Basic","damage_taken":0,"max_hp_gain":0,"max_hp_loss":0,"event_name":"Bonfire Elementals","floor":31,"gold_loss":0},{"cards_removed":["Strike_P"],"damage_healed":0,"gold_gain":0,"player_choice":"Upgrade and Remove","damage_taken":0,"max_hp_gain":0,"max_hp_loss":0,"event_name":"Designer","floor":37,"gold_loss":90,"cards_upgraded":["CutThroughFate"]},{"damage_healed":0,"gold_gain":0,"player_choice":"Fight","damage_taken":0,"max_hp_gain":0,"max_hp_loss":0,"event_name":"MindBloom","floor":48,"gold_loss":0}],"is_beta":false,"boss_relics":[{"not_picked":["Astrolabe","Tiny House"],"picked":"Cursed Key"},{"not_picked":["Philosopher\u0027s Stone","Black Star"],"picked":"Empty Cage"}],"items_purged_floors":[30,38],"is_endless":false,"potions_floor_spawned":[1,6,14,19,20,24,27,29,33,35,36,39,40,42,44,45,46,47,48],"ascension_level":0}}