{"host":"tjicewryrzew529r","time":1610198058,"event":{"mods":["AchievementEnabler","BaseMod","Block Reminder","Colored Map","Downfall","Highlight Path","Minty Spire (QoL Compilation)","StSLib"],"gold_per_floor":[99,111,121,23,43,78,127,145,165,4,4,21,21,59,81,192,192,117,133,52,71,65,65,92,111,36,56,95,108,108,108,123,232,232,232,256,283,305,321,321,321,383,402,327,228,228,254,354,372,372,372,372,372,372],"floor_reached":52,"playtime":3534,"items_purged":["Slimebound:Strike_Slimebound","Slimebound:Strike_Slimebound"],"score":785,"play_id":"e685b527-820c-40a3-a4d2-8278319157b1","local_time":"20210109211418","is_ascension_mode":true,"campfire_choices":[{"data":"Slimebound:Split","floor":1.0,"key":"SMITH"},{"data":"Slimebound:FirmFortitude","floor":13.0,"key":"SMITH"},{"floor":18.0,"key":"RECALL"},{"data":"Slimebound:ComboTackle","floor":23.0,"key":"SMITH"},{"data":"Slimebound:LeadByExample","floor":26.0,"key":"SMITH"},{"data":"Slimebound:Teamwork","floor":30.0,"key":"SMITH"},{"data":"Slimebound:DouseInSlime","floor":35.0,"key":"SMITH"},{"data":"Slimebound:Teamwork","floor":40,"key":"SMITH"},{"data":"Slimebound:CorrosiveSpit","floor":44,"key":"SMITH"},{"data":"expansioncontent:DecasProtection","floor":46,"key":"SMITH"}],"circlet_count":0,"master_deck":["Slimebound:Strike_Slimebound","Slimebound:Tackle","Slimebound:Defend_Slimebound","Slimebound:Defend_Slimebound","Slimebound:Defend_Slimebound","Slimebound:Defend_Slimebound","Slimebound:Split+1","Slimebound:CorrosiveSpit+1","Slimebound:FirmFortitude+1","Slimebound:ComboTackle+1","Slimebound:Teamwork+1","Bandage Up","Slimebound:Teamwork+1","Slimebound:HungryTackle","Slimebound:BestDefense","Slimebound:Repurpose","Slimebound:LeadByExample+1","Slimebound:Overexert","Slimebound:FirmFortitude","Slimebound:SamplingLick+1","Slimebound:Overexert","Slimebound:SamplingLick+1","Slimebound:GoopTackle+1","Slimebound:BestDefense","Slimebound:DouseInSlime+1","Slimebound:SplitAcid","Slimebound:LivingWall+1","Slimebound:Equalize+1","Slimebound:HungryTackle+1","Slimebound:Chomp","expansioncontent:DecasProtection+1"],"relics":["Slimebound:AbsorbEndCombat","MealTicket","Oddly Smooth Stone","Happy Flower","Lee\u0027s Waffle","CeramicFish","Slimebound:TarBlob","downfall:HeartBlessingGreen","Slimebound:AggressiveSlimeRelic","downfall:HeartBlessingRed","Blood Vial","Busted Crown","Torii","downfall:HeartBlessingBlue","Shuriken","Nunchaku"],"acts_visited":["Exordium","TheCity","TheBeyond","TheEnding"],"potions_floor_usage":[44],"damage_taken":[{"damage":8.0,"enemies":"Cultist","floor":2.0,"turns":4.0},{"damage":9.0,"enemies":"2 Louse","floor":3.0,"turns":3.0},{"damage":7.0,"enemies":"downfall:FleeingMerchant","floor":4.0,"turns":4.0},{"damage":7.0,"enemies":"Jaw Worm","floor":5.0,"turns":4.0},{"damage":28.0,"enemies":"Gremlin Nob","floor":6.0,"turns":5.0},{"damage":19.0,"enemies":"Large Slime","floor":8.0,"turns":6.0},{"damage":10.0,"enemies":"Exordium Thugs","floor":9.0,"turns":6.0},{"damage":18.0,"enemies":"downfall:FleeingMerchant","floor":10.0,"turns":4.0},{"damage":11.0,"enemies":"Blue Slaver","floor":12.0,"turns":4.0},{"damage":20.0,"enemies":"3 Sentries","floor":14.0,"turns":8.0},{"damage":4.0,"enemies":"Large Slime","floor":15.0,"turns":6.0},{"damage":75.0,"enemies":"downfall:Defect","floor":16.0,"turns":9.0},{"damage":43.0,"enemies":"Spheric Guardian","floor":19.0,"turns":4.0},{"damage":12.0,"enemies":"downfall:FleeingMerchant","floor":20.0,"turns":4.0},{"damage":11.0,"enemies":"3 Cultists","floor":21.0,"turns":6.0},{"damage":17.0,"enemies":"downfall:FleeingMerchant","floor":22.0,"turns":4.0},{"damage":44.0,"enemies":"Cultist and Chosen","floor":25.0,"turns":6.0},{"damage":11.0,"enemies":"Centurion and Healer","floor":27.0,"turns":5.0},{"damage":42.0,"enemies":"Gremlin Leader","floor":28.0,"turns":5.0},{"damage":26.0,"enemies":"Snake Plant","floor":29.0,"turns":3.0},{"damage":6.0,"enemies":"3 Cultists","floor":32.0,"turns":5.0},{"damage":47.0,"enemies":"downfall:Watcher","floor":33.0,"turns":7.0},{"damage":27.0,"enemies":"3 Darklings","floor":36.0,"turns":6.0},{"damage":11,"enemies":"3 Shapes","floor":37,"turns":3},{"damage":47,"enemies":"Transient","floor":38,"turns":5},{"damage":6,"enemies":"Sphere and 2 Shapes","floor":39,"turns":3},{"damage":16,"enemies":"2 Orb Walkers","floor":42,"turns":3},{"damage":46,"enemies":"Spire Growth","floor":43,"turns":5},{"damage":34,"enemies":"downfall:FleeingMerchant","floor":45,"turns":4},{"damage":35,"enemies":"Giant Head","floor":47,"turns":6},{"damage":43,"enemies":"Writhing Mass","floor":49,"turns":4},{"damage":15,"enemies":"downfall:Silent","floor":50,"turns":7},{"damage":101,"enemies":"downfall:CharBossMerchant","floor":52,"turns":7}],"seed_played":"-4562521434184880636","potions_obtained":[{"floor":3.0,"key":"Regen Potion"},{"floor":5.0,"key":"LiquidMemories"},{"floor":12.0,"key":"Dexterity Potion"},{"floor":15.0,"key":"Strength Potion"},{"floor":28.0,"key":"champ:CounterPotion"},{"floor":33.0,"key":"EssenceOfSteel"},{"floor":43,"key":"Fruit Juice"},{"floor":47,"key":"sneckomod:MuddlingPotion"}],"is_trial":false,"path_per_floor":["R","M","M","$","M","E","T","M","M","$","?","M","R","E","M","B",null,"R","M","$","M","$","R","T","M","R","M","E","M","R","?","M","B",null,"R","M","M","M","M","R","T","?","M","R","$","R","E","?","M","B",null,"E"],"character_chosen":"SLIMEBOUND","items_purchased":["Bandage Up","Lee\u0027s Waffle","Slimebound:Chomp","expansioncontent:DecasProtection","Shuriken"],"campfire_rested":0,"item_purchase_floors":[4,10,45,45,45],"current_hp_per_floor":[60,60,57,57,60,42,42,39,51,67,67,62,62,62,67,21,67,67,41,66,67,66,66,66,47,47,62,55,53,53,41,65,50,72,72,72,69,40,56,56,56,68,38,53,64,64,70,70,66,83,87,0,0,0],"gold":372,"neow_bonus":"RANDOM_COMMON_RELIC","is_daily":false,"chose_seed":false,"campfire_upgraded":9,"win_rate":0.0,"timestamp":1610198058,"path_taken":["R","M","M","$","M","E","T","M","M","$","?","?","R","E","M","BOSS","R","M","$","M","$","R","T","M","R","M","E","M","R","?","M","BOSS","R","M","M","M","M","R","T","?","M","R","$","R","E","?","M","BOSS","E"],"items_purchased_type":["Card","Relic","Card","Card","Relic"],"build_version":"2020-12-22","purchased_purges":2,"victory":false,"max_hp_per_floor":[60,60,60,60,60,60,60,60,60,67,67,67,67,67,67,67,67,67,67,67,67,67,67,67,67,67,67,67,67,67,72,72,72,72,72,72,72,72,72,72,72,72,72,87,87,87,87,87,87,87,87,87,87,87],"card_choices":[{"not_picked":["Slimebound:SplitBruiser","Slimebound:RollThrough"],"picked":"Slimebound:FirmFortitude","floor":2.0},{"not_picked":["Slimebound:LeechingTouch","Slimebound:Recollect"],"picked":"Slimebound:ComboTackle","floor":3.0},{"not_picked":["Slimebound:ForwardTackle","Slimebound:GoopSpray"],"picked":"Slimebound:Teamwork","floor":4.0},{"not_picked":["Slimebound:SamplingLick","Slimebound:SlimeSpikes","Slimebound:LeechingTouch"],"picked":"SKIP","floor":5.0},{"not_picked":["Slimebound:SplitMire","Slimebound:SplitBruiser"],"picked":"Slimebound:Teamwork","floor":6.0},{"not_picked":["Slimebound:ViciousTackle","Slimebound:ItLooksTasty"],"picked":"Slimebound:HungryTackle","floor":8.0},{"not_picked":["Slimebound:SplitMire","Slimebound:TongueLash","Slimebound:ProtectTheBoss"],"picked":"SKIP","floor":9.0},{"not_picked":["Slimebound:Nibble","Slimebound:MinionMaster"],"picked":"Slimebound:BestDefense","floor":10.0},{"not_picked":["Slimebound:LeechEnergy","Slimebound:Gluttony","Slimebound:PressTheAttack"],"picked":"SKIP","floor":12.0},{"not_picked":["Slimebound:Replication","Slimebound:PressTheAttack"],"picked":"Slimebound:Repurpose","floor":14.0},{"not_picked":["Slimebound:SplitBruiser","Slimebound:Recollect"],"picked":"Slimebound:LeadByExample","floor":15.0},{"not_picked":["Slimebound:PrepareCrush","Slimebound:SelfFormingGoo"],"picked":"Slimebound:Overexert","floor":16.0},{"not_picked":["Slimebound:SplitLeeching","Slimebound:Schlurp","Slimebound:SplitBruiser+1"],"picked":"SKIP","floor":19.0},{"not_picked":["Slimebound:GoopSpray","Slimebound:DisruptingSlam"],"picked":"Slimebound:FirmFortitude","floor":20.0},{"not_picked":["Slimebound:ComboTackle","Slimebound:TongueLash"],"picked":"Slimebound:SamplingLick+1","floor":21.0},{"not_picked":["Slimebound:ProtectTheBoss+1","Slimebound:ItLooksTasty"],"picked":"Slimebound:Overexert","floor":22.0},{"not_picked":["Slimebound:AcidTongue","Slimebound:DisruptingSlam"],"picked":"Slimebound:SamplingLick+1","floor":25.0},{"not_picked":["Slimebound:FormOfPuddle","Slimebound:SlimeSpikes"],"picked":"Slimebound:GoopTackle+1","floor":27.0},{"not_picked":["Slimebound:Grow+1","Slimebound:SplitMire+1"],"picked":"Slimebound:BestDefense","floor":28.0},{"not_picked":["Slimebound:Dissolve+1","Slimebound:ForwardTackle","Slimebound:FinishingTackle"],"picked":"SKIP","floor":29.0},{"not_picked":["Slimebound:SlimeSpikes","Slimebound:LeechEnergy+1","Slimebound:GrowthPunch"],"picked":"SKIP","floor":32.0},{"not_picked":["Slimebound:SelfFormingGoo","Slimebound:MassFeed"],"picked":"Slimebound:DouseInSlime","floor":33.0},{"not_picked":[],"picked":"Slimebound:SplitAcid","floor":36.0},{"not_picked":[],"picked":"Slimebound:LivingWall+1","floor":37},{"not_picked":[],"picked":"Slimebound:Equalize+1","floor":38},{"not_picked":["Slimebound:LivingWall"],"picked":"SKIP","floor":39},{"not_picked":[],"picked":"Slimebound:HungryTackle+1","floor":42},{"not_picked":["Slimebound:LeechingTouch+1"],"picked":"SKIP","floor":43},{"not_picked":["Slimebound:ViciousTackle"],"picked":"SKIP","floor":45},{"not_picked":["Slimebound:SplitBruiser"],"picked":"SKIP","floor":47},{"not_picked":["Slimebound:SlimeBarrage"],"picked":"SKIP","floor":49}],"player_experience":426025,"relics_obtained":[{"floor":6.0,"key":"Oddly Smooth Stone"},{"floor":7.0,"key":"Happy Flower"},{"floor":14.0,"key":"CeramicFish"},{"floor":24.0,"key":"Slimebound:AggressiveSlimeRelic"},{"floor":28.0,"key":"Blood Vial"},{"floor":42,"key":"Torii"},{"floor":47,"key":"Nunchaku"}],"event_choices":[{"damage_healed":0,"gold_gain":0,"player_choice":"Fight","damage_taken":0,"max_hp_gain":0,"max_hp_loss":0,"event_name":"Mysterious Sphere","floor":42,"gold_loss":0}],"is_beta":false,"boss_relics":[{"not_picked":["Astrolabe","SacredBark"],"picked":"Slimebound:TarBlob"},{"not_picked":["Fusion Hammer","Runic Dome"],"picked":"Busted Crown"}],"items_purged_floors":[20,45],"is_endless":false,"potions_floor_spawned":[3,5,12,15,27,28,29,32,33,38,39,43,47,49],"killed_by":"downfall:CharBossMerchant","ascension_level":2}}