{"host":"o0q01dgb4z8zpo6o","time":1610180563,"event":{"mods":["BaseMod","GifTheSpireLib","Minty Spire (QoL Compilation)","Relic Stats","StSLib"],"gold_per_floor":[119,69,80,90,15,15,40,40,40,60,60,60,85,103,103,103,103],"floor_reached":16,"playtime":346,"items_purged":["Defend_P"],"score":216,"play_id":"ce5f4327-85e8-4f64-84b5-b2edc06ef0cd","local_time":"20210109002243","is_ascension_mode":true,"campfire_choices":[{"data":"WheelKick","floor":6,"key":"SMITH"},{"data":"FlyingSleeves","floor":8,"key":"SMITH"},{"data":"Halt","floor":15,"key":"SMITH"}],"circlet_count":0,"master_deck":["AscendersBane","Strike_P","Strike_P","Strike_P","Defend_P","Defend_P","Defend_P","Eruption","Vigilance+1","WheelKick+1","FlyingSleeves+1","Halt+1","Indignation+1","Tantrum"],"relics":["PureWater","NeowsBlessing","Peace Pipe","Mercury Hourglass","Ancient Tea Set"],"acts_visited":["Exordium"],"potions_floor_usage":[13,13,13],"damage_taken":[{"damage":0,"enemies":"2 Louse","floor":1,"turns":2},{"damage":0,"enemies":"Jaw Worm","floor":3,"turns":1},{"damage":0,"enemies":"Cultist","floor":4,"turns":1},{"damage":37,"enemies":"3 Sentries","floor":7,"turns":6},{"damage":7,"enemies":"Large Slime","floor":10,"turns":2},{"damage":0,"enemies":"Gremlin Nob","floor":13,"turns":2},{"damage":5,"enemies":"Looter","floor":14,"turns":2},{"damage":2,"enemies":"Hexaghost","floor":16,"turns":2}],"seed_played":"-6157134052063459595","potions_obtained":[{"floor":10,"key":"EntropicBrew"}],"is_trial":false,"path_per_floor":["M","?","M","M","$","R","E","R","T","M","?","$","E","M","R","B"],"character_chosen":"WATCHER","items_purchased":[],"campfire_rested":0,"item_purchase_floors":[],"current_hp_per_floor":[65,65,65,65,65,65,28,28,28,21,7,7,7,2,2,0,0],"gold":103,"neow_bonus":"THREE_ENEMY_KILL","is_daily":false,"chose_seed":false,"campfire_upgraded":3,"win_rate":0.0,"timestamp":1610180563,"path_taken":["M","?","M","M","$","R","E","R","T","M","?","?","E","?","R","BOSS"],"items_purchased_type":[],"build_version":"2020-12-22","purchased_purges":1,"victory":false,"max_hp_per_floor":[72,72,72,72,72,72,72,72,72,72,72,72,72,72,72,72,72],"relic_stats":{"Peace Pipe":0,"counters":[8,18],"obtain_stats":[{"Peace Pipe":7,"NeowsBlessing":0,"PureWater":0,"Ancient Tea Set":13,"Mercury Hourglass":9},{"Peace Pipe":4,"NeowsBlessing":0,"PureWater":0,"Ancient Tea Set":6,"Mercury Hourglass":4},{"Peace Pipe":10,"NeowsBlessing":0,"PureWater":0,"Ancient Tea Set":14,"Mercury Hourglass":10}],"Mercury Hourglass":[24]},"card_choices":[{"not_picked":["FollowUp","FlyingSleeves"],"picked":"WheelKick","floor":1},{"not_picked":["Crescendo","CrushJoints"],"picked":"FlyingSleeves","floor":3},{"not_picked":["Consecrate","FlurryOfBlows","ClearTheMind"],"picked":"SKIP","floor":4},{"not_picked":["EmptyBody","Devotion"],"picked":"Halt","floor":7},{"not_picked":["EmptyFist","ClearTheMind"],"picked":"Indignation","floor":10},{"not_picked":["DeceiveReality","Sanctity"],"picked":"Tantrum","floor":13},{"not_picked":["Tantrum","EmptyBody","FearNoEvil"],"picked":"SKIP","floor":14}],"player_experience":1092509,"relics_obtained":[{"floor":7,"key":"Peace Pipe"},{"floor":9,"key":"Mercury Hourglass"},{"floor":13,"key":"Ancient Tea Set"}],"event_choices":[{"cards_removed":["Strike_P"],"damage_healed":0,"gold_gain":0,"player_choice":"Card Removal","damage_taken":0,"max_hp_gain":0,"max_hp_loss":0,"event_name":"The Cleric","floor":2,"gold_loss":50},{"damage_healed":0,"gold_gain":0,"player_choice":"Entered Light","damage_taken":14,"max_hp_gain":0,"max_hp_loss":0,"event_name":"Shining Light","floor":11,"gold_loss":0,"cards_upgraded":["Vigilance","Indignation"]}],"is_beta":false,"boss_relics":[],"items_purged_floors":[5],"is_endless":false,"potions_floor_spawned":[10],"killed_by":"Hexaghost","ascension_level":12}}