{"host":"kv06jx36eid0zw4n","time":1610156399,"event":{"mods":["AchievementEnabler","Act Like it!","Aspiration","BaseMod","Beaked The Cultist","Better Note","Better Skull","Better Third Choice","BetterRewards","Block Reminder","CCEM","Colored Map","Conspire","Curses Come First","Dota2Spire","Elementarium","Energized Spire","Friendly Minions","Gensokyo","GifTheSpireLib","Glutton Mod","GungeonMod","Halation","Hallownest","Hermit","Hubris","Infinite Spire","Key Reminder","KomeijiMod","Lobotomy","LobotomyExtend","Menagerie","Mimic Mod","Minty Spire (QoL Compilation)","MostiFishMod","Pale of the Ancients","Quarter Circle Forward PUNCH!","Rare Cards Sparkle","Replay The Spire","RumiaBox-????????","Small Relic Pack","Spicy Shops","StSLib","Stuff the Spire","The Blue Laboratory","The Cursed","The Factory","Trackpad","Uncapped","Wandering Minibosses","[IsaacMod]????","vexMod"],"gold_per_floor":[213,213,224,2,2,35,35],"floor_reached":6,"playtime":317,"items_purged":["StuffTheSpire:CuriosityCurse"],"score":113,"play_id":"d18fb9af-0837-45c0-8f9a-a986743eff97","local_time":"20210109023959","is_ascension_mode":true,"campfire_choices":[],"circlet_count":0,"master_deck":["AscendersBane","Strike_G","Strike_G","Strike_G","Strike_G","Strike_G","Defend_G","Defend_G","Defend_G","Defend_G","Defend_G","Survivor","Neutralize","EpicFetus","PiercingWail","Infinite Blades"],"relics":["Ring of the Snake","DaveBox","HushsDoor","BirthdayGift-Tetrahedron","SteamSale","SynthV:TestCard","LetterFromLob","Dota2Spire:LinkenSphere","DemoMod:GlassGuonStoneRelic","DemoMod:GnawedKey","Molten Egg 2","relicPack:OneForAll","Snake Skull"],"acts_visited":["Hallownest:Greenpath"],"potions_floor_usage":[],"damage_taken":[{"damage":2,"enemies":"Hallownest:monsterHuskWarrior","floor":1,"turns":2},{"damage":3,"enemies":"Hallownest:2_Tiktiks_and_1_Crawlid","floor":3,"turns":2},{"damage":6,"enemies":"Hallownest:eliteMossKnight","floor":6,"turns":4}],"seed_played":"-2635478466748330967","potions_obtained":[{"floor":6,"key":"DemoMod:LeadSkinPotion"}],"is_trial":false,"path_per_floor":["M","?","M","$","?","E"],"character_chosen":"THE_SILENT","items_purchased":["DemoMod:GnawedKey","Molten Egg 2"],"campfire_rested":0,"item_purchase_floors":[4,4],"current_hp_per_floor":[57,57,54,54,54,48,48],"gold":35,"neow_bonus":"HUNDRED_GOLD","is_daily":false,"chose_seed":false,"campfire_upgraded":0,"win_rate":0.0,"timestamp":1610156399,"path_taken":["M","?","M","$","?","E"],"items_purchased_type":["Relic","Relic"],"build_version":"2020-12-22","purchased_purges":1,"victory":false,"max_hp_per_floor":[66,66,66,66,66,66,66],"card_choices":[{"not_picked":[],"picked":"EpicFetus","floor":0},{"not_picked":["ReplayTheSpireMod:Shiv Toss","Acrobatics"],"picked":"PiercingWail","floor":1},{"not_picked":["Hidden Blade","Backflip","StuffTheSpire:Injection","StuffTheSpire:Python"],"picked":"Infinite Blades","floor":3}],"player_experience":1643629,"relics_obtained":[{"floor":1,"key":"SynthV:TestCard"},{"floor":1,"key":"LetterFromLob"},{"floor":6,"key":"Snake Skull"}],"event_choices":[],"is_beta":false,"boss_relics":[],"items_purged_floors":[4],"is_endless":false,"potions_floor_spawned":[6],"killed_by":"Hallownest:eliteMossKnight","ascension_level":15}}