{"host":"bxdue9bkfm2khp2x","time":1610181522,"event":{"mods":["ATMod(阿瑾Mod)","Aspiration","BaseMod","Better Vampires","Challenge The Spire","Colored Map","Colored Powertips","Conspire","Decade(王小明)","Dota2Spire","Downfall","Highlight Path","Minty Spire (QoL Compilation)","MostiFishMod","Remilia（蕾米莉亚）","Replay The Spire","RumiaBox-露米娅的神秘盒子","Ryuuou龙王","Spicy Shops","StSLib","Td1madao Mod","The Alterego","The Bug Knight","The Cursed","The Servant 0.9.4","WarShipGirlsR/战舰少女R mod","noobMod","vexMod","【功能Mod】混沌之环修复补丁","【遗物卡牌】REMEMod","篝火指南"],"gold_per_floor":[119,119,119,69,89,89,107,107,107,139,151,176,176,26,26,122,122,137,164,164,178,178,178,211,26,26,44,44,71,71,87,87,191,191,205,216,216,226,241,269,281,326,363,0,12,24,36,3,3,3],"floor_reached":51,"playtime":3206,"items_purged":["Strike_R","Pride","Defend_R","Strike_R","Strike_R","Defend_R"],"score":1179,"play_id":"0c3a6f07-00fa-41ac-974c-e8a38a916d55","local_time":"20210109163842","is_ascension_mode":true,"campfire_choices":[{"data":"AT_ManFootWork","floor":6.0,"key":"SMITH"},{"data":"REME_Cut","floor":8.0,"key":"SMITH"},{"data":"Sword Boomerang","floor":13.0,"key":"SMITH"},{"data":"Disarm","floor":15.0,"key":"SMITH"},{"data":"MostiFishMod:RacingGame","floor":23.0,"key":"SMITH"},{"data":"Iron Wave","floor":28,"key":"SMITH"},{"data":"Bash","floor":30,"key":"SMITH"},{"data":"Headbutt","floor":32,"key":"SMITH"},{"data":"REME_Cut","floor":41,"key":"SMITH"},{"data":"Thunderclap","floor":47,"key":"SMITH"},{"data":"Defend_R","floor":49,"key":"SMITH"}],"circlet_count":0,"master_deck":["Defend_R+1","Bash+1","alterego_mod:TrickOrTreatment+1","AT_ManFootWork+1","Thunderclap+1","Sword Boomerang+1","REME_Cut+1","Iron Wave+1","Disarm+1","MostiFishMod:RacingGame+1","Metallicize+1","Iron Wave+1","Headbutt+1","Replay:Undeath\u0027s Touch+1","REME_Cut+1","AT_ShrugMaster+1"],"relics":["Burning Blood","DaveBox","REME_ComplimentaryCards","ice","AT_ATBox","RhineSuit","SynthV:TestCard","aspiration:Lifesprig","AT_SunfireAegis","AT_RedTearstoneRing","AT_ChloranthyRing","vexMod:BigBerry","Thread and Needle","Chemical X","Replay:Rubber Ducky","vexMod:InvisibilityCloak","Dota2Spire:BlackKingBar","AT_TrinityForce","MawBank","AT_ArchangelStaff","Blue Doll"],"acts_visited":["Exordium","TheCity","TheBeyond"],"potions_floor_usage":[33],"damage_taken":[{"damage":0.0,"enemies":"Small Slimes","floor":1.0,"turns":3.0},{"damage":3.0,"enemies":"conspire:RoseBush","floor":5.0,"turns":4.0},{"damage":0.0,"enemies":"Jaw Worm","floor":7.0,"turns":2.0},{"damage":0.0,"enemies":"3 Sentries","floor":10.0,"turns":4.0},{"damage":0.0,"enemies":"Exordium Thugs","floor":11.0,"turns":2.0},{"damage":8.0,"enemies":"Gremlin Nob","floor":12.0,"turns":3.0},{"damage":18.0,"enemies":"Hexaghost","floor":16.0,"turns":5.0},{"damage":0.0,"enemies":"Spheric Guardian","floor":18.0,"turns":3.0},{"damage":0.0,"enemies":"Shell Parasite","floor":21.0,"turns":3.0},{"damage":4.0,"enemies":"Replay:Snechameleon","floor":24.0,"turns":4.0},{"damage":0,"enemies":"Cultist and Chosen","floor":27,"turns":3},{"damage":0,"enemies":"conspire:Head Lice","floor":29,"turns":4},{"damage":0,"enemies":"Sentry and Sphere","floor":31,"turns":4},{"damage":4,"enemies":"Collector","floor":33,"turns":3},{"damage":0,"enemies":"3 Shapes","floor":35,"turns":3},{"damage":0,"enemies":"Orb Walker","floor":36,"turns":2},{"damage":0,"enemies":"Jaw Worm Horde","floor":38,"turns":2},{"damage":0,"enemies":"Sphere and 2 Shapes","floor":39,"turns":2},{"damage":0,"enemies":"Nemesis","floor":40,"turns":3},{"damage":0,"enemies":"HollowMod:StalkingDevout","floor":42,"turns":4},{"damage":0,"enemies":"Time Eater","floor":50,"turns":3}],"seed_played":"832044577961143625","potions_obtained":[{"floor":5.0,"key":"SkillPotion"},{"floor":10.0,"key":"ColorlessPotion"},{"floor":11.0,"key":"Doom Potion"},{"floor":18.0,"key":"Slimebound:ThreeZeroPotion"},{"floor":20.0,"key":"Fire Potion"},{"floor":20.0,"key":"Dexterity Potion"},{"floor":33,"key":"ElixirPotion"},{"floor":35,"key":"LiquidMemories"}],"is_trial":false,"path_per_floor":["M","?","?","?","M","R","M","R","T","E","M","E","R","$","R","B",null,"M","$","?","M","?","R","E","$","T","M","R","E","R","M","R","B",null,"M","M","?","M","M","E","R","E","T","R","?","$","R","$","R","B",null],"character_chosen":"IRONCLAD","items_purchased":["AT_ChloranthyRing","Thread and Needle","Chemical X","Replay:Rubber Ducky","vexMod:InvisibilityCloak","AT_ShrugMaster+1"],"campfire_rested":0,"item_purchase_floors":[14,19,19,25,25,48],"current_hp_per_floor":[78,71,71,71,80,80,80,80,80,80,80,78,78,78,78,66,107,110,110,110,110,110,110,110,110,110,110,110,110,110,110,110,110,110,110,110,110,110,110,110,110,110,110,110,110,110,110,110,110,110],"gold":3,"neow_bonus":"UPGRADE_CARD","is_daily":false,"chose_seed":false,"campfire_upgraded":11,"win_rate":0.0,"timestamp":1610181522,"path_taken":["M","?","?","?","?","R","M","R","T","E","M","E","R","?","R","BOSS","M","?","?","?","?","R","E","$","T","M","R","E","R","M","R","BOSS","M","M","?","M","M","E","R","E","T","R","?","$","R","?","R","BOSS"],"items_purchased_type":["Relic","Relic","Relic","Relic","Relic","Card"],"build_version":"2020-12-22","purchased_purges":6,"victory":true,"max_hp_per_floor":[80,80,80,80,80,80,80,80,80,80,80,80,80,80,80,80,110,110,110,110,110,110,110,110,110,110,110,110,110,110,110,110,110,110,110,110,110,110,110,110,110,110,110,110,110,110,110,110,110,110],"card_choices":[{"not_picked":["Body Slam","True Grit"],"picked":"Thunderclap","floor":1.0},{"not_picked":["Combust","Replay:Undeath\u0027s Touch","Perfected Strike","Body Slam"],"picked":"Sword Boomerang","floor":5.0},{"not_picked":["Cleave","Armaments","MostiFishMod:404NotFound","Flame Barrier"],"picked":"REME_Cut","floor":7.0},{"not_picked":["Armaments","Carnage","AT_DrawKnifeCut","MostiFishMod:UltimateDefense"],"picked":"Iron Wave","floor":10.0},{"not_picked":["AT_DrawKnifeCut","REME_FearOfPain","Replay:Undeath\u0027s Touch","Twin Strike","Clash"],"picked":"SKIP","floor":11.0},{"not_picked":["Sever Soul","Wild Strike","Second Wind","ReplayTheSpireMod:Strike From Hell"],"picked":"Disarm","floor":12.0},{"not_picked":["Limit Break","Double Tap","MostiFishMod:FlyOverUtopia","Bludgeon"],"picked":"MostiFishMod:RacingGame","floor":16.0},{"not_picked":["Pummel","Headbutt","Flex","Rampage+1"],"picked":"Metallicize+1","floor":18.0},{"not_picked":["AT_ManFootWork+1","Pommel Strike+1","Thunderclap+1","Searing Blow+1","Massacre+1"],"picked":"SKIP","floor":21.0},{"not_picked":["Flex","REME_SingleHolding","MostiFishMod:#F4004","Dark Embrace+1"],"picked":"Iron Wave+1","floor":24.0},{"not_picked":["Brutality","Clothesline","Burning Pact","Fire Breathing"],"picked":"Headbutt","floor":27},{"not_picked":["ReplayTheSpireMod:Strike From Hell","Ghostly Armor","Wild Strike","Pommel Strike","Dark Embrace+1"],"picked":"SKIP","floor":29},{"not_picked":["Sever Soul","Twin Strike","Thunderclap+1","Wild Strike+1"],"picked":"Replay:Undeath\u0027s Touch+1","floor":31},{"not_picked":["AT_BodySlamDance+1","Sword Boomerang","Replay:Undeath\u0027s Touch+1","Evolve"],"picked":"REME_Cut","floor":35},{"not_picked":["Clothesline","Pommel Strike+1","ReplayTheSpireMod:Muscle Training+1","True Grit","Uppercut+1"],"picked":"SKIP","floor":36},{"not_picked":["Seeing Red+1","Clash+1","Entrench+1","MostiFishMod:PerfectStrikeMKII","ReplayTheSpireMod:Strike From Hell+1"],"picked":"SKIP","floor":38},{"not_picked":["conspire:Charge+1","Infernal Blade+1","AT_BodySlamDance+1","Headbutt+1","Shockwave"],"picked":"SKIP","floor":39},{"not_picked":["Combust+1","AT_GerminateFire+1","Wild Strike+1","ReplayTheSpireMod:Stacked","AT_BodySlamDance"],"picked":"SKIP","floor":40},{"not_picked":["Searing Blow","MostiFishMod:#F4004","ReplayReversal","Wild Strike+1","Thunderclap"],"picked":"SKIP","floor":42}],"player_experience":1235136,"relics_obtained":[{"floor":1.0,"key":"SynthV:TestCard"},{"floor":9.0,"key":"aspiration:Lifesprig"},{"floor":10.0,"key":"AT_SunfireAegis"},{"floor":12.0,"key":"AT_RedTearstoneRing"},{"floor":26,"key":"Dota2Spire:BlackKingBar"},{"floor":40,"key":"MawBank"},{"floor":42,"key":"AT_ArchangelStaff"},{"floor":43,"key":"Blue Doll"}],"event_choices":[{"cards_removed":["Strike_R"],"damage_healed":0.0,"max_hp_gain":0.0,"max_hp_loss":0.0,"gold_gain":0.0,"event_name":"Golden Wing","player_choice":"Card Removal","floor":2.0,"gold_loss":0.0,"damage_taken":7.0},{"cards_removed":["Strike_R"],"damage_healed":0.0,"max_hp_gain":0.0,"max_hp_loss":0.0,"gold_gain":0.0,"event_name":"Living Wall","player_choice":"Forget","floor":3.0,"gold_loss":0.0,"damage_taken":0.0},{"damage_healed":0.0,"max_hp_gain":0.0,"max_hp_loss":0.0,"gold_gain":0.0,"event_name":"Lab","player_choice":"Got Potions","floor":20.0,"gold_loss":0.0,"damage_taken":0.0},{"cards_removed":["Defend_R"],"damage_healed":0.0,"max_hp_gain":0.0,"max_hp_loss":0.0,"gold_gain":0.0,"event_name":"Back to Basics","player_choice":"Elegance","floor":22.0,"gold_loss":0.0,"damage_taken":0.0},{"damage_healed":0,"gold_gain":0,"player_choice":"Ignored","damage_taken":0,"max_hp_gain":0,"max_hp_loss":0,"event_name":"Tomb of Lord Red Mask","floor":37,"gold_loss":0}],"is_beta":false,"boss_relics":[{"not_picked":["Abe\u0027s Treasure","Busted Crown"],"picked":"vexMod:BigBerry"},{"not_picked":["BloodWine","vexMod:RockOfEvil"],"picked":"AT_TrinityForce"}],"items_purged_floors":[14,19,25,25,44,44],"is_endless":false,"potions_floor_spawned":[5,10,11,18,27,29,33,35,36],"ascension_level":6}}