{"host":"j4g6ia6asvpyu2b0","time":1610222676,"event":{"mods":["BaseMod","Colored Map","Minty Spire (QoL Compilation)","Permanent Neow","Quick Restart","Relic Stats","StSLib","Unceasing Turn Reminder"],"gold_per_floor":[114,114,126,126,401,401,401,401],"floor_reached":7,"playtime":214,"items_purged":[],"score":59,"play_id":"d45f5a09-3e67-42d7-9518-4316ac48c666","local_time":"20210109130436","is_ascension_mode":true,"campfire_choices":[{"data":"Bash","floor":6,"key":"SMITH"}],"circlet_count":0,"master_deck":["AscendersBane","Strike_R","Strike_R","Strike_R","Strike_R","Strike_R","Defend_R","Defend_R","Defend_R","Defend_R","Bash+1","Pommel Strike","Heavy Blade","Regret"],"relics":["Snecko Eye","Golden Idol"],"acts_visited":["Exordium"],"potions_floor_usage":[],"damage_taken":[{"damage":1,"enemies":"Cultist","floor":1,"turns":4},{"damage":2,"enemies":"Small Slimes","floor":3,"turns":3},{"damage":5,"enemies":"3 Sentries","floor":7,"turns":2}],"seed_played":"-7303263975308287478","potions_obtained":[],"is_trial":false,"path_per_floor":["M","T","M","?","?","R","E"],"character_chosen":"IRONCLAD","items_purchased":[],"campfire_rested":0,"item_purchase_floors":[],"current_hp_per_floor":[71,71,69,49,49,49,44,44],"gold":401,"neow_bonus":"BOSS_RELIC","is_daily":false,"chose_seed":false,"campfire_upgraded":1,"win_rate":0.0,"timestamp":1610222676,"path_taken":["M","?","?","?","?","R","E"],"items_purchased_type":[],"build_version":"2020-12-22","purchased_purges":0,"victory":false,"max_hp_per_floor":[80,80,80,80,80,80,80,80],"relic_stats":{"counters":[3,9],"Golden Idol":0,"Snecko Eye":[11,20,11,18],"obtain_stats":[{"Golden Idol":4,"Snecko Eye":0,"Burning Blood":0},{"Golden Idol":2,"Snecko Eye":0,"Burning Blood":0},{"Golden Idol":7,"Snecko Eye":0,"Burning Blood":0}]},"card_choices":[{"not_picked":["Havoc","Entrench"],"picked":"Pommel Strike","floor":1},{"not_picked":["Iron Wave","Thunderclap"],"picked":"Heavy Blade","floor":3}],"player_experience":776957,"relics_obtained":[],"event_choices":[{"damage_healed":0,"gold_gain":0,"player_choice":"Take Damage","damage_taken":20,"relics_obtained":["Golden Idol"],"max_hp_gain":0,"max_hp_loss":0,"event_name":"Golden Idol","floor":4,"gold_loss":0},{"damage_healed":0,"gold_gain":275,"player_choice":"Desecrate","damage_taken":0,"max_hp_gain":0,"max_hp_loss":0,"event_name":"Golden Shrine","floor":5,"gold_loss":0,"cards_obtained":["Regret"]}],"is_beta":false,"boss_relics":[],"items_purged_floors":[],"is_endless":false,"potions_floor_spawned":[],"killed_by":"3 Sentries","ascension_level":10}}