{"host":"s437j9t81dsq7bjm","time":1610167919,"event":{"mods":["Aspiration","BaseMod","Bestiary","Better Third Choice","BetterRewards","Colored Map","Colored Powertips","Conspire","Dark Map","Downfall","Highlight Path","Hubris","Infinite Spire","Minty Spire (QoL Compilation)","Shade Mod","StSLib","The Cursed","The Jungle","The Runesmith"],"gold_per_floor":[112,387,400,411,228,228,261,261,308,308,308,336,353,353,353,453,453,469,269,64,122,122,122,122,185,185,240,287,287,303,353,353,487,487,518,212,222,257,257,304,304],"floor_reached":40,"playtime":6108,"items_purged":["Regret"],"score":473,"play_id":"ec1fcc1b-9dcc-4587-a794-c3c2953135bc","local_time":"20210109025158","is_ascension_mode":false,"campfire_choices":[{"data":"TheCursedMod:Hemoplague","floor":6,"key":"SMITH"},{"data":"TheCursedMod:CursedBoomerang","floor":8,"key":"SMITH"},{"data":"TheCursedMod:NeowsMight","floor":15,"key":"SMITH"},{"data":"TheCursedMod:CursedRelics","floor":29,"key":"SMITH"},{"floor":32,"key":"REST"}],"circlet_count":0,"master_deck":["TheCursedMod:Strike_TheCursed","TheCursedMod:Strike_TheCursed","TheCursedMod:Strike_TheCursed","TheCursedMod:Strike_TheCursed","TheCursedMod:Defend_TheCursed","TheCursedMod:Defend_TheCursed","TheCursedMod:Defend_TheCursed","TheCursedMod:Defend_TheCursed","TheCursedMod:CursedWand","TheCursedMod:CleanUpWorkshop","TheCursedMod:Dregs","TheCursedMod:FleshFromBone","TheCursedMod:Wield","TheCursedMod:WearCloak","TheCursedMod:Hemoplague+1","TheCursedMod:CursedBoomerang+1","TheCursedMod:NeowsMight+1","TheCursedMod:BloodBarrier","TheCursedMod:SurpriseAttack","TheCursedMod:CursedRelics+1","TheCursedMod:DoubleShield","TheCursedMod:UltimatePain","TheCursedMod:Torture","conspire:SpireCoStock","conspire:SpireCoStock","conspire:SpireCoStock","conspire:SpireCoStock","TheCursedMod:CircleOfFlame","hubris:Disease","infinitespire:TheBestDefense","Shame","Iron Wave","TheCursedMod:VitalStrike","TheCursedMod:SmokeScreen","TheCursedMod:CircleOfCorruption","TheCursedMod:Torture","TheCursedMod:CursedRelics","TheCursedMod:DemonicPact","TheCursedMod:ManaBullet+1","TheCursedMod:CircleOfFocus","Enlightenment","TheCursedMod:Hemoplague+1","TheCursedMod:CircleOfFlame","TheCursedMod:RapidMovement+1","TheCursedMod:SaltUponWound+1","TheCursedMod:CircleOfFlame+1","TheCursedMod:PrepareRite+1"],"relics":["TheCursedMod:BlackMagicAdvanced","NeowsBlessing","Membership Card","Pen Nib","conspire:TopHat","hubris:Icosahedron","infinitespire:PuzzleCube","hubris:RunicObelisk","Meat on the Bone","aspiration:Nostalgia","Guardian:ModeShifter","theJungle:PaperFaux","Letter Opener","Orichalcum","Orrery"],"acts_visited":["Exordium","Exordium","TheBeyond"],"potions_floor_usage":[12,12,16,16,16,28],"damage_taken":[{"damage":0,"enemies":"2 Louse","floor":1,"turns":2},{"damage":0,"enemies":"Cultist","floor":3,"turns":1},{"damage":2,"enemies":"conspire:RoseBush","floor":4,"turns":1},{"damage":18,"enemies":"3 Sentries","floor":7,"turns":12},{"damage":18,"enemies":"Gremlin Nob","floor":12,"turns":4},{"damage":0,"enemies":"Lots of Slimes","floor":13,"turns":3},{"damage":20,"enemies":"Slime Boss","floor":16,"turns":13},{"damage":9,"enemies":"theJungle:5_Spyders","floor":18,"turns":8},{"damage":10,"enemies":"theJungle:Flameango_and_Byrd","floor":21,"turns":5},{"damage":18,"enemies":"theJungle:Snecko_Cultist_And_Trap","floor":25,"turns":6},{"damage":15,"enemies":"theJungle:JungleHuntersEncounter","floor":27,"turns":5},{"damage":6,"enemies":"theJungle:2_Flameangoes","floor":28,"turns":7},{"damage":0,"enemies":"Snake Plant","floor":30,"turns":3},{"damage":4,"enemies":"theJungle:JungleHuntersEncounter","floor":31,"turns":5},{"damage":18,"enemies":"theJungle:FunGuy","floor":33,"turns":9},{"damage":23,"enemies":"Orb Walker","floor":35,"turns":4},{"damage":28,"enemies":"3 Shapes","floor":37,"turns":4},{"damage":0,"enemies":"Transient","floor":38,"turns":5},{"damage":49,"enemies":"Reptomancer","floor":40,"turns":5}],"seed_played":"7935112242723366756","potions_obtained":[{"floor":1,"key":"Weak Potion"},{"floor":4,"key":"AttackPotion"},{"floor":12,"key":"LiquidMemories"},{"floor":14,"key":"hexamod:EctoCoolerPotion"},{"floor":14,"key":"hexamod:EctoCoolerPotion"},{"floor":25,"key":"SneckoOil"},{"floor":27,"key":"SkillPotion"},{"floor":31,"key":"Energy Potion"},{"floor":35,"key":"Energy Potion"}],"is_trial":false,"path_per_floor":["M","?","M","M","$","R","E","R","T","?","?","E","M","?","R","B",null,"M","?","$","M","?","?","?","M","T","M","M","R","M","M","R","B",null,"M","$","M","M","?","E"],"character_chosen":"THE_CURSED","items_purchased":["Membership Card","TheCursedMod:Hemoplague","Meat on the Bone","aspiration:Nostalgia","Orichalcum","TheCursedMod:CircleOfFocus","Strength Potion","SteroidPotion","Enlightenment","Orrery"],"campfire_rested":1,"item_purchase_floors":[5,5,20,20,36,36,36,36,36,36],"current_hp_per_floor":[75,75,75,73,73,73,55,55,55,55,55,37,37,37,37,17,75,66,66,66,56,56,56,56,38,38,35,41,41,41,49,71,53,75,52,52,36,48,48,0,0],"gold":304,"neow_bonus":"THREE_ENEMY_KILL","is_daily":false,"chose_seed":false,"campfire_upgraded":4,"win_rate":0.0,"timestamp":1610167918,"path_taken":["M","?","?","M","$","R","E","R","T","?","?","E","?","?","R","BOSS","M","?","$","M","?","?","?","M","T","M","?","R","M","M","R","BOSS","M","$","M","M","?","E"],"items_purchased_type":["Relic","Card","Relic","Relic","Relic","Card","Potion","Potion","Card","Relic"],"build_version":"2020-12-22","purchased_purges":1,"victory":false,"max_hp_per_floor":[75,75,75,75,75,75,75,75,75,75,75,75,75,75,75,75,75,75,75,75,75,75,75,75,75,75,75,75,75,75,75,75,75,75,75,75,75,75,75,75,75],"card_choices":[{"not_picked":["TheCursedMod:RavingStaff","TheCursedMod:AbyssShockwave"],"picked":"TheCursedMod:FleshFromBone","floor":1},{"not_picked":["TheCursedMod:DoubleShield","TheCursedMod:SurpriseAttack"],"picked":"TheCursedMod:Wield","floor":3},{"not_picked":["TheCursedMod:Stretching","TheCursedMod:Wield"],"picked":"TheCursedMod:WearCloak","floor":4},{"not_picked":["TheCursedMod:TacticalStrike","TheCursedMod:SoulCrush"],"picked":"TheCursedMod:CursedBoomerang","floor":7},{"not_picked":["TheCursedMod:SoulReap","TheCursedMod:CursedBlade"],"picked":"TheCursedMod:CursedRelics","floor":12},{"not_picked":["TheCursedMod:RavingStaff","TheCursedMod:CursedAmulet"],"picked":"TheCursedMod:DoubleShield","floor":13},{"not_picked":["TheCursedMod:ParallelWorld","TheCursedMod:ForbiddenAlchemy"],"picked":"TheCursedMod:UltimatePain","floor":16},{"not_picked":["TheCursedMod:SmokeScreen","TheCursedMod:SoulCrush"],"picked":"TheCursedMod:Torture","floor":18},{"not_picked":["TheCursedMod:CursedArmor","TheCursedMod:Obscuration"],"picked":"TheCursedMod:CircleOfFlame","floor":21},{"not_picked":["infinitespire:DeathsTouch","infinitespire:Fortify"],"picked":"infinitespire:TheBestDefense","floor":22},{"not_picked":["TheCursedMod:Wield","TheCursedMod:TacticalStrike"],"picked":"TheCursedMod:VitalStrike","floor":25},{"not_picked":["TheCursedMod:RavingStaff","TheCursedMod:Stretching"],"picked":"TheCursedMod:SmokeScreen","floor":27},{"not_picked":["TheCursedMod:SoulCrush+1","TheCursedMod:CursedBlade+1"],"picked":"TheCursedMod:CircleOfCorruption","floor":28},{"not_picked":["TheCursedMod:Stretching","TheCursedMod:SmokeScreen"],"picked":"TheCursedMod:Torture","floor":30},{"not_picked":["TheCursedMod:VitalStrike","TheCursedMod:SurpriseAttack"],"picked":"TheCursedMod:CursedRelics","floor":31},{"not_picked":["TheCursedMod:StunningStrike","TheCursedMod:ParallelWorld"],"picked":"TheCursedMod:DemonicPact","floor":33},{"not_picked":["TheCursedMod:Mangle+1","TheCursedMod:WearCloak+1"],"picked":"TheCursedMod:ManaBullet+1","floor":35},{"not_picked":["TheCursedMod:RavingStaff","TheCursedMod:Stretching+1"],"picked":"TheCursedMod:Hemoplague+1","floor":36},{"not_picked":["TheCursedMod:ReleasedStrength","TheCursedMod:RavingStaff"],"picked":"TheCursedMod:CircleOfFlame","floor":36},{"not_picked":["TheCursedMod:TacticalStrike+1","TheCursedMod:CursedMace"],"picked":"TheCursedMod:RapidMovement+1","floor":36},{"not_picked":["TheCursedMod:LuckyCharm","TheCursedMod:RapidMovement"],"picked":"TheCursedMod:SaltUponWound+1","floor":36},{"not_picked":["TheCursedMod:SmokeScreen","TheCursedMod:CursedBlade"],"picked":"TheCursedMod:CircleOfFlame+1","floor":36},{"not_picked":["TheCursedMod:CursedSpellbook","TheCursedMod:SpitefulPray","TheCursedMod:RapidMovement+1"],"picked":"SKIP","floor":37},{"not_picked":["TheCursedMod:StunningStrike","TheCursedMod:CursedShiv"],"picked":"TheCursedMod:PrepareRite+1","floor":38}],"player_experience":185162,"relics_obtained":[{"floor":7,"key":"Pen Nib"},{"floor":9,"key":"conspire:TopHat"},{"floor":12,"key":"infinitespire:PuzzleCube"},{"floor":26,"key":"Letter Opener"}],"event_choices":[{"damage_healed":0,"gold_gain":275,"player_choice":"Desecrate","damage_taken":0,"max_hp_gain":0,"max_hp_loss":0,"event_name":"Golden Shrine","floor":2,"gold_loss":0,"cards_obtained":["Regret"]},{"damage_healed":0,"gold_gain":0,"player_choice":"3 cards matched","damage_taken":0,"max_hp_gain":0,"max_hp_loss":0,"event_name":"Match and Keep!","floor":11,"gold_loss":0,"cards_obtained":["TheCursedMod:NeowsMight","TheCursedMod:BloodBarrier","TheCursedMod:SurpriseAttack"]},{"damage_healed":0,"gold_gain":0,"player_choice":"Got Potions","damage_taken":0,"max_hp_gain":0,"max_hp_loss":0,"event_name":"Lab","floor":14,"gold_loss":0},{"damage_healed":0,"gold_gain":0,"player_choice":"Invest 4","damage_taken":0,"max_hp_gain":0,"max_hp_loss":0,"event_name":"conspire:Investor","floor":19,"gold_loss":0},{"cards_removed":["hubris:Compulsion"],"damage_healed":0,"gold_gain":0,"player_choice":"Took Card","damage_taken":0,"max_hp_gain":0,"max_hp_loss":0,"event_name":"NoteForYourself","floor":24,"gold_loss":0,"cards_obtained":["Iron Wave"]},{"damage_healed":0,"gold_gain":0,"player_choice":"Ignored","damage_taken":0,"max_hp_gain":0,"max_hp_loss":0,"event_name":"Tomb of Lord Red Mask","floor":39,"gold_loss":0}],"is_beta":false,"boss_relics":[{"not_picked":["Runic Dome","Velvet Choker"],"picked":"hubris:RunicObelisk"},{"not_picked":["aspiration:DefectSkillbook","aspiration:IroncladSkillbook"],"picked":"TheCursedMod:BlackMagicAdvanced"}],"items_purged_floors":[36],"is_endless":false,"potions_floor_spawned":[1,4,12,25,27,31,35],"killed_by":"Reptomancer","ascension_level":0}}