{"host":"mtg945c5jssv10ty","time":1610207792,"event":{"mods":["Ascension Unlocker","BaseMod","Downfall","Minty Spire (QoL Compilation)","StSLib","SuperFastMode"],"gold_per_floor":[99,117,134,134,134,134,134,309,323,337,347,362,20,32,45,45,45,45],"floor_reached":16,"playtime":782,"items_purged":["Doubt"],"score":101,"play_id":"b2943ac8-2e2a-4997-9c69-183c2f19dfaf","local_time":"20210109105632","is_ascension_mode":true,"campfire_choices":[{"data":"hexamod:Sear","floor":1,"key":"SMITH"},{"data":"hexamod:GhostOfSpirePresent","floor":6,"key":"SMITH"}],"circlet_count":0,"master_deck":["hexamod:Strike","hexamod:Strike","hexamod:Strike","hexamod:Defend","hexamod:Defend","hexamod:Defend","hexamod:Defend","hexamod:Sear+1","hexamod:Float","hexamod:GhostOfSpirePresent+1","hexamod:CatchUp","hexamod:PowerFromBeyond","hexamod:NightmareGuise","hexamod:Rewind","hexamod:GhostOfSpirePast","hexamod:FlamesFromBeyond","expansioncontent:StudyTheSpire","hexamod:SoulSteal","hexamod:FourthSeal","hexamod:BacktrackSmack"],"relics":["hexamod:SpiritBrand"],"acts_visited":["Exordium"],"potions_floor_usage":[16,16],"damage_taken":[{"damage":0,"enemies":"Cultist","floor":2,"turns":3},{"damage":1,"enemies":"Jaw Worm","floor":3,"turns":4},{"damage":7,"enemies":"2 Louse","floor":9,"turns":3},{"damage":0,"enemies":"Exordium Wildlife","floor":10,"turns":3},{"damage":7,"enemies":"2 Fungi Beasts","floor":11,"turns":5},{"damage":0,"enemies":"Large Slime","floor":12,"turns":4},{"damage":5,"enemies":"downfall:FleeingMerchant","floor":13,"turns":4},{"damage":0,"enemies":"Red Slaver","floor":14,"turns":3},{"damage":27,"enemies":"Exordium Thugs","floor":15,"turns":4},{"damage":35,"enemies":"ArchetypeAct1Statuses","floor":16,"turns":8}],"seed_played":"8507539237893675313","potions_obtained":[{"floor":2,"key":"CultistPotion"},{"floor":12,"key":"SneckoOil"},{"floor":15,"key":"champ:CounterPotion"}],"is_trial":false,"path_per_floor":["R","M","M","?","?","R","T","?","M","M","M","M","$","M","M","B"],"character_chosen":"THE_SPIRIT","items_purchased":["expansioncontent:StudyTheSpire","hexamod:SoulSteal"],"campfire_rested":0,"item_purchase_floors":[13,13],"current_hp_per_floor":[77,77,76,76,81,81,81,81,74,74,67,67,62,62,35,0,0,0],"gold":45,"neow_bonus":"TEN_PERCENT_HP_BONUS","is_daily":false,"chose_seed":false,"campfire_upgraded":2,"win_rate":0.0,"timestamp":1610207792,"path_taken":["R","M","M","?","?","R","T","?","?","M","M","M","$","M","M","BOSS"],"items_purchased_type":["Card","Card"],"build_version":"2020-12-22","purchased_purges":1,"victory":false,"max_hp_per_floor":[77,77,77,77,82,82,82,82,82,82,82,82,82,82,82,82,82,82],"card_choices":[{"not_picked":["hexamod:AdvancingGuard","hexamod:InspiringFlames"],"picked":"hexamod:GhostOfSpirePresent","floor":2},{"not_picked":["hexamod:Haunt","hexamod:GhostShield"],"picked":"hexamod:CatchUp","floor":3},{"not_picked":["hexamod:PowerFromBeyond","hexamod:SpectersWail"],"picked":"hexamod:FastForward","floor":9},{"not_picked":["hexamod:ShieldOfDarkness","hexamod:AdvancingGuard"],"picked":"hexamod:NightmareGuise","floor":10},{"not_picked":["hexamod:RadiantFlame","hexamod:FastForward"],"picked":"hexamod:Rewind","floor":11},{"not_picked":["hexamod:HauntingEcho","hexamod:EtherealExpedition"],"picked":"hexamod:GhostOfSpirePast","floor":12},{"not_picked":["hexamod:StepThrough","hexamod:HauntingEcho"],"picked":"hexamod:FlamesFromBeyond","floor":13},{"not_picked":["hexamod:ShieldOfDarkness","hexamod:NightmareStrike"],"picked":"hexamod:FourthSeal","floor":14},{"not_picked":["hexamod:NightmareStrike","hexamod:HauntingEcho"],"picked":"hexamod:BacktrackSmack","floor":15}],"player_experience":201523,"relics_obtained":[],"event_choices":[{"damage_healed":0,"gold_gain":0,"player_choice":"Donut","damage_taken":0,"max_hp_gain":5,"max_hp_loss":0,"event_name":"Big Fish","floor":5,"gold_loss":0}],"is_beta":false,"boss_relics":[],"items_purged_floors":[13],"is_endless":false,"potions_floor_spawned":[2,12],"killed_by":"ArchetypeAct1Statuses","ascension_level":1}}