{"host":"96bpdudduaq3ttpf","time":1610167773,"event":{"mods":["2.2 Compatiblity","Act Like it!","Astrologer","Bard","Bartender","BaseMod","CapriCore","Challenge The Spire","Chen","Downfall","Elementarium","Energized Spire","Friendly Minions","Gensokyo","GifTheSpireLib","Hallownest","Hermit","Jorbs\u0027s Wanderer Trilogy","KinomotoSakuraMod(????)","Koishi","KomeijiMod","Mari Mod (Legacy)","Mari\u0027s V1 Patch","Marisa????????","Mimic Mod","Minty Spire (QoL Compilation)","Prisma Mod","Quick Restart","Remilia??????","Replay The Spire","Robot Space Explorer","Shade Mod","StSLib","Td1madao Mod","The Administrix","The Bladedancer","The Bug Knight","The Construct","The Cursed","The Factory","The Forsaken","The Gatherer","The Hierophant","The Immortal","The IronCluck","The Jungle","The Marked","The Mystic","The Necromancer","The Runesmith","The Senshi","The Servant 0.9.4","Wandering Minibosses","WarShipGirlsR/????R mod","Yohane!","Yuyuko"],"gold_per_floor":[113,113,125,141,156,186,186,216,216,216,247,247,278,294,294,399,449,464,464,464,480,354,384,384,384],"floor_reached":24,"playtime":1477,"items_purged":["astrologer:Strike"],"score":269,"play_id":"6b0a992c-e3d8-41fb-b3df-b6310576e2d9","local_time":"20210108214933","is_ascension_mode":false,"campfire_choices":[{"floor":10,"key":"REST"},{"floor":12,"key":"REST"},{"data":"astrologer:Alignment","floor":15,"key":"SMITH"}],"circlet_count":0,"master_deck":["astrologer:Strike","astrologer:Strike","astrologer:Strike","astrologer:Defend","astrologer:Defend","astrologer:Defend","astrologer:Defend","astrologer:NorthStar","astrologer:TheFool+1","astrologer:Radiance","astrologer:NorthStar","astrologer:Alignment+1","astrologer:Opposition","astrologer:TheEmpress","astrologer:Opposition","astrologer:Sunrise","astrologer:Conjunction","astrologer:Nova","astrologer:Glimpse","astrologer:Stardust","astrologer:Death","astrologer:LonelyStar","astrologer:StarOfRegret+1","astrologer:TheStar+1","Pot Of Greed","Pot Of Greed","Pot Of Greed","astrologer:Confirmation"],"relics":["astrologer:SkyMirror","NeowsBlessing","Regal Pillow","Runesmith:AutoHammer","Sundial","Garlic","Tiny House","Grinning Jar"],"acts_visited":["Exordium","TheCity"],"potions_floor_usage":[16,18,23],"damage_taken":[{"damage":0,"enemies":"Cultist","floor":1,"turns":1},{"damage":0,"enemies":"Small Slimes","floor":3,"turns":1},{"damage":0,"enemies":"Jaw Worm","floor":4,"turns":1},{"damage":0,"enemies":"Looter","floor":5,"turns":3},{"damage":20,"enemies":"Gremlin Nob","floor":6,"turns":4},{"damage":5,"enemies":"HollowMod:MossKnight","floor":8,"turns":6},{"damage":26,"enemies":"Lagavulin","floor":11,"turns":6},{"damage":0,"enemies":"HollowMod:MossKnight","floor":13,"turns":5},{"damage":9,"enemies":"Red Slaver","floor":14,"turns":3},{"damage":51,"enemies":"Slime Boss","floor":16,"turns":9},{"damage":0,"enemies":"Chosen","floor":18,"turns":5},{"damage":18,"enemies":"Spheric Guardian","floor":21,"turns":4},{"damage":32,"enemies":"Replay:Snechameleon","floor":23,"turns":8},{"damage":12,"enemies":"Snake Plant","floor":24,"turns":2}],"seed_played":"5780268210844760190","potions_obtained":[{"floor":3,"key":"CalmPotion"},{"floor":5,"key":"CalmPotion"},{"floor":8,"key":"SneckoOil"},{"floor":17,"key":"JungleJuicePotion"},{"floor":21,"key":"CalmPotion"}],"is_trial":false,"path_per_floor":["M","?","M","M","M","E","?","E","T","R","E","R","E","M","R","B",null,"M","?","?","M","$","E","M"],"character_chosen":"ASTROLOGER","items_purchased":["astrologer:TheStar+1"],"campfire_rested":2,"item_purchase_floors":[22],"current_hp_per_floor":[70,70,70,70,70,50,50,45,45,70,44,70,70,61,61,10,75,75,75,75,57,57,25,13,13],"gold":384,"neow_bonus":"THREE_ENEMY_KILL","is_daily":false,"chose_seed":false,"campfire_upgraded":1,"win_rate":0.0,"timestamp":1610167773,"path_taken":["M","?","?","M","?","E","?","E","T","R","E","R","E","M","R","BOSS","M","?","?","?","$","E","M"],"items_purchased_type":["Card"],"build_version":"2020-12-22","purchased_purges":1,"victory":false,"max_hp_per_floor":[70,70,70,70,70,70,70,70,70,70,70,70,70,70,70,70,75,75,75,75,75,75,75,75,75],"card_choices":[{"not_picked":["astrologer:FrozenStar","astrologer:SpaceDust"],"picked":"astrologer:Radiance","floor":1},{"not_picked":["astrologer:ReadTheStars","astrologer:Stardust"],"picked":"astrologer:Opposition","floor":3},{"not_picked":["astrologer:Still","astrologer:Stardust"],"picked":"astrologer:TheEmpress","floor":4},{"not_picked":["astrologer:CometStrike","astrologer:Eclipse"],"picked":"astrologer:Opposition","floor":5},{"not_picked":["astrologer:Prestidigitation","astrologer:Justice"],"picked":"astrologer:Sunrise","floor":6},{"not_picked":["astrologer:StarOfChange","astrologer:TheStar"],"picked":"astrologer:Conjunction","floor":8},{"not_picked":["astrologer:TheStar","astrologer:Strength"],"picked":"astrologer:Nova","floor":11},{"not_picked":["astrologer:Radiance","astrologer:GlassStar"],"picked":"astrologer:Glimpse","floor":13},{"not_picked":["astrologer:Retelling","astrologer:TheDevil"],"picked":"astrologer:Stardust","floor":14},{"not_picked":["astrologer:WheelofFortune","astrologer:TheWorld"],"picked":"astrologer:Death","floor":16},{"not_picked":["astrologer:Stardust","astrologer:Conjunction"],"picked":"astrologer:LonelyStar","floor":17},{"not_picked":["astrologer:Conjunction","astrologer:MeteorShower"],"picked":"astrologer:StarOfRegret+1","floor":18},{"not_picked":["astrologer:ReadTheStars+1","astrologer:Opposition","astrologer:Radiance"],"picked":"SKIP","floor":21},{"not_picked":["astrologer:Still+1","astrologer:Opposition"],"picked":"astrologer:Confirmation","floor":23}],"player_experience":819361,"relics_obtained":[{"floor":6,"key":"Regal Pillow"},{"floor":8,"key":"Runesmith:AutoHammer"},{"floor":9,"key":"Sundial"},{"floor":13,"key":"Garlic"},{"floor":23,"key":"Grinning Jar"}],"event_choices":[{"damage_healed":0,"gold_gain":0,"player_choice":"2 cards matched","damage_taken":0,"max_hp_gain":0,"max_hp_loss":0,"event_name":"Match and Keep!","floor":2,"gold_loss":0,"cards_obtained":["astrologer:NorthStar","astrologer:Alignment"]},{"damage_healed":0,"gold_gain":0,"player_choice":"0 cards matched","damage_taken":0,"max_hp_gain":0,"max_hp_loss":0,"event_name":"Match and Keep!","floor":20,"gold_loss":0,"cards_obtained":[]}],"is_beta":false,"boss_relics":[{"not_picked":["Replay:Grab Bag","energizedSpire:NeverEndingSparkler"],"picked":"Tiny House"}],"items_purged_floors":[22],"is_endless":false,"potions_floor_spawned":[3,5,8,13,21],"killed_by":"Snake Plant","ascension_level":0}}