{"host":"ixbvfs3so5a39bhe","time":1610178460,"event":{"mods":["BaseMod","Downfall","Minty Spire (QoL Compilation)","Quick Restart","StSLib"],"gold_per_floor":[117,117,136,136,136,163,163,191,191,201,534,551,565,594,594,594,594],"floor_reached":16,"playtime":736,"items_purged":[],"score":171,"play_id":"3377fa0f-20a9-4ce4-ac2f-0febe19c5173","local_time":"20210109154740","is_ascension_mode":true,"campfire_choices":[{"data":"Armaments","floor":7,"key":"SMITH"},{"floor":15,"key":"REST"}],"circlet_count":0,"master_deck":["Strike_R","Strike_R","Strike_R","Strike_R","Strike_R","Defend_R","Defend_R","Defend_R","Defend_R","Armaments+1","Thunderclap","Inflame"],"relics":["Burning Blood","NeowsBlessing","Self Forming Clay","Oddly Smooth Stone","Blood Vial","Old Coin","Tiny Chest"],"acts_visited":["Exordium"],"potions_floor_usage":[8,10,11,14,16,16],"damage_taken":[{"damage":0,"enemies":"Small Slimes","floor":1,"turns":1},{"damage":0,"enemies":"Cultist","floor":3,"turns":1},{"damage":0,"enemies":"Lagavulin","floor":6,"turns":1},{"damage":24,"enemies":"3 Sentries","floor":8,"turns":9},{"damage":1,"enemies":"2 Louse","floor":10,"turns":3},{"damage":23,"enemies":"Gremlin Nob","floor":11,"turns":4},{"damage":20,"enemies":"Large Slime","floor":12,"turns":5},{"damage":11,"enemies":"Blue Slaver","floor":13,"turns":3},{"damage":40,"enemies":"Lagavulin","floor":14,"turns":6},{"damage":48,"enemies":"The Guardian","floor":16,"turns":10}],"seed_played":"-7005675404559203248","potions_obtained":[{"floor":3,"key":"CultistPotion"},{"floor":10,"key":"EntropicBrew"},{"floor":11,"key":"Swift Potion"},{"floor":13,"key":"DistilledChaos"},{"floor":14,"key":"BloodPotion"}],"is_trial":false,"path_per_floor":["M","?","M","$","?","E","R","E","T","M","E","M","M","E","R","B"],"character_chosen":"IRONCLAD","items_purchased":[],"campfire_rested":1,"item_purchase_floors":[],"current_hp_per_floor":[80,80,80,80,80,80,80,62,62,69,54,42,39,7,31,1,1],"gold":594,"neow_bonus":"THREE_ENEMY_KILL","is_daily":false,"chose_seed":false,"campfire_upgraded":1,"win_rate":0.0,"timestamp":1610178460,"path_taken":["M","?","?","$","?","E","R","E","T","?","E","M","M","E","R","BOSS"],"items_purchased_type":[],"build_version":"2020-12-22","purchased_purges":0,"victory":false,"max_hp_per_floor":[80,80,80,80,80,80,80,80,80,80,80,80,80,80,80,80,80],"card_choices":[{"not_picked":["Heavy Blade","Combust"],"picked":"Armaments","floor":1},{"not_picked":["Warcry","Anger","Armaments"],"picked":"SKIP","floor":3},{"not_picked":["Infernal Blade","Feed","Reckless Charge"],"picked":"SKIP","floor":6},{"not_picked":["Infernal Blade","Feed","Reckless Charge"],"picked":"SKIP","floor":6},{"not_picked":["Carnage","Ghostly Armor","Uppercut"],"picked":"SKIP","floor":8},{"not_picked":["Blood for Blood","True Grit"],"picked":"Thunderclap","floor":10},{"not_picked":["Shrug It Off","Twin Strike","Perfected Strike"],"picked":"SKIP","floor":11},{"not_picked":["Havoc","Power Through","Disarm"],"picked":"SKIP","floor":12},{"not_picked":["Uppercut","True Grit","Infernal Blade"],"picked":"SKIP","floor":13},{"not_picked":["Brutality","Sever Soul"],"picked":"Inflame","floor":14}],"player_experience":150364,"relics_obtained":[{"floor":6,"key":"Self Forming Clay"},{"floor":8,"key":"Oddly Smooth Stone"},{"floor":9,"key":"Blood Vial"},{"floor":11,"key":"Old Coin"},{"floor":14,"key":"Tiny Chest"}],"event_choices":[{"cards_removed":["Bash"],"damage_healed":0,"gold_gain":0,"player_choice":"Purged","damage_taken":0,"max_hp_gain":0,"max_hp_loss":0,"event_name":"Purifier","floor":2,"gold_loss":0},{"damage_healed":0,"gold_gain":0,"player_choice":"Bought 0 Potions","damage_taken":0,"max_hp_gain":0,"max_hp_loss":0,"event_name":"The Woman in Blue","floor":5,"gold_loss":0}],"is_beta":false,"boss_relics":[],"items_purged_floors":[],"is_endless":false,"potions_floor_spawned":[3,10,11,13,14],"killed_by":"The Guardian","ascension_level":2}}