{"host":"b995t17pt6d05w8c","time":1610221487,"event":{"mods":["AchievementEnabler","BaseMod","Colored Map","Minty Spire (QoL Compilation)","SuperFastMode"],"gold_per_floor":[112,112,127,137,137,137,150,150,177,204,224,299,299,316,316,414,414,427,460,385,399,412,412,424,424,424,439,457,457,29,47,47,151,151,164,182,229,52,71,71,71,84,107,107,157,172,172,394,394,394],"floor_reached":51,"playtime":1397,"items_purged":["Strike_B+1"],"score":955,"play_id":"19daa912-aa53-4239-841b-694e872ddf27","local_time":"20210110044447","is_ascension_mode":true,"campfire_choices":[{"data":"Defragment","floor":6.0,"key":"SMITH"},{"floor":8.0,"key":"REST"},{"floor":15.0,"key":"REST"},{"floor":23.0,"key":"REST"},{"floor":29.0,"key":"REST"},{"data":"White Noise","floor":32.0,"key":"SMITH"},{"floor":41.0,"key":"REST"},{"floor":44.0,"key":"REST"},{"data":"Biased Cognition","floor":49.0,"key":"SMITH"}],"circlet_count":0,"master_deck":["AscendersBane","Defend_B","Defend_B","Zap+1","Dualcast","Rip and Tear","Defragment+1","Rebound","White Noise+1","Electrodynamics","Skim+1","Capacitor+1","Consume+1","Compile Driver+1","Fusion+1","Cold Snap+1","Seek","Leap+1","Conserve Battery+1","Seek+1","Chaos+1","Biased Cognition+1","Steam+1","Darkness+1","Hologram+1","Biased Cognition","Redo+1","Glacier+1"],"relics":["Cracked Core","Strawberry","Omamori","Astrolabe","Red Mask","The Courier","Toxic Egg 2","SacredBark","Unceasing Top","Medical Kit","Dream Catcher","Turnip"],"acts_visited":["Exordium","TheCity","TheBeyond"],"potions_floor_usage":[50,50],"damage_taken":[{"damage":0.0,"enemies":"Small Slimes","floor":1.0,"turns":3.0},{"damage":0.0,"enemies":"2 Louse","floor":3.0,"turns":1.0},{"damage":0.0,"enemies":"Cultist","floor":4.0,"turns":3.0},{"damage":15.0,"enemies":"Gremlin Gang","floor":7.0,"turns":5.0},{"damage":30.0,"enemies":"Lagavulin","floor":10.0,"turns":6.0},{"damage":0.0,"enemies":"Large Slime","floor":11.0,"turns":3.0},{"damage":0.0,"enemies":"2 Fungi Beasts","floor":14.0,"turns":2.0},{"damage":35.0,"enemies":"The Guardian","floor":16.0,"turns":10.0},{"damage":2.0,"enemies":"3 Byrds","floor":18.0,"turns":2.0},{"damage":22.0,"enemies":"Masked Bandits","floor":19.0,"turns":3.0},{"damage":15.0,"enemies":"Chosen","floor":21.0,"turns":4.0},{"damage":27.0,"enemies":"Snake Plant","floor":22.0,"turns":3.0},{"damage":27.0,"enemies":"Centurion and Healer","floor":24.0,"turns":5.0},{"damage":25.0,"enemies":"Snecko","floor":27.0,"turns":4.0},{"damage":35.0,"enemies":"Snake Plant","floor":28.0,"turns":4.0},{"damage":12.0,"enemies":"Centurion and Healer","floor":31.0,"turns":4.0},{"damage":2.0,"enemies":"Automaton","floor":33.0,"turns":8.0},{"damage":8.0,"enemies":"3 Shapes","floor":35.0,"turns":2.0},{"damage":13.0,"enemies":"3 Darklings","floor":36.0,"turns":3.0},{"damage":14.0,"enemies":"2 Orb Walkers","floor":37.0,"turns":4.0},{"damage":3.0,"enemies":"Maw","floor":39.0,"turns":7.0},{"damage":8.0,"enemies":"Jaw Worm Horde","floor":40.0,"turns":2.0},{"damage":17.0,"enemies":"4 Shapes","floor":42.0,"turns":4.0},{"damage":13.0,"enemies":"Mind Bloom Boss Battle","floor":45.0,"turns":4.0},{"damage":27.0,"enemies":"Transient","floor":46.0,"turns":5.0},{"damage":25,"enemies":"Time Eater","floor":50,"turns":10}],"seed_played":"-5488101005080534037","potions_obtained":[{"floor":10.0,"key":"SkillPotion"},{"floor":11.0,"key":"LiquidMemories"},{"floor":16.0,"key":"Swift Potion"},{"floor":21.0,"key":"DistilledChaos"},{"floor":24.0,"key":"ColorlessPotion"},{"floor":27.0,"key":"PowerPotion"},{"floor":28.0,"key":"SmokeBomb"},{"floor":35.0,"key":"Block Potion"},{"floor":39.0,"key":"Explosive Potion"},{"floor":42.0,"key":"Strength Potion"},{"floor":46.0,"key":"Weak Potion"}],"is_trial":false,"path_per_floor":["M","?","M","M","?","R","M","R","T","E","M","?","?","M","R","B",null,"M","?","?","M","M","R","M","?","T","M","M","R","$","M","R","B",null,"M","M","?","$","M","M","R","M","T","R","?","M","?","?","R","B",null],"character_chosen":"DEFECT","items_purchased":["Toxic Egg 2","Conserve Battery+1","Seek+1","Medical Kit","Darkness+1"],"campfire_rested":6,"item_purchase_floors":[30,30,30,38,38],"current_hp_per_floor":[75,59,59,59,52,52,37,61,68,38,38,27,27,27,53,18,71,69,47,47,32,5,31,4,89,89,64,29,55,55,43,43,41,77,69,56,42,42,39,31,57,40,40,66,53,26,78,78,78,53],"gold":394,"neow_bonus":"TEN_PERCENT_HP_BONUS","is_daily":false,"chose_seed":false,"campfire_upgraded":3,"win_rate":0.0,"timestamp":1610221487,"path_taken":["M","?","M","M","?","R","M","R","T","E","M","?","?","M","R","BOSS","M","?","?","M","M","R","M","?","T","M","?","R","$","?","R","BOSS","M","M","?","$","M","M","R","M","T","R","?","M","?","?","R","BOSS"],"items_purchased_type":["Relic","Card","Card","Relic","Card"],"build_version":"2020-12-22","purchased_purges":1,"victory":true,"max_hp_per_floor":[82,82,82,82,82,82,82,82,89,89,89,89,89,89,89,89,89,89,89,89,89,89,89,89,89,89,89,89,89,89,89,89,89,89,89,89,89,89,89,89,89,89,89,89,89,89,78,78,78,78],"card_choices":[{"not_picked":["Beam Cell","Coolheaded"],"picked":"Rip and Tear","floor":1.0},{"not_picked":["Barrage","Steam","Consume"],"picked":"SKIP","floor":3.0},{"not_picked":["Redo","Conserve Battery"],"picked":"Defragment","floor":4.0},{"not_picked":["Barrage","Stack"],"picked":"Rebound","floor":7.0},{"not_picked":["Heatsinks","BootSequence"],"picked":"White Noise","floor":10.0},{"not_picked":["Redo","Steam","Compile Driver"],"picked":"SKIP","floor":11.0},{"not_picked":["Gash","Stack","Hello World"],"picked":"SKIP","floor":14.0},{"not_picked":["Reboot","Amplify"],"picked":"Electrodynamics","floor":16.0},{"not_picked":["Go for the Eyes","Coolheaded"],"picked":"Compile Driver+1","floor":18.0},{"not_picked":["Go for the Eyes","Rip and Tear"],"picked":"Fusion","floor":19.0},{"not_picked":["Cold Snap","Self Repair"],"picked":"Fusion+1","floor":21.0},{"not_picked":["Beam Cell","Barrage+1"],"picked":"Cold Snap+1","floor":22.0},{"not_picked":["Go for the Eyes","Reprogram","Cold Snap"],"picked":"SKIP","floor":24.0},{"not_picked":["Heatsinks+1","Leap"],"picked":"Seek","floor":27.0},{"not_picked":["Double Energy","Stack"],"picked":"Leap+1","floor":28.0},{"not_picked":["Beam Cell","Ball Lightning+1"],"picked":"Chaos+1","floor":31.0},{"not_picked":["Rainbow+1","Fission+1"],"picked":"Biased Cognition","floor":33.0},{"not_picked":["Barrage","Gash"],"picked":"Steam+1","floor":35.0},{"not_picked":["Gash","All For One","Sweeping Beam"],"picked":"SKIP","floor":36.0},{"not_picked":["Ball Lightning","Cold Snap"],"picked":"Hologram+1","floor":39.0},{"not_picked":["Stack+1","Barrage"],"picked":"Biased Cognition","floor":42.0},{"not_picked":["Ball Lightning","Hologram+1"],"picked":"Redo+1","floor":44.0},{"not_picked":["FTL+1","Hologram+1"],"picked":"Glacier+1","floor":45.0},{"not_picked":["Scrape+1","Compile Driver+1","Barrage"],"picked":"SKIP","floor":46.0}],"player_experience":82383,"relics_obtained":[{"floor":9.0,"key":"Strawberry"},{"floor":10.0,"key":"Omamori"},{"floor":19.0,"key":"Red Mask"},{"floor":26.0,"key":"The Courier"},{"floor":37.0,"key":"Unceasing Top"},{"floor":43.0,"key":"Dream Catcher"},{"floor":45.0,"key":"Turnip"}],"event_choices":[{"damage_healed":0.0,"max_hp_gain":0.0,"max_hp_loss":0.0,"gold_gain":0.0,"event_name":"Shining Light","player_choice":"Entered Light","floor":2.0,"gold_loss":0.0,"damage_taken":16.0,"cards_upgraded":["Zap","Strike_B"]},{"cards_removed":["Strike_B"],"damage_healed":0.0,"max_hp_gain":0.0,"max_hp_loss":0.0,"gold_gain":0.0,"event_name":"Golden Wing","player_choice":"Card Removal","floor":5.0,"gold_loss":0.0,"damage_taken":7.0},{"damage_healed":0.0,"max_hp_gain":0.0,"max_hp_loss":0.0,"gold_gain":75.0,"event_name":"World of Goop","player_choice":"Gather Gold","floor":12.0,"gold_loss":0.0,"damage_taken":11.0},{"damage_healed":0.0,"max_hp_gain":0.0,"max_hp_loss":0.0,"gold_gain":0.0,"event_name":"Dead Adventurer","player_choice":"Searched \u00270\u0027 times","floor":13.0,"gold_loss":0.0,"damage_taken":0.0},{"damage_healed":0.0,"max_hp_gain":0.0,"max_hp_loss":0.0,"gold_gain":0.0,"event_name":"Masked Bandits","player_choice":"Fought Bandits","floor":19.0,"gold_loss":0.0,"damage_taken":0.0},{"cards_removed":["Defend_B"],"damage_healed":0.0,"max_hp_gain":0.0,"max_hp_loss":0.0,"gold_gain":0.0,"event_name":"Beggar","player_choice":"Gave Gold","floor":20.0,"gold_loss":75.0,"damage_taken":0.0},{"cards_removed":["Fusion"],"damage_healed":85.0,"max_hp_gain":0.0,"max_hp_loss":0.0,"gold_gain":0.0,"event_name":"Bonfire Elementals","player_choice":"Offered Uncommon","floor":25.0,"gold_loss":0.0,"damage_taken":0.0},{"damage_healed":0.0,"max_hp_gain":0.0,"max_hp_loss":0.0,"gold_gain":0.0,"event_name":"Mysterious Sphere","player_choice":"Fight","floor":37.0,"gold_loss":0.0,"damage_taken":0.0},{"damage_healed":0.0,"max_hp_gain":0.0,"max_hp_loss":0.0,"gold_gain":0.0,"event_name":"MindBloom","player_choice":"Fight","floor":45.0,"gold_loss":0.0,"damage_taken":0.0},{"damage_healed":78.0,"max_hp_gain":0.0,"max_hp_loss":11.0,"gold_gain":0.0,"event_name":"The Moai Head","player_choice":"Heal","floor":47.0,"gold_loss":0.0,"damage_taken":0.0},{"damage_healed":0.0,"max_hp_gain":0.0,"max_hp_loss":0.0,"gold_gain":222.0,"event_name":"Tomb of Lord Red Mask","player_choice":"Wore Mask","floor":48.0,"gold_loss":0.0,"damage_taken":0.0}],"is_beta":false,"boss_relics":[{"not_picked":["Nuclear Battery","Inserter"],"picked":"Astrolabe"},{"not_picked":["Runic Dome","Black Star"],"picked":"SacredBark"}],"items_purged_floors":[30],"is_endless":false,"potions_floor_spawned":[10,11,16,21,24,27,28,35,39,42,46],"ascension_level":10}}