{"host":"ixbvfs3so5a39bhe","time":1610180941,"event":{"mods":["BaseMod","Downfall","Minty Spire (QoL Compilation)","Quick Restart","StSLib"],"gold_per_floor":[112,129,129,129,129,165,165,204,204,204,220,145,166,87,87,213,213,236,236,511,529,545,545,545],"floor_reached":23,"playtime":991,"items_purged":["Strike_R"],"score":274,"play_id":"a71218ef-b7c5-415b-89be-30b40bc8d0c7","local_time":"20210109162901","is_ascension_mode":true,"campfire_choices":[{"data":"Fire Breathing","floor":7.0,"key":"SMITH"},{"data":"Fire Breathing","floor":10.0,"key":"SMITH"},{"data":"Metallicize","floor":15.0,"key":"SMITH"}],"circlet_count":0,"master_deck":["Strike_R","Strike_R","Strike_R","Strike_R","Defend_R","Defend_R","Defend_R","Defend_R","Bash","Fire Breathing+1","Wild Strike","Wild Strike","Injury","Fire Breathing+1","Thunderclap","Wild Strike","Metallicize+1","Feed","Immolate","Regret"],"relics":["Burning Blood","Golden Idol","Unceasing Top","Pear","Champion Belt","FossilizedHelix","Cursed Key"],"acts_visited":["Exordium","TheCity"],"potions_floor_usage":[21,23],"damage_taken":[{"damage":6.0,"enemies":"Cultist","floor":1.0,"turns":4.0},{"damage":0.0,"enemies":"Small Slimes","floor":2.0,"turns":3.0},{"damage":45.0,"enemies":"Lagavulin","floor":6.0,"turns":6.0},{"damage":27.0,"enemies":"Gremlin Nob","floor":8.0,"turns":4.0},{"damage":0.0,"enemies":"2 Louse","floor":11.0,"turns":2.0},{"damage":0.0,"enemies":"Gremlin Gang","floor":13.0,"turns":3.0},{"damage":0,"enemies":"Slime Boss","floor":16,"turns":6},{"damage":19,"enemies":"2 Thieves","floor":18,"turns":3},{"damage":26,"enemies":"3 Byrds","floor":21,"turns":3},{"damage":39,"enemies":"Snake Plant","floor":22,"turns":4},{"damage":49,"enemies":"Slavers","floor":23,"turns":3}],"seed_played":"-7616511838808341087","potions_obtained":[{"floor":1.0,"key":"SpeedPotion"},{"floor":8.0,"key":"Swift Potion"},{"floor":13.0,"key":"BloodPotion"},{"floor":21,"key":"SpeedPotion"}],"is_trial":false,"path_per_floor":["M","M","$","?","?","E","R","E","T","R","M","$","M","$","R","B",null,"M","?","?","M","M","E"],"character_chosen":"IRONCLAD","items_purchased":["Metallicize"],"campfire_rested":0,"item_purchase_floors":[14],"current_hp_per_floor":[80,80,80,80,80,51,51,30,30,30,36,36,42,42,42,48,90,77,77,77,57,24,0,0],"gold":545,"neow_bonus":"THREE_CARDS","is_daily":false,"chose_seed":false,"campfire_upgraded":3,"win_rate":0.0,"timestamp":1610180941,"path_taken":["M","M","?","?","?","E","R","E","T","R","?","?","M","?","R","BOSS","M","?","?","?","M","E"],"items_purchased_type":["Card"],"build_version":"2020-12-22","purchased_purges":1,"victory":false,"max_hp_per_floor":[80,80,80,80,80,90,90,90,90,90,90,90,90,90,90,90,90,90,90,90,90,90,90,90],"card_choices":[{"not_picked":["True Grit","Sword Boomerang"],"picked":"Fire Breathing","floor":0.0},{"not_picked":["Rampage","Twin Strike"],"picked":"Wild Strike","floor":1.0},{"not_picked":["Rampage","Twin Strike"],"picked":"Wild Strike","floor":1.0},{"not_picked":["Entrench","True Grit","Second Wind"],"picked":"SKIP","floor":2.0},{"not_picked":["Headbutt","Brutality"],"picked":"Fire Breathing","floor":6.0},{"not_picked":["Iron Wave","Rupture","Havoc"],"picked":"SKIP","floor":8.0},{"not_picked":["Clash","Havoc"],"picked":"Thunderclap","floor":11.0},{"not_picked":["Shockwave","Heavy Blade"],"picked":"Wild Strike","floor":13.0},{"not_picked":["Brutality","Reaper"],"picked":"Feed","floor":16},{"not_picked":["Flex+1","Headbutt","Anger"],"picked":"SKIP","floor":18},{"not_picked":["Sword Boomerang","Havoc","Thunderclap+1"],"picked":"SKIP","floor":21},{"not_picked":["Sword Boomerang+1","Clothesline","Wild Strike"],"picked":"SKIP","floor":22}],"player_experience":151951,"relics_obtained":[{"floor":6.0,"key":"Pear"},{"floor":8.0,"key":"Champion Belt"},{"floor":9.0,"key":"FossilizedHelix"}],"event_choices":[{"damage_healed":0.0,"max_hp_gain":0.0,"max_hp_loss":0.0,"gold_gain":0.0,"event_name":"Golden Idol","player_choice":"Take Wound","floor":4.0,"gold_loss":0.0,"damage_taken":0.0,"relics_obtained":["Golden Idol"],"cards_obtained":["Injury"]},{"damage_healed":0.0,"max_hp_gain":0.0,"max_hp_loss":0.0,"gold_gain":0.0,"event_name":"WeMeetAgain","player_choice":"Gave Potion","floor":5.0,"gold_loss":0.0,"damage_taken":0.0,"relics_obtained":["Unceasing Top"]},{"damage_healed":0,"gold_gain":0,"player_choice":"Read","damage_taken":0,"max_hp_gain":0,"max_hp_loss":0,"event_name":"The Library","floor":19,"gold_loss":0,"cards_obtained":["Immolate"]},{"damage_healed":0,"gold_gain":275,"player_choice":"Desecrate","damage_taken":0,"max_hp_gain":0,"max_hp_loss":0,"event_name":"Golden Shrine","floor":20,"gold_loss":0,"cards_obtained":["Regret"]}],"is_beta":false,"boss_relics":[{"not_picked":["Velvet Choker","SacredBark"],"picked":"Cursed Key"}],"items_purged_floors":[12],"is_endless":false,"potions_floor_spawned":[1,8,13,21],"killed_by":"Slavers","ascension_level":2}}