{"host":"sum4dy402bbv9y4o","time":1610234704,"event":{"mods":["Aspiration","BaseMod","Conspire","Highlight Path","Minty Spire (QoL Compilation)","StSLib"],"gold_per_floor":[115,1,21,21,35,70,70,103,103,138,118,131,157,27,27,101,101,101,101,101,101,101,101,101,101,101,101,101,101,101,12,12,12,12],"floor_reached":33,"playtime":1286,"items_purged":[],"score":590,"play_id":"adc3c186-3272-4cd0-b0ea-56adcde7fc1a","local_time":"20210110022504","is_ascension_mode":true,"campfire_choices":[{"floor":15,"key":"REST"},{"data":"Wallop","floor":23,"key":"SMITH"},{"data":"SashWhip","floor":27,"key":"SMITH"},{"data":"FearNoEvil","floor":32,"key":"SMITH"}],"circlet_count":0,"master_deck":["AscendersBane","Strike_P","Strike_P","Strike_P","Strike_P","Defend_P","Defend_P","Defend_P","Defend_P","Eruption+1","Vigilance","BowlingBash","Consecrate","FollowUp","EmptyBody","Wallop+1","SashWhip+1","LikeWater","Evaluate","EmptyFist","LikeWater","Brilliance","Consecrate","Protect","FlyingSleeves","Dramatic Entrance","Auto Shields+1","True Grit+1","FearNoEvil+1"],"relics":["PureWater","aspiration:Nostalgia","Burning Blood","aspiration:FrozenJewel","aspiration:StickyExplosives","Akabeko","aspiration:ChemicalBlood","Tiny Chest","Ectoplasm","Red Mask","PrismaticShard","Regal Pillow","aspiration:Lifesprig","Du-Vu Doll"],"acts_visited":["Exordium","TheCity"],"potions_floor_usage":[6,16,19,22,24,25,28,29,33,33,33,33],"damage_taken":[{"damage":4,"enemies":"Small Slimes","floor":1,"turns":4},{"damage":2,"enemies":"Jaw Worm","floor":3,"turns":3},{"damage":0,"enemies":"Cultist","floor":5,"turns":2},{"damage":23,"enemies":"Lagavulin","floor":6,"turns":6},{"damage":41,"enemies":"Gremlin Nob","floor":8,"turns":5},{"damage":10,"enemies":"Lagavulin","floor":10,"turns":7},{"damage":0,"enemies":"Lots of Slimes","floor":12,"turns":4},{"damage":9,"enemies":"Gremlin Nob","floor":13,"turns":4},{"damage":10,"enemies":"The Guardian","floor":16,"turns":9},{"damage":1,"enemies":"Chosen","floor":18,"turns":4},{"damage":0,"enemies":"Masked Bandits","floor":19,"turns":2},{"damage":3,"enemies":"Spheric Guardian","floor":22,"turns":3},{"damage":0,"enemies":"Shelled Parasite and Fungi","floor":24,"turns":2},{"damage":24,"enemies":"Book of Stabbing","floor":25,"turns":5},{"damage":0,"enemies":"Snake Plant","floor":28,"turns":1},{"damage":2,"enemies":"Centurion and Healer","floor":29,"turns":5},{"damage":25,"enemies":"Snecko","floor":30,"turns":7},{"damage":41,"enemies":"Automaton","floor":33,"turns":8}],"seed_played":"-5421175097881001871","potions_obtained":[{"floor":1,"key":"SkillPotion"},{"floor":10,"key":"CultistPotion"},{"floor":13,"key":"LiquidMemories"},{"floor":19,"key":"SpeedPotion"},{"floor":22,"key":"SkillPotion"},{"floor":24,"key":"Fire Potion"},{"floor":25,"key":"SkillPotion"},{"floor":28,"key":"FearPotion"},{"floor":33,"key":"Explosive Potion"}],"is_trial":false,"path_per_floor":["M","$","M","?","M","E","?","E","T","E","?","M","E","$","R","B",null,"M","?","?","T","M","R","M","E","T","R","M","M","M","$","R","B"],"character_chosen":"WATCHER","items_purchased":["Consecrate","Explosive Potion","EmptyFist","LikeWater","FearNoEvil"],"campfire_rested":1,"item_purchase_floors":[2,2,14,14,31],"current_hp_per_floor":[63,63,67,67,68,51,51,16,16,12,12,18,15,15,35,31,59,64,68,56,56,59,59,65,47,47,47,53,57,38,38,38,0,0],"gold":12,"neow_bonus":"NOSTALGIA","is_daily":false,"chose_seed":false,"campfire_upgraded":3,"win_rate":0.0,"timestamp":1610234704,"path_taken":["M","$","M","?","M","E","?","E","T","E","?","?","E","?","R","BOSS","M","?","?","?","?","R","M","E","T","R","M","M","M","$","R","BOSS"],"items_purchased_type":["Card","Potion","Card","Card","Card"],"build_version":"2020-12-22","purchased_purges":0,"victory":false,"max_hp_per_floor":[68,68,68,68,68,68,68,68,68,68,68,68,68,68,68,68,68,68,68,68,68,68,68,68,68,68,68,68,68,68,68,68,68,68],"card_choices":[{"not_picked":["DeceiveReality","Pray"],"picked":"BowlingBash","floor":1},{"not_picked":["PathToVictory","WheelKick"],"picked":"FollowUp","floor":3},{"not_picked":["Vengeance","ClearTheMind"],"picked":"EmptyBody","floor":5},{"not_picked":["Weave","CutThroughFate"],"picked":"Wallop","floor":6},{"not_picked":["Judgement","ThirdEye"],"picked":"SashWhip","floor":8},{"not_picked":["Vengeance","MasterReality"],"picked":"LikeWater","floor":10},{"not_picked":["CutThroughFate","SashWhip","CrushJoints"],"picked":"SKIP","floor":12},{"not_picked":["Alpha","Worship"],"picked":"Evaluate","floor":13},{"not_picked":["Establishment","Wish"],"picked":"Brilliance","floor":16},{"not_picked":["BattleHymn","WaveOfTheHand"],"picked":"Consecrate","floor":18},{"not_picked":["PathToVictory","ThirdEye"],"picked":"Protect","floor":19},{"not_picked":["Collect","Evaluate"],"picked":"FlyingSleeves","floor":20},{"not_picked":["Evolve+1","Stack+1"],"picked":"Dramatic Entrance","floor":22},{"not_picked":["Gash","Rebound"],"picked":"Auto Shields+1","floor":24},{"not_picked":["Night Terror","Entrench","Consume"],"picked":"SKIP","floor":25},{"not_picked":["LikeWater","Escape Plan","Body Slam"],"picked":"SKIP","floor":28},{"not_picked":["Outmaneuver","Coolheaded"],"picked":"True Grit+1","floor":29},{"not_picked":["CutThroughFate","Magnetism","Bloodletting"],"picked":"SKIP","floor":30}],"player_experience":2916374,"relics_obtained":[{"floor":6,"key":"aspiration:FrozenJewel"},{"floor":8,"key":"aspiration:StickyExplosives"},{"floor":9,"key":"Akabeko"},{"floor":10,"key":"aspiration:ChemicalBlood"},{"floor":13,"key":"Tiny Chest"},{"floor":19,"key":"Red Mask"},{"floor":20,"key":"PrismaticShard"},{"floor":21,"key":"Regal Pillow"},{"floor":25,"key":"aspiration:Lifesprig"},{"floor":26,"key":"Du-Vu Doll"}],"event_choices":[{"damage_healed":0,"gold_gain":0,"player_choice":"Grow","damage_taken":0,"max_hp_gain":0,"max_hp_loss":0,"event_name":"Living Wall","floor":4,"gold_loss":0,"cards_upgraded":["Eruption"]},{"damage_healed":0,"gold_gain":0,"player_choice":"Searched \u00270\u0027 times","damage_taken":0,"max_hp_gain":0,"max_hp_loss":0,"event_name":"Dead Adventurer","floor":7,"gold_loss":0},{"damage_healed":0,"gold_gain":0,"player_choice":"Bought 1 Potion","damage_taken":0,"max_hp_gain":0,"max_hp_loss":0,"event_name":"The Woman in Blue","floor":11,"gold_loss":0},{"damage_healed":0,"gold_gain":0,"player_choice":"Fought Bandits","damage_taken":0,"max_hp_gain":0,"max_hp_loss":0,"event_name":"Masked Bandits","floor":19,"gold_loss":0}],"is_beta":false,"boss_relics":[{"not_picked":["Sozu","Busted Crown"],"picked":"Ectoplasm"}],"items_purged_floors":[],"is_endless":false,"potions_floor_spawned":[1,3,10,13,18,19,24,28],"killed_by":"Automaton","ascension_level":20}}