{"host":"3498uni0c31c9bdm","time":1610224443,"event":{"mods":["BaseMod","Better Third Choice","Minty Spire (QoL Compilation)","Replay The Spire","StSLib"],"gold_per_floor":[116,78,47,67,67,67,92,92,92,126,137,176,205,222,222,326,326,349,349,49,77,77,142,172,221,272,322,19,50,78,78,78,193,193,222,222,32,74,82,116,116,136,136],"floor_reached":42,"playtime":2043,"items_purged":[],"score":766,"play_id":"a5d7f7db-186e-4c75-ad21-2c9b925f8bca","local_time":"20210110073403","is_ascension_mode":true,"campfire_choices":[{"floor":6,"key":"RECALL"},{"data":"Uppercut","floor":8,"key":"SMITH"},{"data":"Armaments","floor":15,"key":"SMITH"},{"floor":32,"key":"REST"},{"floor":41,"key":"REST"}],"circlet_count":0,"master_deck":["Strike_R","Strike_R","Strike_R","Strike_R","Strike_R","Defend_R","Defend_R","Defend_R","Defend_R+1","Bash","Twin Strike","Whirlwind","Fire Breathing","Uppercut+1","Perfected Strike","ReplayTheSpireMod:Muscle Training","ReplayTheSpireMod:Splinters","Armaments+1","Feed+1","Flame Barrier+1","Limit Break+1","CurseOfTheBell","Iron Wave","Armaments+1","Thunderclap","Wild Strike","Rage+1","Eclipse+1","Immolate+1","Cleave+1","Pommel Strike","Shame","Demon Form+1","Blood for Blood+1","Writhe","Rage+1","Flex+1","Cleave"],"relics":["Black Blood","NeowsBlessing","betterThird:SlimedRelic","ReplayTheSpireMod:Ring of Addiction","Potion Belt","SacredBark","Golden Egg","Kunai","Garlic","Replay:Bottled Flurry","Calling Bell","Replay:Bandana","Replay:Accelerometer","Lizard Tail","Replay:Rubber Ducky","Anchor","Toxic Egg 2","Pondfish Scales","War Paint","MealTicket","Replay:Mystery Machine","Tiny Chest","Blue Doll","Boot"],"acts_visited":["Exordium","TheCity","TheBeyond"],"potions_floor_usage":[10,13,16,23,25,30,30,33,33,38,39,42],"damage_taken":[{"damage":0,"enemies":"Jaw Worm","floor":1,"turns":1},{"damage":0,"enemies":"2 Louse","floor":4,"turns":1},{"damage":0,"enemies":"Lagavulin","floor":7,"turns":1},{"damage":16,"enemies":"Gremlin Nob","floor":10,"turns":3},{"damage":0,"enemies":"Cultist","floor":11,"turns":3},{"damage":8,"enemies":"3 Sentries","floor":13,"turns":4},{"damage":1,"enemies":"Large Slime","floor":14,"turns":3},{"damage":11,"enemies":"Hexaghost","floor":16,"turns":10},{"damage":37,"enemies":"Shell Parasite","floor":18,"turns":8},{"damage":17,"enemies":"Spheric Guardian","floor":21,"turns":5},{"damage":31,"enemies":"Slavers","floor":23,"turns":6},{"damage":0,"enemies":"Snake Plant","floor":24,"turns":5},{"damage":5,"enemies":"Replay:Snechameleon","floor":25,"turns":7},{"damage":36,"enemies":"Gremlin Leader","floor":27,"turns":14},{"damage":35,"enemies":"Snecko","floor":29,"turns":6},{"damage":8,"enemies":"Centurion and Healer","floor":30,"turns":5},{"damage":86,"enemies":"Collector","floor":33,"turns":11},{"damage":6,"enemies":"3 Shapes","floor":35,"turns":6},{"damage":40,"enemies":"3 Darklings","floor":38,"turns":5},{"damage":17,"enemies":"Transient","floor":39,"turns":3},{"damage":37,"enemies":"R_Hoarder","floor":40,"turns":11},{"damage":62,"enemies":"Reptomancer","floor":42,"turns":5}],"seed_played":"962853548397899025","potions_obtained":[{"floor":4,"key":"Fire Potion"},{"floor":5,"key":"SkillPotion"},{"floor":5,"key":"DuplicationPotion"},{"floor":5,"key":"GamblersBrew"},{"floor":7,"key":"Weak Potion"},{"floor":10,"key":"Weak Potion"},{"floor":11,"key":"Regen Potion"},{"floor":12,"key":"ColorlessPotion"},{"floor":12,"key":"SteroidPotion"},{"floor":14,"key":"SmokeBomb"},{"floor":18,"key":"LiquidMemories"},{"floor":25,"key":"ElixirPotion"},{"floor":29,"key":"DistilledChaos"},{"floor":33,"key":"SpeedPotion"},{"floor":40,"key":"Swift Potion"}],"is_trial":false,"path_per_floor":["M","$","?","M","?","R","E","R","T","E","M","?","E","M","R","B",null,"M","?","$","M","?","E","M","E","T","E","$","M","M","?","R","B",null,"M","?","$","M","M","E","R","E"],"character_chosen":"IRONCLAD","items_purchased":["Whirlwind","Replay:Rubber Ducky","Anchor","MealTicket","Replay:Mystery Machine","Blue Doll","Rage+1"],"campfire_rested":2,"item_purchase_floors":[2,20,20,28,28,37,37],"current_hp_per_floor":[78,78,67,73,73,73,79,79,78,68,74,74,72,77,77,72,77,46,46,46,35,60,74,74,78,78,48,48,19,21,21,45,10,63,73,84,82,58,53,33,58,0,0],"gold":136,"neow_bonus":"THREE_ENEMY_KILL","is_daily":false,"chose_seed":false,"campfire_upgraded":2,"win_rate":0.0,"timestamp":1610224443,"path_taken":["M","$","?","M","?","R","E","R","T","E","M","?","E","M","R","BOSS","M","?","$","?","?","E","M","E","T","E","?","?","M","?","R","BOSS","M","?","$","M","M","E","R","E"],"items_purchased_type":["Card","Relic","Relic","Relic","Relic","Relic","Card"],"build_version":"2020-12-22","purchased_purges":0,"victory":false,"max_hp_per_floor":[80,80,80,80,80,80,80,80,78,78,78,78,78,78,78,78,78,78,78,76,76,76,74,74,78,78,78,78,76,80,80,80,80,80,84,84,82,86,86,86,86,86,86],"card_choices":[{"not_picked":["Shrug It Off","Clash"],"picked":"Twin Strike","floor":1},{"not_picked":["Cleave","Inflame"],"picked":"Fire Breathing","floor":4},{"not_picked":["Wild Strike","Bloodletting"],"picked":"Uppercut","floor":7},{"not_picked":["Massacre","Brutality"],"picked":"Perfected Strike","floor":10},{"not_picked":["Body Slam","Thunderclap"],"picked":"ReplayTheSpireMod:Muscle Training","floor":11},{"not_picked":["Cleave","Feel No Pain"],"picked":"Armaments","floor":12},{"not_picked":["Armaments","ReplayReversal"],"picked":"Feed","floor":13},{"not_picked":["Shrug It Off","Armaments"],"picked":"Flame Barrier","floor":14},{"not_picked":["Double Tap","Corruption"],"picked":"Limit Break","floor":16},{"not_picked":["Flex","True Grit+1"],"picked":"Iron Wave","floor":18},{"not_picked":["ReplayTheSpireMod:Corrosion Curse","Blood for Blood"],"picked":"Thunderclap","floor":21},{"not_picked":["Battle Trance+1","Perfected Strike"],"picked":"Wild Strike","floor":23},{"not_picked":["Wild Strike","Havoc+1"],"picked":"Rage+1","floor":24},{"not_picked":["Intimidate+1","Abandon+1"],"picked":"Eclipse+1","floor":25},{"not_picked":["Iron Wave","Second Wind+1"],"picked":"Immolate","floor":27},{"not_picked":["Flex+1","Havoc+1"],"picked":"Cleave+1","floor":29},{"not_picked":["Clash","True Grit+1"],"picked":"Pommel Strike","floor":30},{"not_picked":["Demonic Infusion+1","Berserk"],"picked":"Demon Form","floor":33},{"not_picked":["Sword Boomerang+1","Wild Strike+1"],"picked":"Blood for Blood+1","floor":35},{"not_picked":["Dual Wield+1","True Grit+1"],"picked":"Flex+1","floor":38},{"not_picked":["Sentinel+1","Massacre"],"picked":"Cleave","floor":40}],"player_experience":674093,"relics_obtained":[{"floor":5,"key":"ReplayTheSpireMod:Ring of Addiction"},{"floor":5,"key":"Potion Belt"},{"floor":5,"key":"SacredBark"},{"floor":7,"key":"Golden Egg"},{"floor":9,"key":"Kunai"},{"floor":10,"key":"Garlic"},{"floor":13,"key":"Replay:Bottled Flurry"},{"floor":17,"key":"Replay:Bandana"},{"floor":17,"key":"Replay:Accelerometer"},{"floor":17,"key":"Lizard Tail"},{"floor":23,"key":"Toxic Egg 2"},{"floor":25,"key":"Pondfish Scales"},{"floor":27,"key":"War Paint"},{"floor":40,"key":"Boot"}],"event_choices":[{"damage_healed":0,"gold_gain":0,"player_choice":"Slimed","damage_taken":11,"max_hp_gain":0,"max_hp_loss":0,"event_name":"betterThird:BetterGoop","floor":3,"gold_loss":31},{"damage_healed":0,"gold_gain":0,"player_choice":"Copied","damage_taken":0,"max_hp_gain":0,"max_hp_loss":0,"event_name":"Duplicator","floor":19,"gold_loss":0,"cards_obtained":["Armaments"]},{"damage_healed":25,"gold_gain":0,"player_choice":"Heal","damage_taken":0,"max_hp_gain":0,"max_hp_loss":0,"event_name":"The Library","floor":22,"gold_loss":0},{"damage_healed":0,"gold_gain":0,"player_choice":"Stole Relic","damage_taken":0,"relics_obtained":["Tiny Chest"],"max_hp_gain":0,"max_hp_loss":0,"event_name":"Addict","floor":31,"gold_loss":0,"cards_obtained":["Shame"]},{"damage_healed":21,"gold_gain":0,"player_choice":"Writhe","damage_taken":0,"max_hp_gain":0,"max_hp_loss":0,"event_name":"Winding Halls","floor":36,"gold_loss":0,"cards_obtained":["Writhe"]}],"is_beta":false,"boss_relics":[{"not_picked":["Velvet Choker","Replay:Drink Me"],"picked":"Calling Bell"},{"not_picked":["Astrolabe","Fusion Hammer"],"picked":"Black Blood"}],"items_purged_floors":[],"is_endless":false,"potions_floor_spawned":[4,7,10,11,14,18,25,29,33,40],"killed_by":"Reptomancer","ascension_level":8}}