{"host":"hzinic87vu8p95wn","time":1610202504,"event":{"mods":["BaseMod","Minty Spire (QoL Compilation)"],"gold_per_floor":[114,114,135,135,36,36,69,82,82,82,152,225,240,283,283,376,376,390,99,239,305,321,342,342,342,342],"floor_reached":25,"playtime":789,"items_purged":["Injury","Strike_B"],"score":456,"play_id":"dbcd199a-b2cb-4669-8e26-a16adb7d5bc6","local_time":"20210110012824","is_ascension_mode":true,"campfire_choices":[{"data":"Streamline","floor":6,"key":"SMITH"},{"data":"Glacier","floor":10,"key":"SMITH"},{"data":"Conserve Battery","floor":15,"key":"SMITH"},{"floor":24,"key":"REST"}],"circlet_count":0,"master_deck":["AscendersBane","Strike_B","Strike_B","Strike_B","Defend_B","Defend_B","Defend_B","Defend_B","Zap","Dualcast","Streamline+1","Cold Snap","Conserve Battery+1","Capacitor","Glacier+1","Sweeping Beam","Ball Lightning","Creative AI","Compile Driver+1"],"relics":["Cracked Core","NeowsBlessing","Golden Idol","SsserpentHead","Singing Bowl","Mercury Hourglass","Lantern","Velvet Choker","Membership Card","Vajra"],"acts_visited":["Exordium","TheCity"],"potions_floor_usage":[16,21,22,25],"damage_taken":[{"damage":0,"enemies":"Cultist","floor":1,"turns":1},{"damage":0,"enemies":"2 Louse","floor":3,"turns":1},{"damage":0,"enemies":"Gremlin Nob","floor":7,"turns":1},{"damage":3,"enemies":"Small Slimes","floor":8,"turns":3},{"damage":3,"enemies":"Gremlin Gang","floor":11,"turns":4},{"damage":3,"enemies":"Exordium Wildlife","floor":12,"turns":3},{"damage":0,"enemies":"Blue Slaver","floor":13,"turns":4},{"damage":10,"enemies":"Lagavulin","floor":14,"turns":7},{"damage":7,"enemies":"The Guardian","floor":16,"turns":12},{"damage":8,"enemies":"Spheric Guardian","floor":18,"turns":4},{"damage":3,"enemies":"Chosen","floor":21,"turns":5},{"damage":21,"enemies":"Snecko","floor":22,"turns":5},{"damage":16,"enemies":"Shelled Parasite and Fungi","floor":23,"turns":6},{"damage":0,"enemies":"Gremlin Leader","floor":25,"turns":2}],"seed_played":"-8696047334849670796","potions_obtained":[{"floor":8,"key":"ColorlessPotion"},{"floor":12,"key":"EssenceOfSteel"},{"floor":14,"key":"Dexterity Potion"},{"floor":16,"key":"Weak Potion"},{"floor":23,"key":"SneckoOil"}],"is_trial":false,"path_per_floor":["M","?","M","?","$","R","E","M","T","R","M","M","M","E","R","B",null,"M","$","?","M","M","M","R","E"],"character_chosen":"DEFECT","items_purchased":["Conserve Battery","Membership Card","Vajra"],"campfire_rested":1,"item_purchase_floors":[5,19,19],"current_hp_per_floor":[64,64,64,64,64,64,64,61,61,61,60,57,57,49,49,42,67,61,61,49,46,27,13,37,37,37],"gold":342,"neow_bonus":"THREE_ENEMY_KILL","is_daily":false,"chose_seed":false,"campfire_upgraded":3,"win_rate":0.0,"timestamp":1610202504,"path_taken":["M","?","M","?","$","R","E","M","T","R","?","?","M","E","R","BOSS","M","$","?","?","M","M","R","E"],"items_purchased_type":["Card","Relic","Relic"],"build_version":"2020-12-22","purchased_purges":2,"victory":false,"max_hp_per_floor":[71,71,71,71,71,71,71,71,71,71,73,73,73,75,75,75,75,77,77,77,77,79,81,81,81,81],"card_choices":[{"not_picked":["Stack","Go for the Eyes"],"picked":"Streamline","floor":1},{"not_picked":["Force Field","Leap"],"picked":"Cold Snap","floor":3},{"not_picked":["Multi-Cast","Coolheaded"],"picked":"Capacitor","floor":7},{"not_picked":["Rebound","Consume"],"picked":"Glacier","floor":8},{"not_picked":["Turbo","Steam","Cold Snap"],"picked":"Singing Bowl","floor":11},{"not_picked":["Cold Snap","Stack"],"picked":"Sweeping Beam","floor":12},{"not_picked":["Hyperbeam","Rebound"],"picked":"Ball Lightning","floor":13},{"not_picked":["Scrape","Undo","FTL"],"picked":"Singing Bowl","floor":14},{"not_picked":["Hyperbeam","Multi-Cast"],"picked":"Creative AI","floor":16},{"not_picked":["Blizzard","Storm+1","Fusion+1"],"picked":"Singing Bowl","floor":18},{"not_picked":["Barrage","Redo+1"],"picked":"Compile Driver+1","floor":21},{"not_picked":["Turbo","Rebound","Conserve Battery"],"picked":"Singing Bowl","floor":22},{"not_picked":["Cold Snap","Steam","Genetic Algorithm"],"picked":"Singing Bowl","floor":23}],"player_experience":1561561,"relics_obtained":[{"floor":7,"key":"Singing Bowl"},{"floor":9,"key":"Mercury Hourglass"},{"floor":14,"key":"Lantern"}],"event_choices":[{"damage_healed":0,"gold_gain":0,"player_choice":"Take Wound","damage_taken":0,"relics_obtained":["Golden Idol"],"max_hp_gain":0,"max_hp_loss":0,"event_name":"Golden Idol","floor":2,"gold_loss":0,"cards_obtained":["Injury"]},{"damage_healed":0,"gold_gain":0,"player_choice":"Trade","damage_taken":0,"relics_obtained":["SsserpentHead"],"max_hp_gain":0,"max_hp_loss":0,"event_name":"FaceTrader","floor":4,"gold_loss":0},{"damage_healed":0,"gold_gain":90,"player_choice":"GOLD ","damage_taken":12,"max_hp_gain":0,"max_hp_loss":0,"event_name":"Knowing Skull","floor":20,"potions_obtained":[],"gold_loss":0,"cards_obtained":[]}],"is_beta":false,"boss_relics":[{"not_picked":["FrozenCore","Runic Pyramid"],"picked":"Velvet Choker"}],"items_purged_floors":[5,19],"is_endless":false,"potions_floor_spawned":[8,12,14,16,23],"killed_by":"Gremlin Leader","ascension_level":18}}