{"host":"1p0ug38l8q9et435","time":1610216805,"event":{"mods":["AchievementEnabler","BaseMod","Colored Powertips","Downfall","Minty Spire (QoL Compilation)","StSLib","UnlockEverythingMod"],"gold_per_floor":[117,134,36,54,54,54,86,97,97,97,97,97,116,143,143,246,246,256,12,12,25,36,36,51,51,74,94,113,113,113],"floor_reached":29,"playtime":1740,"items_purged":[],"score":262,"play_id":"672e9f8c-2b3e-4ca1-8557-b03fa1eedb49","local_time":"20210109102645","is_ascension_mode":false,"campfire_choices":[{"floor":6,"key":"RECALL"},{"floor":10,"key":"REST"},{"floor":12,"key":"REST"},{"data":"Eruption","floor":15,"key":"SMITH"},{"floor":23,"key":"REST"},{"floor":25,"key":"REST"}],"circlet_count":0,"master_deck":["Strike_P","Strike_P","Strike_P","Strike_P","Defend_P","Defend_P","Defend_P","Defend_P","Eruption+1","Vigilance","Evaluate","Judgement","EmptyFist","BattleHymn","Evaluate","Perseverance","BattleHymn","BattleHymn","JustLucky","Judgement","Weave","Writhe","Halt+1","Halt+1","CutThroughFate","Consecrate+1","ThirdEye"],"relics":["PureWater","Damaru","Oddly Smooth Stone","NlothsMask","Pear","Runic Pyramid","Eternal Feather","Blue Candle"],"acts_visited":["Exordium","TheCity"],"potions_floor_usage":[13,16,16,24],"damage_taken":[{"damage":0,"enemies":"Cultist","floor":1,"turns":3},{"damage":1,"enemies":"Small Slimes","floor":2,"turns":3},{"damage":3,"enemies":"2 Louse","floor":4,"turns":2},{"damage":38,"enemies":"Gremlin Nob","floor":7,"turns":5},{"damage":1,"enemies":"Large Slime","floor":8,"turns":5},{"damage":0,"enemies":"Red Slaver","floor":13,"turns":3},{"damage":13,"enemies":"3 Sentries","floor":14,"turns":6},{"damage":32,"enemies":"Hexaghost","floor":16,"turns":7},{"damage":23,"enemies":"2 Thieves","floor":18,"turns":3},{"damage":36,"enemies":"Shell Parasite","floor":21,"turns":4},{"damage":29,"enemies":"Centurion and Healer","floor":22,"turns":4},{"damage":11,"enemies":"Snake Plant","floor":24,"turns":4},{"damage":30,"enemies":"Snecko","floor":27,"turns":5},{"damage":37,"enemies":"Centurion and Healer","floor":28,"turns":6},{"damage":7,"enemies":"Snake Plant","floor":29,"turns":1}],"seed_played":"-9002905534168540327","potions_obtained":[{"floor":2,"key":"LiquidMemories"},{"floor":8,"key":"DistilledChaos"},{"floor":13,"key":"ColorlessPotion"},{"floor":21,"key":"champ:CounterPotion"},{"floor":22,"key":"SneckoOil"},{"floor":28,"key":"Regen Potion"}],"is_trial":false,"path_per_floor":["M","M","$","M","?","R","E","M","T","R","?","R","M","E","R","B",null,"M","$","?","M","M","R","M","R","T","M","M","M"],"character_chosen":"WATCHER","items_purchased":["EmptyFist","BattleHymn","Eternal Feather"],"campfire_rested":4,"item_purchase_floors":[3,3,19],"current_hp_per_floor":[79,78,78,75,75,75,37,36,36,59,59,79,79,76,76,44,89,66,66,66,30,1,39,28,69,69,39,2,0,0],"gold":113,"neow_bonus":"TEN_PERCENT_HP_BONUS","is_daily":false,"chose_seed":false,"campfire_upgraded":1,"win_rate":0.0,"timestamp":1610216805,"path_taken":["M","M","$","M","?","R","E","M","T","R","?","R","?","E","R","BOSS","M","$","?","M","M","R","M","R","T","M","M","M"],"items_purchased_type":["Card","Card","Relic"],"build_version":"2020-12-22","purchased_purges":0,"victory":false,"max_hp_per_floor":[79,79,79,79,79,79,79,79,79,79,79,79,79,89,89,89,89,89,89,89,89,89,89,89,89,89,89,89,89,89],"card_choices":[{"not_picked":["FollowUp","ThirdEye"],"picked":"Evaluate","floor":1},{"not_picked":["CrushJoints","FlurryOfBlows"],"picked":"Judgement","floor":2},{"not_picked":["FollowUp","Blasphemy"],"picked":"Evaluate","floor":4},{"not_picked":["LikeWater","TalkToTheHand"],"picked":"Perseverance","floor":7},{"not_picked":["SignatureMove","DeceiveReality"],"picked":"BattleHymn","floor":8},{"not_picked":["Pray","Evaluate"],"picked":"BattleHymn","floor":13},{"not_picked":["Halt","Prostrate"],"picked":"JustLucky","floor":14},{"not_picked":["Blasphemy","LessonLearned"],"picked":"Judgement","floor":16},{"not_picked":["FlyingSleeves","Worship"],"picked":"Weave","floor":18},{"not_picked":["Consecrate","Prostrate"],"picked":"Halt+1","floor":21},{"not_picked":["Protect","TalkToTheHand"],"picked":"Halt+1","floor":22},{"not_picked":["WaveOfTheHand","EmptyFist"],"picked":"CutThroughFate","floor":24},{"not_picked":["Sanctity","Halt+1"],"picked":"Consecrate+1","floor":27},{"not_picked":["DeceiveReality","Worship"],"picked":"ThirdEye","floor":28}],"player_experience":3223,"relics_obtained":[{"floor":7,"key":"Damaru"},{"floor":9,"key":"Oddly Smooth Stone"},{"floor":14,"key":"Pear"}],"event_choices":[{"damage_healed":0,"gold_gain":0,"player_choice":"Leave","damage_taken":0,"max_hp_gain":0,"max_hp_loss":0,"event_name":"The Cleric","floor":5,"gold_loss":0},{"damage_healed":0,"gold_gain":0,"player_choice":"Trade","damage_taken":0,"relics_obtained":["NlothsMask"],"max_hp_gain":0,"max_hp_loss":0,"event_name":"FaceTrader","floor":11,"gold_loss":0},{"damage_healed":0,"gold_gain":0,"player_choice":"Opened","damage_taken":0,"relics_obtained":["Blue Candle"],"max_hp_gain":0,"max_hp_loss":0,"event_name":"The Mausoleum","floor":20,"gold_loss":0,"cards_obtained":["Writhe"]}],"is_beta":false,"boss_relics":[{"not_picked":["Velvet Choker","Empty Cage"],"picked":"Runic Pyramid"}],"items_purged_floors":[],"is_endless":false,"potions_floor_spawned":[2,8,13,21,22,28],"killed_by":"Snake Plant","ascension_level":0}}