{"host":"mfnyjbfkyfsz33u9","time":1610154843,"event":{"mods":["2.2 Compatiblity","BaseMod","Colored Powertips","Downfall","Marisa£¨Ùöéë¡¡Øª×âÞÞ£©","Minty Spire (QoL Compilation)","Rare Cards Sparkle","Replay The Spire","StSLib","SuperFastMode","The Cursed"],"gold_per_floor":[111,127,202,216,227,227,227,227,527,570,589,460,460,479,479,608,608,627,627,54,78,78,78,78,94,94,94,129,149,185,198,198,327,327,342,19,34,34,34],"floor_reached":38,"playtime":1436,"items_purged":["Strike_R"],"score":621,"play_id":"3960ff13-afa7-41bf-89a7-553251d92c6e","local_time":"20210109101403","is_ascension_mode":true,"campfire_choices":[{"data":"Double Tap","floor":6,"key":"SMITH"},{"data":"Replay:Undeath\u0027s Touch","floor":8,"key":"SMITH"},{"floor":15,"key":"DIG"},{"data":"ReplayTheSpireMod:LeadingStrike","floor":23,"key":"SMITH"},{"floor":32,"key":"RECALL"}],"circlet_count":0,"master_deck":["Strike_R+1","Defend_R+1","Defend_R+1","Defend_R+1","Bash","Double Tap+1","Flame Barrier","Spot Weakness","Replay:Undeath\u0027s Touch+1","ReplayTheSpireMod:LeadingStrike+1","Shrug It Off","Flex","Fiend Fire","Body Slam+1","Rupture+1","Hemogenesis+1","Warcry","Master of Strategy","Whirlwind","Dual Wield+1","Impervious+1","Rage+1","Combust","Iron Wave+1"],"relics":["Burning Blood","Golden Idol","Old Coin","Peace Pipe","Mercury Hourglass","Astrolabe","ReplayTheSpireMod:Spearhead","Bronze Scales","Replay:Bottled Snecko","Divine Protection","Toxic Egg 2","Lantern","Runic Cube","ReplayTheSpireMod:Shallot"],"acts_visited":["Exordium","TheCity","TheBeyond"],"potions_floor_usage":[10,16,28,31,33,33],"damage_taken":[{"damage":0.0,"enemies":"Small Slimes","floor":1.0,"turns":4.0},{"damage":6.0,"enemies":"Cultist","floor":2.0,"turns":3.0},{"damage":2,"enemies":"2 Louse","floor":4,"turns":3},{"damage":12,"enemies":"2 Fungi Beasts","floor":5,"turns":3},{"damage":23,"enemies":"Lagavulin","floor":10,"turns":5},{"damage":4,"enemies":"Large Slime","floor":11,"turns":6},{"damage":0,"enemies":"3 Louse","floor":14,"turns":4},{"damage":45,"enemies":"The Guardian","floor":16,"turns":14},{"damage":22,"enemies":"Spheric Guardian","floor":18,"turns":5},{"damage":17,"enemies":"Shell Parasite","floor":21,"turns":5},{"damage":13,"enemies":"Snake Plant","floor":25,"turns":2},{"damage":0,"enemies":"Replay:Snechameleon","floor":28,"turns":6},{"damage":0,"enemies":"Centurion and Healer","floor":29,"turns":9},{"damage":40,"enemies":"Gremlin Leader","floor":30,"turns":5},{"damage":20,"enemies":"Shelled Parasite and Fungi","floor":31,"turns":4},{"damage":27,"enemies":"Pondfish","floor":33,"turns":8},{"damage":23,"enemies":"3 Darklings","floor":35,"turns":4},{"damage":22,"enemies":"Orb Walker","floor":37,"turns":4},{"damage":48,"enemies":"Orin","floor":38,"turns":6}],"seed_played":"-5371086427917391076","potions_obtained":[{"floor":4,"key":"SkillPotion"},{"floor":11,"key":"Regen Potion"},{"floor":14,"key":"Languid Potion"},{"floor":16,"key":"BloodPotion"},{"floor":25,"key":"Guardian:BlockOnCardUsePotion"},{"floor":30,"key":"Block Potion"},{"floor":33,"key":"Ancient Potion"},{"floor":35,"key":"HeartOfIron"}],"is_trial":false,"path_per_floor":["M","M","?","M","M","R","?","R","T","E","M","$","?","M","R","B",null,"M","?","$","M","?","R","?","M","T","?","E","M","E","M","R","B",null,"M","$","M","?"],"character_chosen":"IRONCLAD","items_purchased":["Shrug It Off","Bronze Scales","Replay:Bottled Snecko","Master of Strategy","Combust","ReplayTheSpireMod:Shallot"],"campfire_rested":0,"item_purchase_floors":[12,20,20,20,36,36],"current_hp_per_floor":[72,72,65,69,63,63,45,45,45,28,30,30,30,36,36,12,72,56,56,56,53,72,72,72,65,65,65,72,72,38,46,46,33,72,55,55,47,0,0],"gold":34,"neow_bonus":"THREE_RARE_CARDS","is_daily":false,"chose_seed":false,"campfire_upgraded":3,"win_rate":0.0,"timestamp":1610154843,"path_taken":["M","M","?","M","?","R","?","R","T","E","M","$","?","?","R","BOSS","M","?","$","M","?","R","?","M","T","?","E","M","E","M","R","BOSS","M","$","M","?"],"items_purchased_type":["Card","Relic","Relic","Card","Card","Relic"],"build_version":"2020-12-22","purchased_purges":1,"victory":false,"max_hp_per_floor":[72,72,72,72,72,72,72,72,72,72,72,72,72,72,72,72,72,72,72,72,72,72,72,72,72,72,72,72,72,72,72,72,72,72,72,72,72,72,72],"card_choices":[{"not_picked":["Limit Break","Reaper"],"picked":"Double Tap","floor":0.0},{"not_picked":["Sword Boomerang","True Grit"],"picked":"Flame Barrier","floor":1.0},{"not_picked":["Body Slam","Shrug It Off"],"picked":"Spot Weakness","floor":2.0},{"not_picked":["Shockwave","Clash"],"picked":"Replay:Undeath\u0027s Touch","floor":4},{"not_picked":["Blood for Blood","ReplayTheSpireMod:Corrosion Curse","True Grit"],"picked":"SKIP","floor":5},{"not_picked":["Armaments","Flame Barrier"],"picked":"ReplayTheSpireMod:LeadingStrike","floor":10},{"not_picked":["Thunderclap","Flame Barrier","Body Slam"],"picked":"SKIP","floor":11},{"not_picked":["ReplayTheSpireMod:Strike From Hell","Warcry"],"picked":"Flex","floor":14},{"not_picked":["Impervious","Brutality"],"picked":"Fiend Fire","floor":16},{"not_picked":["Infernal Blade","ReplayTheSpireMod:Strike From Hell"],"picked":"Warcry","floor":18},{"not_picked":["ReplayTheSpireMod:Strike From Hell","Sword Boomerang+1","Perfected Strike"],"picked":"SKIP","floor":21},{"not_picked":["Flex+1","Perfected Strike"],"picked":"Whirlwind","floor":25},{"not_picked":["Reaper","Replay:Undeath\u0027s Touch"],"picked":"Dual Wield+1","floor":28},{"not_picked":["Carnage","Second Wind+1","Whirlwind"],"picked":"SKIP","floor":29},{"not_picked":["Burning Pact+1","Barricade","Cleave"],"picked":"SKIP","floor":30},{"not_picked":["Rage+1","Body Slam","Perfected Strike+1"],"picked":"SKIP","floor":31},{"not_picked":["Demon Form","Double Tap+1"],"picked":"Impervious+1","floor":33},{"not_picked":["Twin Strike","Clash"],"picked":"Rage+1","floor":35},{"not_picked":["Rupture+1","Headbutt+1"],"picked":"Iron Wave+1","floor":37}],"player_experience":27918,"relics_obtained":[{"floor":9,"key":"Old Coin"},{"floor":10,"key":"Peace Pipe"},{"floor":15,"key":"Mercury Hourglass"},{"floor":26,"key":"Divine Protection"},{"floor":28,"key":"Toxic Egg 2"},{"floor":30,"key":"Lantern"}],"event_choices":[{"damage_healed":0,"gold_gain":75,"player_choice":"Touch","damage_taken":7,"max_hp_gain":0,"max_hp_loss":0,"event_name":"FaceTrader","floor":3,"gold_loss":0},{"damage_healed":0,"gold_gain":0,"player_choice":"Take Damage","damage_taken":18,"relics_obtained":["Golden Idol"],"max_hp_gain":0,"max_hp_loss":0,"event_name":"Golden Idol","floor":7,"gold_loss":0},{"cards_removed":["Strike_R"],"damage_healed":0,"gold_gain":0,"player_choice":"Purged","damage_taken":0,"max_hp_gain":0,"max_hp_loss":0,"event_name":"Purifier","floor":13,"gold_loss":0},{"damage_healed":0,"gold_gain":0,"player_choice":"Opened","damage_taken":0,"relics_obtained":["ReplayTheSpireMod:Spearhead"],"max_hp_gain":0,"max_hp_loss":0,"event_name":"The Mausoleum","floor":19,"gold_loss":0},{"damage_healed":24,"gold_gain":0,"player_choice":"Heal","damage_taken":0,"max_hp_gain":0,"max_hp_loss":0,"event_name":"The Library","floor":22,"gold_loss":0},{"damage_healed":0,"gold_gain":0,"player_choice":"Simplicity","damage_taken":0,"max_hp_gain":0,"max_hp_loss":0,"event_name":"Back to Basics","floor":24,"gold_loss":0,"cards_upgraded":["Strike_R","Defend_R","Defend_R","Defend_R"]},{"damage_healed":0,"gold_gain":0,"player_choice":"Got Potions","damage_taken":0,"max_hp_gain":0,"max_hp_loss":0,"event_name":"Lab","floor":27,"gold_loss":0},{"damage_healed":0,"gold_gain":0,"player_choice":"Fight","damage_taken":0,"max_hp_gain":0,"max_hp_loss":0,"event_name":"OrinTheCat","floor":38,"gold_loss":0}],"is_beta":false,"boss_relics":[{"not_picked":["Replay:Drink Me","Kintsugi"],"picked":"Astrolabe"},{"not_picked":["Empty Cage","SacredBark"],"picked":"Runic Cube"}],"items_purged_floors":[12],"is_endless":false,"potions_floor_spawned":[4,11,14,16,25,30,33,35],"killed_by":"Orin","ascension_level":1}}