{"host":"b995t17pt6d05w8c","time":1610183571,"event":{"mods":["AchievementEnabler","BaseMod","Colored Map","Minty Spire (QoL Compilation)","SuperFastMode"],"gold_per_floor":[118,135,210,222,222,234,234,269,294,294,318,329,345,345,345,449,449,467,216,141,141,141,141,141,161,161,177,277,277,295,319,319,432,432,445,345,359,385,399,432,442,461,461,40,90,90,133,133,149,149,149],"floor_reached":52,"playtime":1550,"items_purged":["Strike_P","Defend_P+1","Strike_P+1"],"score":1195,"play_id":"12056500-7f8f-4e03-a6f7-3da3056faa22","local_time":"20210109181251","is_ascension_mode":true,"campfire_choices":[{"data":"Eruption","floor":7.0,"key":"SMITH"},{"data":"Crescendo","floor":15.0,"key":"SMITH"},{"data":"Adaptation","floor":24.0,"key":"SMITH"},{"floor":32.0,"key":"REST"},{"data":"Halt","floor":46,"key":"SMITH"},{"floor":50,"key":"REST"}],"circlet_count":0,"master_deck":["Strike_P+1","Defend_P+1","Defend_P+1","Eruption+1","Vigilance+1","WheelKick+1","ClearTheMind+1","Consecrate+1","Crescendo+1","LessonLearned+1","Adaptation+1","FearNoEvil+1","Vault+1","TalkToTheHand+1","Halt+1","TalkToTheHand+1"],"relics":["HolyWater","Bronze Scales","CeramicFish","Yang","Potion Belt","MutagenicStrength","Frozen Egg 2","StoneCalendar","FossilizedHelix","Blue Candle","Akabeko","Cursed Key","Pen Nib","ClockworkSouvenir","Incense Burner","Lizard Tail"],"acts_visited":["Exordium","TheCity","TheBeyond"],"potions_floor_usage":[51,51,51,51,51,51,51],"damage_taken":[{"damage":0.0,"enemies":"Small Slimes","floor":1.0,"turns":2.0},{"damage":0.0,"enemies":"Jaw Worm","floor":2.0,"turns":3.0},{"damage":0.0,"enemies":"Cultist","floor":4.0,"turns":3.0},{"damage":7.0,"enemies":"Exordium Wildlife","floor":6.0,"turns":3.0},{"damage":12.0,"enemies":"Lagavulin","floor":8.0,"turns":4.0},{"damage":7.0,"enemies":"Exordium Thugs","floor":11.0,"turns":3.0},{"damage":8.0,"enemies":"Blue Slaver","floor":12.0,"turns":3.0},{"damage":6.0,"enemies":"Looter","floor":13.0,"turns":3.0},{"damage":0.0,"enemies":"Slime Boss","floor":16.0,"turns":4.0},{"damage":9.0,"enemies":"3 Byrds","floor":18.0,"turns":3.0},{"damage":3.0,"enemies":"Shell Parasite","floor":25.0,"turns":3.0},{"damage":11.0,"enemies":"Centurion and Healer","floor":27.0,"turns":6.0},{"damage":0.0,"enemies":"Colosseum Slavers","floor":28.0,"turns":2.0},{"damage":0.0,"enemies":"Colosseum Nobs","floor":28.0,"turns":1.0},{"damage":0.0,"enemies":"3 Cultists","floor":30.0,"turns":3.0},{"damage":0.0,"enemies":"Cultist and Chosen","floor":31.0,"turns":2.0},{"damage":13.0,"enemies":"Champ","floor":33.0,"turns":6.0},{"damage":0.0,"enemies":"Orb Walker","floor":35.0,"turns":3.0},{"damage":9.0,"enemies":"3 Shapes","floor":37.0,"turns":2.0},{"damage":0.0,"enemies":"3 Darklings","floor":38.0,"turns":4.0},{"damage":0.0,"enemies":"Maw","floor":39.0,"turns":7.0},{"damage":0.0,"enemies":"Reptomancer","floor":40.0,"turns":3.0},{"damage":0.0,"enemies":"Spire Growth","floor":41.0,"turns":3.0},{"damage":0.0,"enemies":"4 Shapes","floor":42.0,"turns":2.0},{"damage":0,"enemies":"Mind Bloom Boss Battle","floor":45,"turns":4},{"damage":0,"enemies":"Nemesis","floor":47,"turns":2},{"damage":0,"enemies":"3 Darklings","floor":49,"turns":3},{"damage":0,"enemies":"Awakened One","floor":51,"turns":9}],"seed_played":"1651626621764483164","potions_obtained":[{"floor":2.0,"key":"PowerPotion"},{"floor":8.0,"key":"Explosive Potion"},{"floor":12.0,"key":"EntropicBrew"},{"floor":18.0,"key":"Fire Potion"},{"floor":28.0,"key":"Weak Potion"},{"floor":33.0,"key":"SteroidPotion"},{"floor":39.0,"key":"SkillPotion"},{"floor":40.0,"key":"LiquidBronze"}],"is_trial":false,"path_per_floor":["M","M","?","M","?","M","R","E","T","?","M","M","M","T","R","B",null,"M","$","?","?","?","T","R","M","T","M","?","T","M","M","R","B",null,"M","$","M","M","M","E","M","M","T","$","?","R","E","E","M","R","B",null],"character_chosen":"WATCHER","items_purchased":["Adaptation","Potion Belt","ClockworkSouvenir","EntropicBrew","Halt"],"campfire_rested":2,"item_purchase_floors":[19,19,44,44,44],"current_hp_per_floor":[65,65,54,54,54,47,47,35,35,35,28,20,14,14,14,14,58,49,49,49,49,49,49,49,46,46,35,35,35,35,35,56,43,65,65,65,56,56,56,56,56,56,56,56,56,56,56,56,56,72,72],"gold":149,"neow_bonus":"REMOVE_CARD","is_daily":false,"chose_seed":false,"campfire_upgraded":4,"win_rate":0.0,"timestamp":1610183571,"path_taken":["M","M","?","M","?","M","R","E","T","?","M","?","M","?","R","BOSS","M","$","?","?","?","?","R","M","T","M","?","?","?","M","R","BOSS","M","$","M","M","M","E","M","M","T","$","?","R","E","E","M","R","BOSS"],"items_purchased_type":["Card","Relic","Relic","Potion","Card"],"build_version":"2020-12-22","purchased_purges":3,"victory":true,"max_hp_per_floor":[72,72,72,72,72,72,72,72,72,72,72,72,72,72,72,72,72,72,72,72,72,72,72,72,72,72,72,72,72,72,72,72,72,72,72,72,72,72,72,72,72,72,72,72,72,72,72,72,72,72,72],"card_choices":[{"not_picked":["FlurryOfBlows","ThirdEye","EmptyBody"],"picked":"SKIP","floor":1.0},{"not_picked":["Crescendo","PathToVictory"],"picked":"WheelKick","floor":2.0},{"not_picked":["Halt","JustLucky","BowlingBash"],"picked":"SKIP","floor":4.0},{"not_picked":["EmptyBody","EmptyFist"],"picked":"ClearTheMind","floor":6.0},{"not_picked":["ClearTheMind","Pray"],"picked":"Consecrate","floor":8.0},{"not_picked":["Wallop","Consecrate"],"picked":"Crescendo","floor":11.0},{"not_picked":["Pray","FlyingSleeves","ReachHeaven"],"picked":"SKIP","floor":12.0},{"not_picked":["Crescendo","WreathOfFlame","Vengeance"],"picked":"SKIP","floor":13.0},{"not_picked":["Wish","Establishment"],"picked":"LessonLearned","floor":16.0},{"not_picked":["Protect","EmptyBody","LikeWater"],"picked":"SKIP","floor":18.0},{"not_picked":["PathToVictory","FlurryOfBlows","FlyingSleeves"],"picked":"SKIP","floor":25.0},{"not_picked":["FlurryOfBlows+1","FollowUp","Collect+1"],"picked":"SKIP","floor":27.0},{"not_picked":["CrushJoints+1","FollowUp","Evaluate"],"picked":"SKIP","floor":30.0},{"not_picked":["PathToVictory","Halt"],"picked":"FearNoEvil+1","floor":31.0},{"not_picked":["Alpha","SpiritShield"],"picked":"Vault","floor":33.0},{"not_picked":["EmptyFist+1","Consecrate+1","Halt+1"],"picked":"SKIP","floor":35.0},{"not_picked":["Conclude+1","EmptyBody+1","Consecrate"],"picked":"SKIP","floor":37.0},{"not_picked":["Sanctity","ConjureBlade"],"picked":"TalkToTheHand+1","floor":38.0},{"not_picked":["EmptyFist+1","CutThroughFate","Halt"],"picked":"SKIP","floor":39.0},{"not_picked":["ThirdEye+1","CutThroughFate","Prostrate+1"],"picked":"SKIP","floor":40.0},{"not_picked":["BattleHymn+1","JustLucky+1","WaveOfTheHand"],"picked":"SKIP","floor":41.0},{"not_picked":["ThirdEye+1","Protect","SandsOfTime+1"],"picked":"SKIP","floor":42.0},{"not_picked":["Weave","Establishment+1"],"picked":"TalkToTheHand+1","floor":47},{"not_picked":["JustLucky","FlurryOfBlows+1","Sanctity+1"],"picked":"SKIP","floor":49}],"player_experience":61703,"relics_obtained":[{"floor":8.0,"key":"Bronze Scales"},{"floor":9.0,"key":"CeramicFish"},{"floor":14.0,"key":"Yang"},{"floor":23.0,"key":"Frozen Egg 2"},{"floor":26.0,"key":"StoneCalendar"},{"floor":28.0,"key":"FossilizedHelix"},{"floor":28.0,"key":"Blue Candle"},{"floor":29.0,"key":"Akabeko"},{"floor":40.0,"key":"Pen Nib"},{"floor":45,"key":"Incense Burner"},{"floor":47,"key":"Lizard Tail"}],"event_choices":[{"damage_healed":0.0,"max_hp_gain":0.0,"max_hp_loss":0.0,"gold_gain":75.0,"event_name":"World of Goop","player_choice":"Gather Gold","floor":3.0,"gold_loss":0.0,"damage_taken":11.0},{"damage_healed":0.0,"max_hp_gain":0.0,"max_hp_loss":0.0,"gold_gain":0.0,"event_name":"Liars Game","player_choice":"Ignored","floor":5.0,"gold_loss":0.0,"damage_taken":0.0},{"damage_healed":0.0,"max_hp_gain":0.0,"max_hp_loss":0.0,"gold_gain":0.0,"event_name":"Accursed Blacksmith","player_choice":"Forge","floor":10.0,"gold_loss":0.0,"damage_taken":0.0,"cards_upgraded":["WheelKick"]},{"cards_removed":["Strike_P"],"damage_healed":0.0,"max_hp_gain":0.0,"max_hp_loss":0.0,"gold_gain":0.0,"event_name":"Beggar","player_choice":"Gave Gold","floor":20.0,"gold_loss":75.0,"damage_taken":0.0},{"damage_healed":0.0,"max_hp_gain":0.0,"max_hp_loss":0.0,"gold_gain":0.0,"event_name":"Ghosts","player_choice":"Ignored","floor":21.0,"gold_loss":0.0,"damage_taken":0.0},{"damage_healed":0.0,"max_hp_gain":0.0,"max_hp_loss":0.0,"gold_gain":0.0,"event_name":"Drug Dealer","player_choice":"Inject Mutagens","floor":22.0,"gold_loss":0.0,"damage_taken":0.0,"relics_obtained":["MutagenicStrength"]},{"damage_healed":0.0,"max_hp_gain":0.0,"max_hp_loss":0.0,"gold_gain":0.0,"event_name":"Colosseum","player_choice":"Fight","floor":28.0,"gold_loss":0.0,"damage_taken":0.0},{"damage_healed":0.0,"max_hp_gain":0.0,"max_hp_loss":0.0,"gold_gain":0.0,"event_name":"Colosseum","player_choice":"Fought Nobs","floor":28.0,"gold_loss":0.0,"damage_taken":0.0},{"damage_healed":0,"gold_gain":0,"player_choice":"Fight","damage_taken":0,"max_hp_gain":0,"max_hp_loss":0,"event_name":"MindBloom","floor":45,"gold_loss":0}],"is_beta":false,"boss_relics":[{"not_picked":["Calling Bell","Philosopher\u0027s Stone"],"picked":"HolyWater"},{"not_picked":["VioletLotus","Velvet Choker"],"picked":"Cursed Key"}],"items_purged_floors":[19,36,44],"is_endless":false,"potions_floor_spawned":[2,8,12,18,28,28,33,39,40,45],"ascension_level":8}}