{"host":"mydft8i2zzydgggw","time":1610183434,"event":{"mods":["AchievementEnabler","BaseMod","BetterRewards","Colored Map","Colored Powertips","DeckTracker","Keyboard Shortcuts","Minty Spire (QoL Compilation)","Rare Cards Sparkle","StSLib","SuperFastMode","The Poker Player","everything is the same but u backflip on backflip"],"gold_per_floor":[114,128,128,203,222,222,253,253,300,334,334,366,382,392,392,488,488,498,70,70,90,104,104,114,114,114,114,134,167,167,167,167,264,264,283,1282,1305,446,463,463,463,463],"floor_reached":41,"playtime":1168,"items_purged":["Strike_R","Normality"],"score":574,"play_id":"ac406fc8-32f2-45dc-83f6-0a4734a39368","local_time":"20210109181034","is_ascension_mode":true,"campfire_choices":[{"data":"Armaments","floor":6,"key":"SMITH"},{"data":"Bash","floor":8,"key":"SMITH"},{"floor":15,"key":"REST"},{"data":"Body Slam","floor":23,"key":"SMITH"},{"data":"Flame Barrier","floor":25,"key":"SMITH"},{"data":"Shrug It Off","floor":27,"key":"SMITH"},{"data":"Impervious","floor":32,"key":"SMITH"},{"data":"Pommel Strike","floor":40,"key":"SMITH"}],"circlet_count":0,"master_deck":["Strike_R","Strike_R","Defend_R","Defend_R","Defend_R","Defend_R","Bash+1","Flame Barrier+1","Armaments+1","Body Slam+1","Impervious+1","Pommel Strike+1","Shrug It Off+1","Doubt","Body Slam+1","Secret Technique"],"relics":["Burning Blood","Pen Nib","Omamori","Centennial Puzzle","Potion Belt","Dead Branch","Cursed Key","Prayer Wheel","HornCleat","Boot","Ornamental Fan","Runic Pyramid","Regal Pillow","DollysMirror","Vajra","CeramicFish"],"acts_visited":["Exordium","TheCity","TheBeyond"],"potions_floor_usage":[1,7,10,20,22,22,29,29,33,41,41,41],"damage_taken":[{"damage":9,"enemies":"2 Louse","floor":1,"turns":2},{"damage":11,"enemies":"Jaw Worm","floor":2,"turns":4},{"damage":2,"enemies":"Cultist","floor":5,"turns":5},{"damage":11,"enemies":"3 Sentries","floor":7,"turns":10},{"damage":42,"enemies":"Gremlin Nob","floor":10,"turns":6},{"damage":14,"enemies":"Lagavulin","floor":12,"turns":11},{"damage":0,"enemies":"Looter","floor":13,"turns":2},{"damage":4,"enemies":"Large Slime","floor":14,"turns":6},{"damage":44,"enemies":"The Guardian","floor":16,"turns":13},{"damage":17,"enemies":"Shell Parasite","floor":18,"turns":6},{"damage":0,"enemies":"3 Byrds","floor":20,"turns":1},{"damage":0,"enemies":"Snake Plant","floor":21,"turns":3},{"damage":14,"enemies":"Centurion and Healer","floor":22,"turns":3},{"damage":1,"enemies":"Shelled Parasite and Fungi","floor":24,"turns":5},{"damage":0,"enemies":"Snecko","floor":28,"turns":4},{"damage":4,"enemies":"Gremlin Leader","floor":29,"turns":5},{"damage":78,"enemies":"Automaton","floor":33,"turns":12},{"damage":25,"enemies":"3 Darklings","floor":35,"turns":7},{"damage":0,"enemies":"Orb Walker","floor":39,"turns":3},{"damage":105,"enemies":"Giant Head","floor":41,"turns":9}],"seed_played":"8643039361272730185","potions_obtained":[{"floor":1,"key":"Fruit Juice"},{"floor":5,"key":"Fire Potion"},{"floor":7,"key":"BloodPotion"},{"floor":12,"key":"SmokeBomb"},{"floor":16,"key":"Energy Potion"},{"floor":18,"key":"SpeedPotion"},{"floor":21,"key":"Block Potion"},{"floor":22,"key":"Explosive Potion"},{"floor":28,"key":"LiquidMemories"}],"is_trial":false,"path_per_floor":["M","M","?","?","M","R","E","R","T","E","?","E","M","M","R","B",null,"M","$","M","M","M","R","M","R","T","R","M","E","?","?","R","B",null,"M","?","T","$","M","R","E"],"character_chosen":"IRONCLAD","items_purchased":["Prayer Wheel","BloodPotion","DollysMirror","Vajra","CeramicFish","BlessingOfTheForge","SkillPotion","Fire Potion","Secret Technique"],"campfire_rested":1,"item_purchase_floors":[19,19,38,38,38,38,38,38,38],"current_hp_per_floor":[58,53,53,42,46,46,41,41,41,22,22,14,20,22,47,9,85,74,74,80,85,77,77,82,82,82,82,85,85,85,95,95,23,95,76,76,76,76,82,82,0,0],"gold":463,"neow_bonus":"REMOVE_TWO","is_daily":false,"chose_seed":false,"campfire_upgraded":7,"win_rate":0.0,"timestamp":1610183434,"path_taken":["M","M","?","?","M","R","E","R","T","E","?","E","M","M","R","BOSS","M","$","M","M","M","R","M","R","T","R","?","E","?","?","R","BOSS","M","?","?","$","M","R","E"],"items_purchased_type":["Relic","Potion","Relic","Relic","Relic","Potion","Potion","Potion","Card"],"build_version":"2020-12-22","purchased_purges":2,"victory":false,"max_hp_per_floor":[85,85,85,85,85,85,85,85,85,85,85,85,85,85,85,85,85,85,85,85,85,85,85,85,85,85,85,85,85,85,95,95,95,95,95,95,95,95,95,95,95,95],"card_choices":[{"not_picked":["Rampage","Iron Wave","Headbutt"],"picked":"SKIP","floor":1},{"not_picked":["Dark Embrace","Sentinel"],"picked":"Flame Barrier","floor":2},{"not_picked":["Wild Strike","Warcry"],"picked":"Armaments","floor":5},{"not_picked":["Hemokinesis","Clash","Havoc"],"picked":"SKIP","floor":7},{"not_picked":["Whirlwind","Shockwave"],"picked":"Body Slam","floor":10},{"not_picked":["Rampage","Flex","Armaments"],"picked":"SKIP","floor":12},{"not_picked":["Metallicize","Corruption","Intimidate"],"picked":"SKIP","floor":13},{"not_picked":["Thunderclap","Anger","Twin Strike"],"picked":"SKIP","floor":14},{"not_picked":["Bludgeon","Exhume"],"picked":"Impervious","floor":16},{"not_picked":["Havoc","Perfected Strike","Heavy Blade"],"picked":"SKIP","floor":18},{"not_picked":["Twin Strike","Wild Strike"],"picked":"Pommel Strike","floor":21},{"not_picked":["Twin Strike+1","Dual Wield","Headbutt"],"picked":"SKIP","floor":21},{"not_picked":["Power Through","Battle Trance"],"picked":"Shrug It Off","floor":22},{"not_picked":["Warcry","Blood for Blood","Second Wind"],"picked":"SKIP","floor":22},{"not_picked":["Rage","Feel No Pain","Power Through"],"picked":"SKIP","floor":24},{"not_picked":["Perfected Strike+1","Heavy Blade","Havoc+1"],"picked":"SKIP","floor":24},{"not_picked":["Warcry","True Grit"],"picked":"Juggernaut","floor":28},{"not_picked":["Iron Wave","Clash","Reckless Charge"],"picked":"SKIP","floor":28},{"not_picked":["Wild Strike+1","Rage","True Grit"],"picked":"SKIP","floor":29},{"not_picked":["Heavy Blade+1","Cleave+1","Intimidate+1"],"picked":"SKIP","floor":35},{"not_picked":["Feel No Pain+1","Flex","Warcry+1"],"picked":"SKIP","floor":35},{"not_picked":["Flame Barrier","Pommel Strike","Sword Boomerang+1"],"picked":"SKIP","floor":39},{"not_picked":["Flex+1","Dropkick","Clash"],"picked":"SKIP","floor":39}],"player_experience":159192,"relics_obtained":[{"floor":7,"key":"Pen Nib"},{"floor":9,"key":"Omamori"},{"floor":10,"key":"Centennial Puzzle"},{"floor":11,"key":"Potion Belt"},{"floor":12,"key":"Dead Branch"},{"floor":26,"key":"HornCleat"},{"floor":29,"key":"Boot"},{"floor":37,"key":"Regal Pillow"}],"event_choices":[{"damage_healed":0,"gold_gain":0,"player_choice":"Ignored","damage_taken":0,"max_hp_gain":0,"max_hp_loss":0,"event_name":"Shining Light","floor":3,"gold_loss":0},{"damage_healed":0,"gold_gain":75,"player_choice":"Gather Gold","damage_taken":11,"max_hp_gain":0,"max_hp_loss":0,"event_name":"World of Goop","floor":4,"gold_loss":0},{"damage_healed":0,"gold_gain":0,"player_choice":"Relic","damage_taken":0,"max_hp_gain":0,"max_hp_loss":0,"event_name":"Wheel of Change","floor":11,"gold_loss":0},{"damage_healed":0,"gold_gain":0,"player_choice":"Opened","damage_taken":0,"relics_obtained":["Ornamental Fan"],"max_hp_gain":0,"max_hp_loss":0,"event_name":"The Mausoleum","floor":30,"gold_loss":0},{"cards_removed":["Juggernaut"],"damage_healed":0,"gold_gain":0,"player_choice":"Offered Rare","damage_taken":0,"max_hp_gain":10,"max_hp_loss":0,"event_name":"Bonfire Elementals","floor":31,"gold_loss":0},{"damage_healed":0,"gold_gain":999,"player_choice":"Gold","damage_taken":0,"max_hp_gain":0,"max_hp_loss":0,"event_name":"MindBloom","floor":36,"gold_loss":0,"cards_obtained":["Normality","Normality"]}],"is_beta":false,"boss_relics":[{"not_picked":["Ectoplasm","Coffee Dripper"],"picked":"Cursed Key"},{"not_picked":["Pandora\u0027s Box","Runic Dome"],"picked":"Runic Pyramid"}],"items_purged_floors":[19,38],"is_endless":false,"potions_floor_spawned":[1,5,7,12,16,18,21,22,28],"killed_by":"Giant Head","ascension_level":3}}