{"host":"y4sghvfd0ewtcchd","time":1610188506,"event":{"mods":["Aspiration","BaseMod","Better Debug","Better Note","Better Third Choice","BetterRewards","Block Reminder","Colored Map","Colored Powertips","Downfall","Highlight Path","Hubris","Infinite Spire","Minty Spire (QoL Compilation)","Relic Sorter","Relic Stats","Replay The Spire","Shop Mod","StSLib","The Jungle","The Saiyan"],"gold_per_floor":[113,113,188,225,9,9,44,44,44,61,61,71,71,88,88,187,187,207,122,140,140,140,140,190,190,190,202,236,29,48,66,66,169,169,179,50,89,89,109,144,144,196,196,196,212,230,240,260,260,260,260,260,2,35,35],"floor_reached":56,"playtime":3103,"items_purged":["Strike_B"],"score":2014,"play_id":"07b41150-7200-4046-b0b2-a1903f438b5e","local_time":"20210109133506","is_ascension_mode":true,"campfire_choices":[{"floor":6,"key":"REST"},{"data":"White Noise","floor":8,"key":"SMITH"},{"data":"Buffer","floor":13,"key":"SMITH"},{"data":"HandOfGreed","floor":15,"key":"SMITH"},{"data":"hubris:PowerSurge","floor":23,"key":"SMITH"},{"data":"Static Discharge","floor":25,"key":"SMITH"},{"floor":32,"key":"RECALL"},{"data":"Storm","floor":44,"key":"SMITH"},{"data":"Replay:SS_hec_2","floor":49,"key":"SMITH"},{"data":"Zap","floor":52,"key":"SMITH"}],"circlet_count":0,"master_deck":["Strike_B","Defend_B","Defend_B","Defend_B","Zap+1","Dualcast","Static Discharge+1","Storm+1","Melter","Ball Lightning","HandOfGreed+1","hubris:PowerSurge+1","White Noise+1","Conserve Battery+1","Master of Strategy","Capacitor","Capacitor","Loop","Buffer+1","Conserve Battery+1","Biased Cognition","Ball Lightning+1","Replay:SS_hec_2+1","Turbo+1","Machine Learning","ReplayTheSpireMod:Calculation Training+1","ReplayTheSpireMod:Repulse+1","ReplayRNGCard+1","Redo+1","Storm+1","Turbo+1","Turbo+1","Biased Cognition","Consume+1","hubris:PowerSurge+1","hubris:Ukulele+1","BasicCrystalCard+1","Conserve Battery+1","Thunder Strike","Defragment","Redo+1","White Noise+1"],"relics":["Cracked Core","Replay:Rubber Ducky","ReplayTheSpireMod:Lightbulb","CaptainsWheel","infinitespire:Beetle Shell","Nunchaku","Thread and Needle","Bird Faced Urn","hubris:Towel","Busted Crown","Oddly Smooth Stone","infinitespire:Bottled Soul","infinitespire:Satchel","aspiration:EnhancedActuators","hubris:SphereOfDissonance","MerchantsRug","War Paint","hubris:BallOfYels"],"acts_visited":["Exordium","TheCity","TheBeyond","TheEnding"],"potions_floor_usage":[7,16,50],"damage_taken":[{"damage":0,"enemies":"Cultist","floor":1,"turns":3},{"damage":0,"enemies":"Small Slimes","floor":4,"turns":2},{"damage":13,"enemies":"Gremlin Nob","floor":7,"turns":2},{"damage":2,"enemies":"Jaw Worm","floor":10,"turns":2},{"damage":8,"enemies":"Large Slime","floor":12,"turns":3},{"damage":5,"enemies":"3 Louse","floor":14,"turns":2},{"damage":3,"enemies":"Hexaghost","floor":16,"turns":6},{"damage":0,"enemies":"Chosen","floor":18,"turns":3},{"damage":13,"enemies":"3 Byrds","floor":20,"turns":3},{"damage":0,"enemies":"Gremlin Leader","floor":24,"turns":5},{"damage":0,"enemies":"Sentry and Sphere","floor":27,"turns":2},{"damage":10,"enemies":"Slavers","floor":28,"turns":4},{"damage":0,"enemies":"Cultist and Chosen","floor":30,"turns":3},{"damage":0,"enemies":"Centurion and Healer","floor":31,"turns":3},{"damage":0,"enemies":"Collector","floor":33,"turns":5},{"damage":0,"enemies":"3 Darklings","floor":35,"turns":3},{"damage":0,"enemies":"3 Shapes","floor":37,"turns":3},{"damage":12,"enemies":"Sphere and 2 Shapes","floor":39,"turns":3},{"damage":0,"enemies":"R_Hoarder","floor":40,"turns":6},{"damage":0,"enemies":"Giant Head","floor":42,"turns":5},{"damage":0,"enemies":"3 Darklings","floor":45,"turns":3},{"damage":8,"enemies":"Spire Growth","floor":46,"turns":3},{"damage":0,"enemies":"Transient","floor":47,"turns":5},{"damage":11,"enemies":"Writhing Mass","floor":48,"turns":2},{"damage":14,"enemies":"infinitespire:MassOfShapes","floor":50,"turns":5},{"damage":6,"enemies":"Shield and Spear","floor":54,"turns":3},{"damage":24,"enemies":"The Heart","floor":55,"turns":3}],"seed_played":"-9079121064871509243","potions_obtained":[{"floor":1,"key":"Cursed Concoction"},{"floor":3,"key":"SteroidPotion"},{"floor":3,"key":"AttackPotion"},{"floor":4,"key":"FocusPotion"},{"floor":12,"key":"Ancient Potion"},{"floor":24,"key":"sneckomod:MuddlingPotion"},{"floor":27,"key":"Dexterity Potion"},{"floor":28,"key":"PowerPotion"},{"floor":33,"key":"PotionOfCapacity"},{"floor":47,"key":"hexamod:EctoCoolerPotion"},{"floor":54,"key":"DuplicationPotion"}],"is_trial":false,"path_per_floor":["M","?","?","M","$","R","E","R","T","M","$","M","R","M","R","B",null,"M","?","M","?","AVR","R","E","R","T","M","E","$","M","M","R","B",null,"M","$","M","$","M","E","?","E","T","R","M","M","M","M","R","B",null,"R","$","E","B",null],"character_chosen":"DEFECT","items_purchased":["Static Discharge","Storm+1","Replay:Rubber Ducky","Melter","ReplayTheSpireMod:Lightbulb","Ball Lightning","HandOfGreed","hubris:PowerSurge","CaptainsWheel","hubris:HerbalPaste","infinitespire:Beetle Shell","Master of Strategy","Capacitor","Replay:SS_hec_2","Turbo+1","Machine Learning","Storm","Turbo+1","MerchantsRug","Thunder Strike","Defragment","Redo+1","War Paint"],"campfire_rested":1,"item_purchase_floors":[0,0,0,0,0,0,0,0,0,0,0,5,5,29,29,29,36,36,53,53,53,53,53],"current_hp_per_floor":[49,49,31,34,34,56,48,48,48,49,49,46,46,44,44,47,68,75,75,64,64,64,64,75,75,75,75,75,75,75,75,75,75,75,75,75,75,75,75,75,75,75,75,75,75,67,75,64,64,70,74,74,74,69,51],"gold":35,"neow_bonus":"","is_daily":false,"chose_seed":false,"campfire_upgraded":8,"win_rate":0.0,"timestamp":1610188506,"path_taken":["M","?","?","M","$","R","E","R","T","?","$","M","R","M","R","BOSS","M","?","M","?","AVR","R","E","R","T","M","E","$","M","M","R","BOSS","M","$","M","$","M","E","?","E","T","R","M","?","M","M","R","BOSS","R","$","E","BOSS"],"items_purchased_type":["Card","Card","Relic","Card","Relic","Card","Card","Card","Relic","Relic","Relic","Card","Card","Card","Card","Card","Card","Card","Relic","Card","Card","Card","Relic"],"build_version":"2020-12-22","purchased_purges":1,"victory":true,"max_hp_per_floor":[75,75,75,75,75,75,75,75,75,75,75,75,75,75,75,75,75,75,75,75,75,75,75,75,75,75,75,75,75,75,75,75,75,75,75,75,75,75,75,75,75,75,75,75,75,75,75,75,75,75,75,75,75,75,75],"relic_stats":{"Nunchaku":[7],"Busted Crown":90,"counters":[173,670],"Bird Faced Urn":[61],"War Paint":["Conserve Battery","Conserve Battery"],"obtain_stats":[{"infinitespire:BottledMercury":4,"hubris:BallOfYels":12,"infinitespire:Cubic Diamond":2,"Whetstone":7,"Blood Vial":34,"infinitespire:ShieldingShard":45,"hubris:HerbalPaste":0,"aspiration:EnhancedActuators":14,"Sundial":53,"Replay:Bronze Core":34,"hubris:DeckOfHolding":10,"HandDrill":55,"Kunai":36,"Replay:Wax Seal":0,"hubris:TinFlute":55,"MerchantsRug":47,"Pear":34,"Counterbalance":38,"hubris:SphereOfDissonance":43,"Pen Nib":40,"Bird Faced Urn":17,"Pandora\u0027s Box":29,"aspiration:MysteriousAuxiliaryCore":9,"infinitespire:PuzzleCube":0,"Abe\u0027s Treasure":17,"hubris:Reverence":43,"Regal Pillow":6,"hubris:Metronome":45,"Lantern":26,"Bag of Preparation":9,"Cursed Key":34,"Pet Ghost":54,"Replay:Rubber Ducky":0,"hubris:Backtick":17,"infinitespire:Bottled Soul":26,"Toolbox":53,"Chemical X":0,"Potion Belt":19,"Lee\u0027s Waffle":0,"Inserter":17,"NeowsBlessing":0,"Thread and Needle":7,"The Courier":31,"infinitespire:Joker Card":34,"Omamori":0,"hubris:Towel":39,"Busted Crown":22,"hubris:Spice":50,"Orrery":0,"Art of War":27,"ReplayTheSpireMod:Lightbulb":30,"Toy Ornithopter":43,"infinitespire:Midas Blood":30,"infinitespire:Freezer":0,"Ice Cream":37,"Tiny House":17,"aspiration:Stellarator":17,"Runic Capacitor":47,"hubris:TerracottaHorce":21,"Centennial Puzzle":43,"HornCleat":55,"Replay:Frozen Program":0,"DollysMirror":20,"Strawberry":8,"aspiration:ArtOfWarUpgrade":32,"Prayer Wheel":16,"Philosopher\u0027s Stone":34,"Toxic Egg 2":28,"Astrolabe":34,"Oddly Smooth Stone":24,"infinitespire:Beetle Shell":54,"War Paint":53,"Replay:Baseball":47,"ReplayTheSpireMod:TigerMarble":0,"hubris:ToyBattleship":19,"Darkstone Periapt":13,"Replay:Mystery Machine":45,"ClockworkSouvenir":0,"Replay:Bandana":7,"Nunchaku":3,"Chameleon Ring":26,"hubris:Icosahedron":36,"Mummified Hand":0,"Gambling Chip":42,"Replay:Bottled Snecko":10,"Cracked Core":0,"Replay:Towering Pillar of Hats":31,"aspiration:FetidBarrel":21,"Guide Book":48,"infinitespire:FocusingShard":0,"Replay:WaspNest":41,"Calling Bell":34,"Anchor":0,"CaptainsWheel":0,"infinitespire:WardingShard":9,"infinitespire:Satchel":4,"Coffee Dripper":17,"Bag of Marbles":7,"m_BurningSludge":2,"hubris:NiceRug":55},{"infinitespire:BottledMercury":41,"hubris:BallOfYels":96,"infinitespire:Cubic Diamond":19,"Whetstone":69,"Blood Vial":56,"infinitespire:ShieldingShard":83,"hubris:HerbalPaste":146,"aspiration:EnhancedActuators":98,"Sundial":144,"Replay:Bronze Core":135,"hubris:DeckOfHolding":21,"HandDrill":88,"Kunai":81,"Replay:Wax Seal":90,"hubris:TinFlute":87,"MerchantsRug":113,"Pear":56,"Counterbalance":138,"hubris:SphereOfDissonance":166,"Pen Nib":110,"Bird Faced Urn":73,"Pandora\u0027s Box":104,"aspiration:MysteriousAuxiliaryCore":95,"infinitespire:PuzzleCube":12,"Abe\u0027s Treasure":33,"hubris:Reverence":111,"Regal Pillow":3,"hubris:Metronome":60,"Lantern":103,"Bag of Preparation":5,"Cursed Key":107,"Pet Ghost":64,"Replay:Rubber Ducky":146,"hubris:Backtick":73,"infinitespire:Bottled Soul":156,"Toolbox":144,"Chemical X":65,"Potion Belt":74,"Lee\u0027s Waffle":90,"Inserter":47,"NeowsBlessing":0,"Thread and Needle":149,"The Courier":55,"infinitespire:Joker Card":56,"Omamori":117,"hubris:Towel":58,"Busted Crown":155,"hubris:Spice":86,"Orrery":65,"Art of War":53,"ReplayTheSpireMod:Lightbulb":133,"Toy Ornithopter":60,"infinitespire:Midas Blood":55,"infinitespire:Freezer":117,"Ice Cream":57,"Tiny House":10,"aspiration:Stellarator":99,"Runic Capacitor":113,"hubris:TerracottaHorce":127,"Centennial Puzzle":140,"HornCleat":88,"Replay:Frozen Program":117,"DollysMirror":100,"Strawberry":43,"aspiration:ArtOfWarUpgrade":55,"Prayer Wheel":73,"Philosopher\u0027s Stone":80,"Toxic Egg 2":158,"Astrolabe":161,"Oddly Smooth Stone":156,"infinitespire:Beetle Shell":116,"War Paint":171,"Replay:Baseball":142,"ReplayTheSpireMod:TigerMarble":65,"hubris:ToyBattleship":154,"Darkstone Periapt":8,"Replay:Mystery Machine":141,"ClockworkSouvenir":39,"Replay:Bandana":29,"Nunchaku":147,"Chameleon Ring":52,"hubris:Icosahedron":57,"Mummified Hand":26,"Gambling Chip":111,"Replay:Bottled Snecko":70,"Cracked Core":0,"Replay:Towering Pillar of Hats":106,"aspiration:FetidBarrel":127,"Guide Book":142,"infinitespire:FocusingShard":39,"Replay:WaspNest":59,"Calling Bell":56,"Anchor":39,"CaptainsWheel":146,"infinitespire:WardingShard":14,"infinitespire:Satchel":2,"Coffee Dripper":24,"Bag of Marbles":122,"m_BurningSludge":19,"hubris:NiceRug":88},{"infinitespire:BottledMercury":179,"hubris:BallOfYels":383,"infinitespire:Cubic Diamond":63,"Whetstone":288,"Blood Vial":236,"infinitespire:ShieldingShard":339,"hubris:HerbalPaste":579,"aspiration:EnhancedActuators":392,"Sundial":572,"Replay:Bronze Core":538,"hubris:DeckOfHolding":83,"HandDrill":357,"Kunai":334,"Replay:Wax Seal":363,"hubris:TinFlute":354,"MerchantsRug":460,"Pear":236,"Counterbalance":549,"hubris:SphereOfDissonance":646,"Pen Nib":451,"Bird Faced Urn":307,"Pandora\u0027s Box":427,"aspiration:MysteriousAuxiliaryCore":377,"infinitespire:PuzzleCube":39,"Abe\u0027s Treasure":146,"hubris:Reverence":453,"Regal Pillow":3,"hubris:Metronome":251,"Lantern":424,"Bag of Preparation":11,"Cursed Key":440,"Pet Ghost":274,"Replay:Rubber Ducky":579,"hubris:Backtick":307,"infinitespire:Bottled Soul":610,"Toolbox":572,"Chemical X":280,"Potion Belt":310,"Lee\u0027s Waffle":363,"Inserter":203,"NeowsBlessing":0,"Thread and Needle":586,"The Courier":230,"infinitespire:Joker Card":236,"Omamori":471,"hubris:Towel":242,"Busted Crown":605,"hubris:Spice":350,"Orrery":280,"Art of War":223,"ReplayTheSpireMod:Lightbulb":527,"Toy Ornithopter":251,"infinitespire:Midas Blood":230,"infinitespire:Freezer":471,"Ice Cream":239,"Tiny House":30,"aspiration:Stellarator":403,"Runic Capacitor":460,"hubris:TerracottaHorce":506,"Centennial Puzzle":556,"HornCleat":357,"Replay:Frozen Program":471,"DollysMirror":406,"Strawberry":184,"aspiration:ArtOfWarUpgrade":230,"Prayer Wheel":307,"Philosopher\u0027s Stone":332,"Toxic Egg 2":616,"Astrolabe":627,"Oddly Smooth Stone":610,"infinitespire:Beetle Shell":468,"War Paint":664,"Replay:Baseball":564,"ReplayTheSpireMod:TigerMarble":280,"hubris:ToyBattleship":602,"Darkstone Periapt":22,"Replay:Mystery Machine":560,"ClockworkSouvenir":175,"Replay:Bandana":131,"Nunchaku":582,"Chameleon Ring":216,"hubris:Icosahedron":239,"Mummified Hand":119,"Gambling Chip":453,"Replay:Bottled Snecko":290,"Cracked Core":0,"Replay:Towering Pillar of Hats":435,"aspiration:FetidBarrel":506,"Guide Book":564,"infinitespire:FocusingShard":175,"Replay:WaspNest":248,"Calling Bell":236,"Anchor":175,"CaptainsWheel":579,"infinitespire:WardingShard":45,"infinitespire:Satchel":2,"Coffee Dripper":106,"Bag of Marbles":489,"m_BurningSludge":63,"hubris:NiceRug":357}]},"card_choices":[{"not_picked":["Compile Driver","BasicCrystalCard"],"picked":"White Noise","floor":1},{"not_picked":["Stack","FTL"],"picked":"Conserve Battery","floor":3},{"not_picked":["Compile Driver","Sweeping Beam","Streamline"],"picked":"SKIP","floor":4},{"not_picked":["aspiration:Polymerization","BasicCrystalCard"],"picked":"Loop","floor":7},{"not_picked":["Compile Driver","Coolheaded","Steam Power"],"picked":"SKIP","floor":10},{"not_picked":["Storm","Double Energy"],"picked":"Buffer","floor":12},{"not_picked":["Beam Cell","Barrage"],"picked":"Conserve Battery","floor":14},{"not_picked":["Creative AI","Buffer"],"picked":"Biased Cognition","floor":16},{"not_picked":["Sweeping Beam","Stack","Cold Snap"],"picked":"SKIP","floor":18},{"not_picked":["Redo","Fusion"],"picked":"Ball Lightning+1","floor":20},{"not_picked":["Beam Cell"],"picked":"SKIP","floor":24},{"not_picked":["Hyperbeam"],"picked":"SKIP","floor":27},{"not_picked":["Sweeping Beam"],"picked":"SKIP","floor":28},{"not_picked":["ReplaySort+1"],"picked":"SKIP","floor":30},{"not_picked":["Gash"],"picked":"SKIP","floor":31},{"not_picked":[],"picked":"Redo+1","floor":35},{"not_picked":[],"picked":"Turbo+1","floor":37},{"not_picked":[],"picked":"Biased Cognition","floor":39},{"not_picked":[],"picked":"Consume+1","floor":40},{"not_picked":[],"picked":"hubris:Ukulele+1","floor":42},{"not_picked":["Conserve Battery+1"],"picked":"SKIP","floor":45},{"not_picked":[],"picked":"BasicCrystalCard+1","floor":46},{"not_picked":[],"picked":"Conserve Battery+1","floor":47},{"not_picked":["Ball Lightning"],"picked":"SKIP","floor":48},{"not_picked":[],"picked":"White Noise+1","floor":54}],"player_experience":524931,"relics_obtained":[{"floor":3,"key":"Nunchaku"},{"floor":7,"key":"Thread and Needle"},{"floor":24,"key":"Oddly Smooth Stone"},{"floor":26,"key":"infinitespire:Bottled Soul"},{"floor":28,"key":"Toxic Egg 2"},{"floor":40,"key":"infinitespire:Satchel"},{"floor":42,"key":"aspiration:EnhancedActuators"},{"floor":43,"key":"hubris:SphereOfDissonance"},{"floor":54,"key":"hubris:BallOfYels"}],"event_choices":[{"damage_healed":0,"gold_gain":0,"player_choice":"Obtained Relic","damage_taken":0,"relics_obtained":["hubris:ToyBattleship"],"max_hp_gain":0,"max_hp_loss":0,"event_name":"Addict","floor":19,"gold_loss":85},{"damage_healed":0,"gold_gain":0,"player_choice":"Copied","damage_taken":0,"max_hp_gain":0,"max_hp_loss":0,"event_name":"Duplicator","floor":41,"gold_loss":0,"cards_obtained":["hubris:PowerSurge"]}],"is_beta":false,"boss_relics":[{"not_picked":["hubris:RunicObelisk","Honey Jar"],"picked":"hubris:Backtick"},{"not_picked":["hubris:VirtuousBlindfold","hubris:GrandSneckoEye"],"picked":"Astrolabe"}],"items_purged_floors":[22],"is_endless":false,"potions_floor_spawned":[1,4,12,24,27,28,33,40,47,54],"ascension_level":6}}