{"host":"gfr9dk7hxbf4u708","time":1610200904,"event":{"mods":["AchievementEnabler","BaseMod","Better Third Choice","Colored Map","Downfall","Googly Eyes","Hermit","Hubris","Infinite Spire","Minty Spire (QoL Compilation)","Permanent Neow","Quick Restart","Random Character Button","Replay The Spire","StSLib","The Bug Knight","The Factory","The Hierophant","The Jungle","The Runesmith"],"gold_per_floor":[110,110,133,180,222,234,257,305,386,478,460,446,495,514,526,661,673,747,830,867,864,876,888,940,952,964,1003,1035,1041,1068,1070,1082,1085,1097,1118,1161,1173,1294,1306,1333,1345,1202,1241,1401,1422,1428,1455,1467,1479,1354],"floor_reached":51,"playtime":2609,"items_purged":[],"score":928,"play_id":"e04e3add-71c2-46e7-85bb-c0e7b389f1b3","local_time":"20210109160144","is_ascension_mode":true,"campfire_choices":[{"data":"hierophant:RustyCrate","floor":6,"key":"SMITH"},{"floor":15,"key":"REST"},{"floor":23,"key":"REST"},{"data":"hierophant:ChurchCoffers","floor":25,"key":"SMITH"},{"data":"hierophant:AuricForm","floor":41,"key":"SMITH"}],"circlet_count":0,"master_deck":["HollowMod:PerfectDash+1","hierophant:Strike_Hierophant","hierophant:Strike_Hierophant","hierophant:Strike_Hierophant","hierophant:Punish","hierophant:Defend_Hierophant","hierophant:Defend_Hierophant+1","hierophant:Defend_Hierophant","hierophant:Defend_Hierophant","hierophant:ChurchCoffers+1","hierophant:MintersHammer","hierophant:RustyCrate+1","hierophant:Doubloon+1","hierophant:Doubloon+1","hierophant:AuricForm+1","hierophant:OrnateBuckler","hierophant:EyeForCoin","hierophant:Doubloon+1","hierophant:Mercenaries","hierophant:Doubloon+1","hierophant:Doubloon+1","hierophant:Doubloon+1","hierophant:AuricBeam","hierophant:Doubloon+1","hierophant:SecretStash","hierophant:OrnateBuckler+1","hierophant:Doubloon+1","Decay","hierophant:Doubloon+1","hierophant:Doubloon+1","hierophant:Mercenaries+1","hierophant:Doubloon+1","AbeCurse","hierophant:Doubloon+1","hierophant:Doubloon+1","hierophant:CursedGold","hierophant:Doubloon+1","hierophant:Doubloon+1","hierophant:Refuge","hierophant:Doubloon","hierophant:Doubloon+1"],"relics":["hierophant:PropheticMaskRelic","MawBank","Oddly Smooth Stone","PreservedInsect","hubris:HollowSoul","CeramicFish","Durian","Replay:WaspNest","infinitespire:EvilPickle","SacredBark","Bag of Marbles","War Paint","Counterbalance"],"acts_visited":["Exordium","TheCity","TheBeyond"],"potions_floor_usage":[7,13,19,19,19,19,35,38,46,47],"damage_taken":[{"damage":10,"enemies":"Cultist","floor":1,"turns":4},{"damage":3,"enemies":"Small Slimes","floor":3,"turns":4},{"damage":7,"enemies":"Jaw Worm","floor":4,"turns":6},{"damage":0,"enemies":"Gremlin Gang","floor":5,"turns":2},{"damage":28,"enemies":"Lagavulin","floor":7,"turns":8},{"damage":6,"enemies":"3 Louse","floor":8,"turns":4},{"damage":3,"enemies":"Looter","floor":12,"turns":5},{"damage":1,"enemies":"Replay:BlueRogue","floor":13,"turns":6},{"damage":3,"enemies":"Exordium Thugs","floor":14,"turns":7},{"damage":0,"enemies":"Slime Boss","floor":16,"turns":2},{"damage":10,"enemies":"2 Thieves","floor":18,"turns":3},{"damage":34,"enemies":"3 Byrds","floor":19,"turns":6},{"damage":0,"enemies":"Snake Plant","floor":20,"turns":1},{"damage":16,"enemies":"Snecko","floor":21,"turns":5},{"damage":6,"enemies":"Gremlin Leader","floor":24,"turns":2},{"damage":0,"enemies":"Centurion and Healer","floor":27,"turns":5},{"damage":0,"enemies":"HollowMod:Nosk","floor":28,"turns":2},{"damage":6,"enemies":"Sentry and Sphere","floor":29,"turns":4},{"damage":9,"enemies":"Cultist and Chosen","floor":30,"turns":4},{"damage":0,"enemies":"Snecko","floor":31,"turns":2},{"damage":0,"enemies":"Pondfish","floor":33,"turns":5},{"damage":0,"enemies":"3 Darklings","floor":35,"turns":1},{"damage":3,"enemies":"3 Shapes","floor":36,"turns":2},{"damage":24,"enemies":"3 Darklings","floor":38,"turns":3},{"damage":0,"enemies":"Giant Head","floor":40,"turns":4},{"damage":5,"enemies":"4 Shapes","floor":42,"turns":9},{"damage":0,"enemies":"HollowMod:StalkingDevout","floor":44,"turns":1},{"damage":1,"enemies":"Spire Growth","floor":45,"turns":4},{"damage":32,"enemies":"Transient","floor":46,"turns":5},{"damage":11,"enemies":"Jaw Worm Horde","floor":47,"turns":4},{"damage":0,"enemies":"Time Eater","floor":50,"turns":3}],"seed_played":"3658050065398447372","potions_obtained":[{"floor":3,"key":"Elixir"},{"floor":4,"key":"Flashbang"},{"floor":7,"key":"Slimebound:ThreeZeroPotion"},{"floor":8,"key":"champ:CounterPotion"},{"floor":11,"key":"EntropicBrew"},{"floor":11,"key":"LiquidMemories"},{"floor":16,"key":"BlessingOfTheForge"},{"floor":21,"key":"BlessingOfTheForge"},{"floor":24,"key":"SmokeBomb"},{"floor":33,"key":"Block Potion"},{"floor":42,"key":"BlessingOfTheForge"},{"floor":44,"key":"Fire Potion"},{"floor":47,"key":"Swift Potion"}],"is_trial":false,"path_per_floor":["M","T","M","M","M","R","E","M","T","?","?","M","E","M","R","B",null,"M","M","M","M","?","R","E","R","T","M","E","M","M","M","R_BF","B",null,"M","M","?","M","$","E","R","M","T","E","M","M","M","?","R_BF","B",null],"character_chosen":"HIEROPHANT","items_purchased":[],"campfire_rested":2,"item_purchase_floors":[],"current_hp_per_floor":[65,65,62,55,55,55,27,21,21,21,21,18,17,14,36,36,75,65,31,31,15,15,37,31,31,36,36,36,30,21,21,45,45,80,80,77,77,53,53,53,53,48,48,48,47,15,40,40,64,64],"gold":1366,"neow_bonus":"ONE_RANDOM_RARE_CARD","is_daily":false,"chose_seed":false,"campfire_upgraded":3,"win_rate":0.0,"timestamp":1610200904,"path_taken":["M","?","?","M","M","R","E","M","T","?","?","M","E","M","R","BOSS","M","M","M","?","?","R","E","R","T","M","E","M","M","?","R_BF","BOSS","M","?","?","M","?","E","R","?","T","E","M","M","M","?","R_BF","BOSS"],"items_purchased_type":[],"build_version":"2020-12-22","purchased_purges":0,"victory":true,"max_hp_per_floor":[75,75,75,75,75,75,75,75,75,75,75,75,75,75,75,75,75,75,75,75,75,75,75,75,75,80,80,80,80,80,80,80,80,80,80,80,80,80,80,80,80,80,80,80,80,80,80,80,80,80],"card_choices":[{"not_picked":["hierophant:Prophecy","hierophant:Purify","hierophant:PassingBell"],"picked":"SKIP","floor":1},{"not_picked":["hierophant:AuricBeam","hierophant:DisplayOfPower"],"picked":"hierophant:RustyCrate","floor":3},{"not_picked":["hierophant:Zeal","hierophant:FlamingChariot","hierophant:Empathy"],"picked":"SKIP","floor":4},{"not_picked":["hierophant:Shelter","hierophant:ThreeLashes"],"picked":"hierophant:AuricForm","floor":5},{"not_picked":["hierophant:TollTheBells","hierophant:PassingBell"],"picked":"hierophant:OrnateBuckler","floor":7},{"not_picked":["hierophant:RepressedViolence","hierophant:Repentance"],"picked":"hierophant:EyeForCoin","floor":8},{"not_picked":["hierophant:Blessing","hierophant:Zeal"],"picked":"hierophant:Mercenaries","floor":12},{"not_picked":["hierophant:Chorus","hierophant:RepressedViolence","hierophant:Encroach"],"picked":"SKIP","floor":13},{"not_picked":["hierophant:DisplayOfPower","hierophant:SealAway","hierophant:Remorse"],"picked":"SKIP","floor":14},{"not_picked":["hierophant:Flagellation","hierophant:RustyCrate"],"picked":"hierophant:AuricBeam","floor":18},{"not_picked":["hierophant:ThreeLashes","hierophant:Sermon+1"],"picked":"hierophant:SecretStash","floor":19},{"not_picked":["hierophant:HolyVerse","hierophant:Charity"],"picked":"hierophant:OrnateBuckler+1","floor":20},{"not_picked":["hierophant:Rebuild","hierophant:Refuge","hierophant:WrathOfGod"],"picked":"SKIP","floor":21},{"not_picked":["hierophant:MorningPrayer","hierophant:SecretStash+1","hierophant:OrnateBuckler"],"picked":"SKIP","floor":24},{"not_picked":["hierophant:Upheaval","hierophant:Purify","hierophant:DisplayOfPower+1"],"picked":"SKIP","floor":27},{"not_picked":["hierophant:FlamingChariot","hierophant:Repentance","hierophant:RustyCrate"],"picked":"SKIP","floor":28},{"not_picked":["hierophant:Shelter","hierophant:EyeForCoin"],"picked":"hierophant:Mercenaries+1","floor":29},{"not_picked":["hierophant:Sermon+1","hierophant:HammerAndAnvil","hierophant:MirrorShield"],"picked":"SKIP","floor":30},{"not_picked":["hierophant:SecretStash","hierophant:Encroach","hierophant:Sermon"],"picked":"SKIP","floor":31},{"not_picked":["hierophant:HammerAndAnvil+1","hierophant:ThreeLashes+1","hierophant:Encroach+1"],"picked":"SKIP","floor":36},{"not_picked":["hierophant:DivineIntervention","hierophant:SecretStash","hierophant:EyeForCoin"],"picked":"SKIP","floor":38},{"not_picked":["hierophant:Chorus","hierophant:Exaltation"],"picked":"hierophant:CursedGold","floor":40},{"not_picked":["hierophant:DisplayOfPower+1","hierophant:FaithHealing+1","hierophant:RustyCrate"],"picked":"SKIP","floor":42},{"not_picked":["hierophant:Refuge","hierophant:PassingBell","hierophant:Zeal+1"],"picked":"SKIP","floor":44},{"not_picked":["hierophant:PassingBell","hierophant:Zeal+1"],"picked":"hierophant:Refuge","floor":44},{"not_picked":["hierophant:Doomsaying","hierophant:Sermon","hierophant:Patience+1"],"picked":"SKIP","floor":45},{"not_picked":["hierophant:RustyCrate+1","hierophant:Remorse+1","hierophant:DisplayOfPower+1"],"picked":"SKIP","floor":46},{"not_picked":["hierophant:OrnateBuckler+1","hierophant:RustyCrate+1","hierophant:TollTheBells"],"picked":"SKIP","floor":47}],"player_experience":320237,"relics_obtained":[{"floor":2,"key":"MawBank"},{"floor":7,"key":"Oddly Smooth Stone"},{"floor":13,"key":"PreservedInsect"},{"floor":24,"key":"CeramicFish"},{"floor":26,"key":"Durian"},{"floor":28,"key":"Replay:WaspNest"},{"floor":40,"key":"Bag of Marbles"},{"floor":43,"key":"War Paint"},{"floor":44,"key":"Counterbalance"}],"event_choices":[{"damage_healed":0,"gold_gain":80,"player_choice":"Gained Gold","damage_taken":0,"max_hp_gain":0,"max_hp_loss":0,"event_name":"Golden Wing","floor":10,"gold_loss":0},{"damage_healed":0,"gold_gain":0,"player_choice":"Bought 2 Potions","damage_taken":0,"max_hp_gain":0,"max_hp_loss":0,"event_name":"The Woman in Blue","floor":11,"gold_loss":0},{"damage_healed":0,"gold_gain":0,"player_choice":"Cursed","damage_taken":0,"max_hp_gain":0,"max_hp_loss":0,"event_name":"Wheel of Change","floor":22,"gold_loss":0,"cards_obtained":["Decay"]},{"cards_removed":["hierophant:Strike_Hierophant"],"damage_healed":0,"gold_gain":0,"player_choice":"Removed Attack","damage_taken":0,"max_hp_gain":0,"max_hp_loss":0,"event_name":"Falling","floor":37,"gold_loss":0}],"is_beta":false,"boss_relics":[{"not_picked":["Empty Cage","hubris:VirtuousBlindfold"],"picked":"hubris:HollowSoul"},{"not_picked":["Replay:Drink Me","Replay:Ancient Bell"],"picked":"SacredBark"}],"items_purged_floors":[],"is_endless":false,"potions_floor_spawned":[3,4,7,8,16,21,24,27,29,33,35,42,44,47],"ascension_level":1}}