{"host":"1yemetsqamtkb9ct","time":1610176321,"event":{"mods":["AchievementEnabler","BaseMod","Colored Map","Custom Start","KOR Keyword Fix","Lobotomy","Minty Spire (QoL Compilation)","Quick Restart","Random Character Button","StSLib","SuperFastMode"],"gold_per_floor":[109,109,128,128,142,142,159,171,198,198,198],"floor_reached":10,"playtime":263,"items_purged":[],"score":60,"play_id":"34e64873-3572-4dae-8695-00ba1b439446","local_time":"20210109161201","is_ascension_mode":false,"campfire_choices":[{"data":"Bash","floor":6,"key":"SMITH"}],"circlet_count":0,"master_deck":["Strike_R","Strike_R","Strike_R","Defend_R","Defend_R","Defend_R","Defend_R","Bash+1","SilentOrchestra","FairyFestival","Bloodbath","QueenOfHatred","UniverseFragment","Blood for Blood"],"relics":["Burning Blood","CogitoBucket","Dream Catcher"],"acts_visited":["Exordium"],"potions_floor_usage":[],"damage_taken":[{"damage":2,"enemies":"2 Louse","floor":1,"turns":3},{"damage":10,"enemies":"Small Slimes","floor":3,"turns":6},{"damage":16,"enemies":"Cultist","floor":5,"turns":5},{"damage":34,"enemies":"Looter","floor":7,"turns":4},{"damage":19,"enemies":"Blue Slaver","floor":8,"turns":4},{"damage":54,"enemies":"3 Sentries","floor":10,"turns":6}],"seed_played":"5828099813704223189","potions_obtained":[{"floor":1,"key":"ColorlessPotion"},{"floor":5,"key":"BlessingOfTheForge"},{"floor":7,"key":"SteroidPotion"}],"is_trial":false,"path_per_floor":["M","?","M","?","M","R","M","M","T","E"],"character_chosen":"IRONCLAD","items_purchased":[],"campfire_rested":0,"item_purchase_floors":[],"current_hp_per_floor":[80,73,69,69,62,62,39,36,36,0,0],"gold":198,"neow_bonus":"","is_daily":false,"chose_seed":false,"campfire_upgraded":1,"win_rate":0.0,"timestamp":1610176321,"path_taken":["M","?","M","?","M","R","M","?","T","E"],"items_purchased_type":[],"build_version":"2020-12-22","purchased_purges":0,"victory":false,"max_hp_per_floor":[80,80,80,80,80,80,80,80,80,80,80],"card_choices":[{"not_picked":["Freischutz","CherryBlossoms"],"picked":"SilentOrchestra","floor":1},{"not_picked":["Flex","Headbutt","Flame Barrier"],"picked":"SKIP","floor":1},{"not_picked":["CherryBlossoms","MHz"],"picked":"FairyFestival","floor":3},{"not_picked":["Perfected Strike","Carnage","Havoc"],"picked":"SKIP","floor":3},{"not_picked":["WallGazer","OSAHOGD"],"picked":"Bloodbath","floor":5},{"not_picked":["True Grit","Thunderclap","Dropkick"],"picked":"SKIP","floor":5},{"not_picked":["True Grit","Thunderclap","Dropkick"],"picked":"SKIP","floor":5},{"not_picked":["CherryBlossoms","HappyTeddy"],"picked":"QueenOfHatred","floor":7},{"not_picked":["Headbutt","Power Through","Clash"],"picked":"SKIP","floor":7},{"not_picked":["CrumblingArmor","SpiderBud"],"picked":"UniverseFragment","floor":8},{"not_picked":["Wild Strike","Fiend Fire"],"picked":"Blood for Blood","floor":8}],"player_experience":597875,"relics_obtained":[{"floor":9,"key":"Dream Catcher"}],"event_choices":[{"cards_removed":["Strike_R"],"damage_healed":0,"gold_gain":0,"player_choice":"Card Removal","damage_taken":7,"max_hp_gain":0,"max_hp_loss":0,"event_name":"Golden Wing","floor":2,"gold_loss":0},{"cards_removed":["Strike_R"],"damage_healed":0,"gold_gain":0,"player_choice":"Purged","damage_taken":0,"max_hp_gain":0,"max_hp_loss":0,"event_name":"Purifier","floor":4,"gold_loss":0}],"is_beta":false,"boss_relics":[],"items_purged_floors":[],"is_endless":false,"potions_floor_spawned":[1,5,7],"killed_by":"3 Sentries","ascension_level":0}}