{"host":"d8hh7rr4yzitjeuj","time":1610167752,"event":{"mods":["2.2 Compatiblity","AchievementEnabler","Act Like it!","BaseMod","Colored Map","Colored Powertips","Highlight Path","Keyboard Shortcuts","Minty Spire (QoL Compilation)","Permanent Neow","Quick Restart","StSLib","SuperFastMode"],"gold_per_floor":[118,135,135,153,163,189,208,208,208,208,226,14,30,30,30,103,103,117,127,145,145,145],"floor_reached":21,"playtime":780,"items_purged":[],"score":370,"play_id":"6dfde693-5898-408d-9b67-71166f0ea75f","local_time":"20210109134912","is_ascension_mode":true,"campfire_choices":[{"data":"Recycle","floor":8.0,"key":"SMITH"},{"floor":10.0,"key":"REST"},{"data":"Double Energy","floor":15.0,"key":"SMITH"}],"circlet_count":0,"master_deck":["AscendersBane","Strike_B","Strike_B","Strike_B","Strike_B","Defend_B","Defend_B","Defend_B","Defend_B","Zap","Dualcast","Steam","Streamline+1","Recycle+1","Beam Cell","Double Energy+1","Rebound","Darkness","Leap","Reprogram","Meteor Strike","Echo Form","Compile Driver","Defragment"],"relics":["Runic Pyramid","Bronze Scales","Potion Belt","Lee\u0027s Waffle","Cursed Key"],"acts_visited":["Exordium","TheCity"],"potions_floor_usage":[20,21],"damage_taken":[{"damage":0.0,"enemies":"2 Louse","floor":1.0,"turns":2.0},{"damage":3.0,"enemies":"Jaw Worm","floor":2.0,"turns":3.0},{"damage":0.0,"enemies":"Cultist","floor":4.0,"turns":3.0},{"damage":8.0,"enemies":"Blue Slaver","floor":5.0,"turns":4.0},{"damage":20.0,"enemies":"3 Sentries","floor":6.0,"turns":8.0},{"damage":16.0,"enemies":"Exordium Thugs","floor":7.0,"turns":4.0},{"damage":18.0,"enemies":"Exordium Wildlife","floor":11.0,"turns":5.0},{"damage":0.0,"enemies":"Large Slime","floor":13.0,"turns":4.0},{"damage":26.0,"enemies":"The Guardian","floor":16.0,"turns":8.0},{"damage":2,"enemies":"Chosen","floor":18,"turns":5},{"damage":6,"enemies":"Spheric Guardian","floor":19,"turns":4},{"damage":24,"enemies":"Snake Plant","floor":20,"turns":4},{"damage":40,"enemies":"Masked Bandits","floor":21,"turns":2}],"seed_played":"5976572059304134050","potions_obtained":[{"floor":4.0,"key":"Strength Potion"},{"floor":5.0,"key":"GamblersBrew"},{"floor":11.0,"key":"ColorlessPotion"},{"floor":16.0,"key":"EssenceOfSteel"},{"floor":19,"key":"PotionOfCapacity"}],"is_trial":false,"path_per_floor":["M","M","?","M","M","E","M","R","T","R","M","$","M","?","R","B",null,"M","M","M","?"],"character_chosen":"DEFECT","items_purchased":["Lee\u0027s Waffle","Leap"],"campfire_rested":1,"item_purchase_floors":[12,12],"current_hp_per_floor":[64,61,61,61,53,33,17,17,17,38,20,78,78,78,78,52,72,70,64,40,0,0],"gold":145,"neow_bonus":"BOSS_RELIC","is_daily":false,"chose_seed":false,"campfire_upgraded":2,"win_rate":0.0,"timestamp":1610167752,"path_taken":["M","M","?","M","M","E","M","R","T","R","M","$","M","?","R","BOSS","M","?","M","?"],"items_purchased_type":["Relic","Card"],"build_version":"2020-12-22","purchased_purges":0,"victory":false,"max_hp_per_floor":[71,71,71,71,71,71,71,71,71,71,71,78,78,78,78,78,78,78,78,78,78,78],"card_choices":[{"not_picked":["Barrage","Hologram"],"picked":"Steam","floor":1.0},{"not_picked":["Barrage","Redo"],"picked":"Streamline","floor":2.0},{"not_picked":["Blizzard","Barrage"],"picked":"Recycle","floor":4.0},{"not_picked":["Cold Snap","Barrage"],"picked":"Beam Cell","floor":5.0},{"not_picked":["Tempest","Heatsinks"],"picked":"Double Energy","floor":6.0},{"not_picked":["Consume","Leap"],"picked":"Rebound","floor":7.0},{"not_picked":["Beam Cell","Redo"],"picked":"Darkness","floor":11.0},{"not_picked":["Reinforced Body","Gash"],"picked":"Reprogram","floor":13.0},{"not_picked":["All For One","Biased Cognition"],"picked":"Echo Form","floor":16.0},{"not_picked":["Beam Cell","Barrage"],"picked":"Compile Driver","floor":18},{"not_picked":["Aggregate+1","Rebound+1","Glacier"],"picked":"SKIP","floor":19},{"not_picked":["Cold Snap","Sweeping Beam"],"picked":"Defragment","floor":20}],"player_experience":1431803,"relics_obtained":[{"floor":6.0,"key":"Bronze Scales"},{"floor":9.0,"key":"Potion Belt"}],"event_choices":[{"damage_healed":0.0,"max_hp_gain":0.0,"max_hp_loss":0.0,"gold_gain":0.0,"event_name":"Living Wall","player_choice":"Grow","floor":3.0,"gold_loss":0.0,"damage_taken":0.0,"cards_upgraded":["Streamline"]},{"damage_healed":0.0,"max_hp_gain":0.0,"max_hp_loss":0.0,"gold_gain":0.0,"event_name":"Match and Keep!","player_choice":"1 cards matched","floor":14.0,"gold_loss":0.0,"damage_taken":0.0,"cards_obtained":["Meteor Strike"]},{"damage_healed":0,"gold_gain":0,"player_choice":"Fought Bandits","damage_taken":0,"max_hp_gain":0,"max_hp_loss":0,"event_name":"Masked Bandits","floor":21,"gold_loss":0}],"is_beta":false,"boss_relics":[{"not_picked":["Runic Dome","Ectoplasm"],"picked":"Cursed Key"}],"items_purged_floors":[],"is_endless":false,"potions_floor_spawned":[4,5,11,16,19],"killed_by":"Masked Bandits","ascension_level":20}}