{"host":"ve5hox67eka4rdnb","time":1610201600,"event":{"mods":["ATMod(∞¢Ë™Mod)","Act Like it!","BaseMod","Downfall","Gensokyo","Hermit","Lobotomy","Marisa£®ÏF”Í°°ƒß¿Ì…≥£©","Minty Spire (QoL Compilation)","Remilia£®¿Ÿ√◊¿Ú—«£©","Replay The Spire","StSLib","The Cursed","The Servant 0.9.4"],"gold_per_floor":[118,118,135,168,93,120,120,142,211,211,199,149,125,97,97,17,17],"floor_reached":16,"playtime":922,"items_purged":["Parasite"],"score":193,"play_id":"2789e4ff-da9b-44a8-988d-ce843546bec0","local_time":"20210109221320","is_ascension_mode":false,"campfire_choices":[{"floor":7,"key":"REST"},{"data":"AT_FamilyPortrait","floor":10,"key":"SMITH"},{"floor":15,"key":"REST"}],"circlet_count":0,"master_deck":["Strike_G","Strike_G","Strike_G","Strike_G","Strike_G","Defend_G","Defend_G","Defend_G","Defend_G","Survivor","Neutralize","AT_FamilyPortrait+1","WhitesApple","ReplayTheSpireMod:Tripwire","Freischutz","Endless Agony","Parasite","LittleHelper","UniverseFragment","Underhanded Strike","Parasite","SpiderBud","ReplayTheSpireMod:Speed Training","Slice","Parasite"],"relics":["Ring of the Snake","AT_ATBox","CogitoBucket","Thread and Needle","AT_BladeRuinedKing","The Courier","Odd Mushroom","AT_GuinsooRageblade"],"acts_visited":["Exordium"],"potions_floor_usage":[6,8,8,13,13,16],"damage_taken":[{"damage":6,"enemies":"2 Louse","floor":1,"turns":4},{"damage":12,"enemies":"Small Slimes","floor":3,"turns":4},{"damage":1,"enemies":"Cultist","floor":4,"turns":4},{"damage":21,"enemies":"Lagavulin","floor":6,"turns":6},{"damage":0,"enemies":"3 Sentries","floor":8,"turns":4},{"damage":0,"enemies":"The Mushroom Lair","floor":11,"turns":2},{"damage":13,"enemies":"Looter","floor":13,"turns":3},{"damage":18,"enemies":"Lagavulin","floor":14,"turns":2},{"damage":29,"enemies":"Hexaghost","floor":16,"turns":4}],"seed_played":"1257391203879342005","potions_obtained":[{"floor":6,"key":"BlessingOfTheForge"},{"floor":11,"key":"Elixir"},{"floor":14,"key":"PowerPotion"}],"is_trial":false,"path_per_floor":["M","?","M","M","$","E","R","E","T","R","?","?","M","E","R","B"],"character_chosen":"THE_SILENT","items_purchased":[],"campfire_rested":2,"item_purchase_floors":[],"current_hp_per_floor":[64,64,52,51,51,30,50,50,50,50,50,50,37,19,39,10,10],"gold":17,"neow_bonus":"","is_daily":false,"chose_seed":false,"campfire_upgraded":1,"win_rate":0.0,"timestamp":1610201600,"path_taken":["M","?","M","M","$","E","R","E","T","R","?","?","M","E","R","BOSS"],"items_purchased_type":[],"build_version":"2020-12-22","purchased_purges":1,"victory":false,"max_hp_per_floor":[70,70,70,70,67,67,67,67,67,67,67,67,67,67,67,67,67],"card_choices":[{"not_picked":["SpiderBud","Yin"],"picked":"WhitesApple","floor":1},{"not_picked":["PiercingWail","Cloak And Dagger"],"picked":"ReplayTheSpireMod:Tripwire","floor":1},{"not_picked":["PlagueDoctor","Murderer"],"picked":"Freischutz","floor":3},{"not_picked":["Masterful Stab","Endless Agony","Poisoned Stab"],"picked":"SKIP","floor":3},{"not_picked":["Masterful Stab","Poisoned Stab"],"picked":"Endless Agony","floor":3},{"not_picked":["Wellcheers","Laetitia"],"picked":"LittleHelper","floor":4},{"not_picked":["Hidden Blade","Flying Knee","ReplayTheSpireMod:Exploit Weakness"],"picked":"SKIP","floor":4},{"not_picked":["Hidden Blade","Flying Knee","ReplayTheSpireMod:Exploit Weakness"],"picked":"SKIP","floor":4},{"not_picked":["PunishingBird","CrumblingArmor"],"picked":"UniverseFragment","floor":6},{"not_picked":["Dodge and Roll","Predator"],"picked":"Underhanded Strike","floor":6},{"not_picked":["SpiderBud","Murderer"],"picked":"CherryBlossoms","floor":8},{"not_picked":["Sneak Up","Slice","AT_WomanClash"],"picked":"SKIP","floor":8},{"not_picked":["Sneak Up","Slice","AT_WomanClash"],"picked":"SKIP","floor":8},{"not_picked":["Woodsman","BlackSwan"],"picked":"SpiderBud","floor":11},{"not_picked":["Tactician","PiercingWail"],"picked":"ReplayTheSpireMod:Speed Training","floor":11},{"not_picked":["Blade Dance","Underhanded Strike","AT_WindRun"],"picked":"SKIP","floor":13},{"not_picked":["Fluid Movement","Cloak And Dagger"],"picked":"Slice","floor":14}],"player_experience":145679,"relics_obtained":[{"floor":6,"key":"Thread and Needle"},{"floor":8,"key":"AT_BladeRuinedKing"},{"floor":9,"key":"The Courier"},{"floor":11,"key":"Odd Mushroom"},{"floor":14,"key":"AT_GuinsooRageblade"}],"event_choices":[{"cards_removed":["Defend_G"],"damage_healed":0,"gold_gain":0,"player_choice":"Forget","damage_taken":0,"max_hp_gain":0,"max_hp_loss":0,"event_name":"Living Wall","floor":2,"gold_loss":0},{"damage_healed":0,"gold_gain":0,"player_choice":"Fought Mushrooms","damage_taken":0,"max_hp_gain":0,"max_hp_loss":0,"event_name":"Mushrooms","floor":11,"gold_loss":0},{"cards_removed":["CherryBlossoms"],"damage_healed":0,"gold_gain":0,"player_choice":"Card Removal","damage_taken":0,"max_hp_gain":0,"max_hp_loss":0,"event_name":"The Cleric","floor":12,"gold_loss":50}],"is_beta":false,"boss_relics":[],"items_purged_floors":[5],"is_endless":false,"potions_floor_spawned":[4,6,11,14],"killed_by":"Hexaghost","ascension_level":0}}