{"host":"z1wl47oisvloj0tp","time":1610223000,"event":{"mods":["BaseMod","Minty Spire (QoL Compilation)"],"gold_per_floor":[119,5,5,17,17,46,59,59,59,8,28,46,77,96,96,198,198,168,179,18,28,39,39,74,74,74,103,118,118,0,0,0,105,105,123,123,123],"floor_reached":36,"playtime":7546,"items_purged":["Strike_G"],"score":513,"play_id":"d70b7541-ba69-432f-ac17-1ca3da817dbc","local_time":"20210109211000","is_ascension_mode":true,"campfire_choices":[{"floor":8,"key":"RECALL"},{"data":"Footwork","floor":15,"key":"SMITH"},{"floor":23,"key":"REST"},{"data":"Adrenaline","floor":25,"key":"SMITH"},{"floor":29,"key":"REST"},{"data":"Envenom","floor":32,"key":"SMITH"}],"circlet_count":0,"master_deck":["Strike_G","Defend_G","Defend_G","Defend_G","Defend_G","Defend_G","Survivor","Neutralize","Bouncing Flask","Backflip","Infinite Blades","Deadly Poison","Crippling Poison","Footwork+1","Flying Knee","Terror","Envenom+1","Bouncing Flask+1","Leg Sweep","Poisoned Stab","PiercingWail","Adrenaline+1","Escape Plan","PiercingWail","Unload"],"relics":["Ring of the Snake","Ancient Tea Set","Singing Bowl","PreservedInsect","SlaversCollar","Bag of Marbles","Tough Bandages","Mummified Hand","SacredBark"],"acts_visited":["Exordium","TheCity","TheBeyond"],"potions_floor_usage":[12,18,28,33,36,36],"damage_taken":[{"damage":0,"enemies":"Jaw Worm","floor":1,"turns":5},{"damage":0,"enemies":"2 Louse","floor":4,"turns":3},{"damage":0,"enemies":"Lagavulin","floor":6,"turns":5},{"damage":0,"enemies":"Cultist","floor":7,"turns":4},{"damage":0,"enemies":"Red Slaver","floor":11,"turns":4},{"damage":9,"enemies":"Lots of Slimes","floor":12,"turns":3},{"damage":23,"enemies":"3 Sentries","floor":13,"turns":11},{"damage":5,"enemies":"Looter","floor":14,"turns":4},{"damage":2,"enemies":"Hexaghost","floor":16,"turns":8},{"damage":1,"enemies":"2 Thieves","floor":18,"turns":2},{"damage":1,"enemies":"Chosen","floor":19,"turns":6},{"damage":37,"enemies":"Centurion and Healer","floor":21,"turns":8},{"damage":15,"enemies":"Snake Plant","floor":22,"turns":5},{"damage":0,"enemies":"Book of Stabbing","floor":24,"turns":5},{"damage":0,"enemies":"Gremlin Leader","floor":27,"turns":7},{"damage":7,"enemies":"3 Cultists","floor":28,"turns":9},{"damage":52,"enemies":"Collector","floor":33,"turns":11},{"damage":3,"enemies":"3 Shapes","floor":35,"turns":6},{"damage":79,"enemies":"2 Orb Walkers","floor":36,"turns":7}],"seed_played":"4108460812053272506","potions_obtained":[{"floor":1,"key":"Dexterity Potion"},{"floor":13,"key":"SmokeBomb"},{"floor":14,"key":"Fire Potion"},{"floor":21,"key":"Fire Potion"},{"floor":27,"key":"GamblersBrew"},{"floor":35,"key":"SpeedPotion"}],"is_trial":false,"path_per_floor":["M","$","?","M","?","E","M","R","T","$","M","M","E","M","R","B",null,"M","M","$","M","M","R","E","R","T","E","M","R","?","?","R","B",null,"M","?"],"character_chosen":"THE_SILENT","items_purchased":["Backflip","Infinite Blades","Flying Knee","Leg Sweep","Poisoned Stab"],"campfire_rested":2,"item_purchase_floors":[2,2,10,20,20],"current_hp_per_floor":[70,70,63,63,63,63,63,63,63,63,65,56,35,32,32,30,76,75,74,74,37,24,47,47,47,47,47,40,63,63,63,63,11,78,77,0,0],"gold":123,"neow_bonus":"RANDOM_COMMON_RELIC","is_daily":false,"chose_seed":false,"campfire_upgraded":3,"win_rate":0.0,"timestamp":1610223000,"path_taken":["M","$","?","M","?","E","?","R","T","?","M","M","E","?","R","BOSS","M","M","$","M","M","R","E","R","T","E","M","R","?","?","R","BOSS","M","?"],"items_purchased_type":["Card","Card","Card","Card","Card"],"build_version":"2020-12-22","purchased_purges":1,"victory":false,"max_hp_per_floor":[70,70,70,70,70,70,70,70,70,70,72,72,74,76,76,76,76,76,76,76,76,78,78,78,78,78,78,78,78,78,78,78,78,78,80,80,80],"card_choices":[{"not_picked":["Outmaneuver","Prepared"],"picked":"Bouncing Flask","floor":1},{"not_picked":["Flechettes","Sucker Punch"],"picked":"Deadly Poison","floor":4},{"not_picked":["Prepared","Blade Dance"],"picked":"Crippling Poison","floor":6},{"not_picked":["Dagger Throw","Deadly Poison"],"picked":"Footwork","floor":7},{"not_picked":["Dagger Spray","Dagger Throw","Leg Sweep"],"picked":"Singing Bowl","floor":11},{"not_picked":["Prepared","Dagger Throw"],"picked":"Terror","floor":12},{"not_picked":["Underhanded Strike","A Thousand Cuts","Tactician"],"picked":"Singing Bowl","floor":13},{"not_picked":["Eviscerate","Endless Agony","Sucker Punch"],"picked":"Singing Bowl","floor":14},{"not_picked":["Wraith Form v2","Night Terror"],"picked":"Envenom","floor":16},{"not_picked":["Deflect","Quick Slash"],"picked":"Bouncing Flask+1","floor":19},{"not_picked":["Flying Knee","Blade Dance"],"picked":"PiercingWail","floor":21},{"not_picked":["Backflip","Cloak And Dagger+1","Infinite Blades"],"picked":"Singing Bowl","floor":22},{"not_picked":["Calculated Gamble+1","Predator"],"picked":"Adrenaline","floor":24},{"not_picked":["Bane","Choke"],"picked":"Escape Plan","floor":27},{"not_picked":["Dagger Spray+1","Predator"],"picked":"PiercingWail","floor":28},{"not_picked":["Bullet Time","Malaise"],"picked":"Unload","floor":33},{"not_picked":["Slice+1","PiercingWail","Dagger Spray+1"],"picked":"Singing Bowl","floor":35}],"player_experience":319937,"relics_obtained":[{"floor":6,"key":"Singing Bowl"},{"floor":13,"key":"PreservedInsect"},{"floor":24,"key":"Bag of Marbles"},{"floor":26,"key":"Tough Bandages"},{"floor":27,"key":"Mummified Hand"}],"event_choices":[{"cards_removed":["Strike_G"],"damage_healed":0,"gold_gain":0,"player_choice":"Card Removal","damage_taken":7,"max_hp_gain":0,"max_hp_loss":0,"event_name":"Golden Wing","floor":3,"gold_loss":0},{"cards_removed":["Strike_G"],"damage_healed":0,"gold_gain":0,"player_choice":"Purged","damage_taken":0,"max_hp_gain":0,"max_hp_loss":0,"event_name":"Purifier","floor":5,"gold_loss":0},{"damage_healed":0,"gold_gain":0,"player_choice":"Paid Fearfully","damage_taken":0,"max_hp_gain":0,"max_hp_loss":0,"event_name":"Masked Bandits","floor":30,"gold_loss":118},{"cards_removed":["Strike_G"],"damage_healed":0,"gold_gain":0,"player_choice":"Purged","damage_taken":0,"max_hp_gain":0,"max_hp_loss":0,"event_name":"Purifier","floor":31,"gold_loss":0},{"damage_healed":0,"gold_gain":0,"player_choice":"Fight","damage_taken":0,"max_hp_gain":0,"max_hp_loss":0,"event_name":"Mysterious Sphere","floor":36,"gold_loss":0}],"is_beta":false,"boss_relics":[{"not_picked":["HoveringKite","Cursed Key"],"picked":"SlaversCollar"},{"not_picked":["Coffee Dripper","Busted Crown"],"picked":"SacredBark"}],"items_purged_floors":[20],"is_endless":false,"potions_floor_spawned":[1,13,14,18,21,27,35],"killed_by":"2 Orb Walkers","ascension_level":1}}