{"host":"sav7uxregyirlf69","time":1610203899,"event":{"mods":["AchievementEnabler","BaseMod","Colored Map","DeckTracker","Keyboard Shortcuts","Minty Spire (QoL Compilation)","READ ME - Guardian Mod","StSLib","SuperFastMode"],"gold_per_floor":[120,146,221,19,32,32,32,59,84,6,6,6,6],"floor_reached":12,"playtime":170,"items_purged":["Strike_G","Strike_G"],"score":136,"play_id":"ccbba5a1-8d0c-4ac7-b1d9-78608e9b7b77","local_time":"20210109235139","is_ascension_mode":true,"campfire_choices":[{"data":"Neutralize","floor":6,"key":"SMITH"},{"data":"Blade Dance","floor":11,"key":"SMITH"}],"circlet_count":0,"master_deck":["AscendersBane","Strike_G","Strike_G","Strike_G","Defend_G","Defend_G","Defend_G","Defend_G","Defend_G","Survivor","Neutralize+1","Blade Dance+1","Dagger Throw","Backstab"],"relics":["Ring of the Snake","CeramicFish","Membership Card","Potion Belt"],"acts_visited":["Exordium"],"potions_floor_usage":[12],"damage_taken":[{"damage":11,"enemies":"Small Slimes","floor":1,"turns":6},{"damage":4,"enemies":"2 Louse","floor":2,"turns":4},{"damage":4,"enemies":"Jaw Worm","floor":5,"turns":5},{"damage":0,"enemies":"Looter","floor":8,"turns":3},{"damage":29,"enemies":"Lagavulin","floor":12,"turns":6}],"seed_played":"2129985261016971041","potions_obtained":[],"is_trial":false,"path_per_floor":["M","M","?","$","M","R","?","M","T","$","R","E"],"character_chosen":"THE_SILENT","items_purchased":["Membership Card","AttackPotion"],"campfire_rested":0,"item_purchase_floors":[4,10],"current_hp_per_floor":[48,44,33,33,29,29,29,29,29,29,29,0,0],"gold":6,"neow_bonus":"RANDOM_COMMON_RELIC","is_daily":false,"chose_seed":false,"campfire_upgraded":2,"win_rate":0.0,"timestamp":1610203899,"path_taken":["M","M","?","$","M","R","?","M","T","$","R","E"],"items_purchased_type":["Relic","Potion"],"build_version":"2020-12-22","purchased_purges":2,"victory":false,"max_hp_per_floor":[66,66,66,66,66,66,66,66,66,66,66,66,66],"card_choices":[{"not_picked":["Prepared","Well Laid Plans"],"picked":"Blade Dance","floor":1},{"not_picked":["Tactician","Quick Slash"],"picked":"Dagger Throw","floor":2},{"not_picked":["Cloak And Dagger","Sucker Punch","Blade Dance"],"picked":"SKIP","floor":5},{"not_picked":["PiercingWail","Dagger Throw"],"picked":"Backstab","floor":8}],"player_experience":1217633,"relics_obtained":[{"floor":9,"key":"Potion Belt"}],"event_choices":[{"damage_healed":0,"gold_gain":75,"player_choice":"Gather Gold","damage_taken":11,"max_hp_gain":0,"max_hp_loss":0,"event_name":"World of Goop","floor":3,"gold_loss":0},{"damage_healed":0,"gold_gain":0,"player_choice":"Ignored","damage_taken":0,"max_hp_gain":0,"max_hp_loss":0,"event_name":"Shining Light","floor":7,"gold_loss":0}],"is_beta":false,"boss_relics":[],"items_purged_floors":[4,10],"is_endless":false,"potions_floor_spawned":[],"killed_by":"Lagavulin","ascension_level":20}}