{"host":"mg76ttosiqzmuff4","time":1610228269,"event":{"mods":["BaseMod","Block Reminder","Colored Powertips","Googly Eyes","Minty Spire (QoL Compilation)","Quick Restart","Relic Stats","StSLib","Waifu the Spire","everything is the same but u backflip on backflip","slay the spire mod where everything is the same but ironclad has a cowboy hat"],"gold_per_floor":[115,13,13,13,32,32,60,60,60,76,88,88,117,128,128,228,228,239,239,258,286,116,116,37,37,86,116,116,80,480,490,490,588,588,608,658,658,283,302,302,321,321,346,358,383,383,383],"floor_reached":46,"playtime":1772,"items_purged":["Strike_G"],"score":601,"play_id":"eaecff1a-54a1-4460-a5ed-e9efac8abcff","local_time":"20210110003749","is_ascension_mode":true,"campfire_choices":[{"data":"Noxious Fumes","floor":6.0,"key":"SMITH"},{"data":"Survivor","floor":8.0,"key":"SMITH"},{"data":"Catalyst","floor":12.0,"key":"SMITH"},{"data":"Catalyst","floor":15.0,"key":"SMITH"},{"data":"Apotheosis","floor":23.0,"key":"SMITH"},{"floor":25.0,"key":"REST"},{"data":"After Image","floor":28.0,"key":"SMITH"},{"floor":32.0,"key":"REST"},{"data":"Footwork","floor":40,"key":"SMITH"},{"floor":42,"key":"REST"}],"circlet_count":0,"master_deck":["Strike_G","Strike_G","Strike_G","Defend_G","Defend_G","Defend_G","Survivor+1","Neutralize","Catalyst+1","Noxious Fumes+1","Backflip","Dagger Spray","Quick Slash","Dagger Throw","Catalyst+1","Deflect","Deflect","After Image+1","Terror+1","Poisoned Stab","Dagger Spray+1","Apotheosis+1","Footwork+1","Dagger Spray+1","Footwork","Poisoned Stab","Deadly Poison+1","A Thousand Cuts","Poisoned Stab","Catalyst","After Image"],"relics":["Ring of the Snake","NeowsBlessing","Bag of Marbles","Eternal Feather","Vajra","Empty Cage","Red Mask","Juzu Bracelet","White Beast Statue","Ice Cream","Old Coin","Ninja Scroll","Runic Pyramid","Du-Vu Doll","Anchor","Strange Spoon","Regal Pillow","Art of War"],"acts_visited":["Exordium","TheCity","TheBeyond"],"potions_floor_usage":[33,33,33,45],"damage_taken":[{"damage":0.0,"enemies":"Cultist","floor":1.0,"turns":1.0},{"damage":0.0,"enemies":"Small Slimes","floor":5.0,"turns":1.0},{"damage":0.0,"enemies":"Gremlin Nob","floor":7.0,"turns":1.0},{"damage":0.0,"enemies":"Jaw Worm","floor":10.0,"turns":4.0},{"damage":1.0,"enemies":"Looter","floor":11.0,"turns":4.0},{"damage":18.0,"enemies":"3 Sentries","floor":13.0,"turns":6.0},{"damage":0.0,"enemies":"Large Slime","floor":14.0,"turns":4.0},{"damage":5.0,"enemies":"Hexaghost","floor":16.0,"turns":7.0},{"damage":19.0,"enemies":"2 Thieves","floor":18.0,"turns":4.0},{"damage":12.0,"enemies":"Chosen","floor":20.0,"turns":5.0},{"damage":27.0,"enemies":"Masked Bandits","floor":21.0,"turns":4.0},{"damage":19.0,"enemies":"Book of Stabbing","floor":27.0,"turns":7.0},{"damage":9.0,"enemies":"Colosseum Slavers","floor":30.0,"turns":5.0},{"damage":21.0,"enemies":"Colosseum Nobs","floor":30.0,"turns":4.0},{"damage":0.0,"enemies":"Centurion and Healer","floor":31.0,"turns":5.0},{"damage":38,"enemies":"Collector","floor":33,"turns":8},{"damage":15,"enemies":"Orb Walker","floor":35,"turns":5},{"damage":0,"enemies":"Mind Bloom Boss Battle","floor":36,"turns":6},{"damage":0,"enemies":"3 Shapes","floor":39,"turns":5},{"damage":41,"enemies":"Spire Growth","floor":41,"turns":6},{"damage":0,"enemies":"Sphere and 2 Shapes","floor":44,"turns":5},{"damage":5,"enemies":"Giant Head","floor":45,"turns":6},{"damage":63,"enemies":"Transient","floor":46,"turns":4}],"seed_played":"8007145633828979583","potions_obtained":[{"floor":11.0,"key":"Fire Potion"},{"floor":14.0,"key":"FearPotion"},{"floor":16.0,"key":"Poison Potion"},{"floor":21.0,"key":"CunningPotion"},{"floor":27.0,"key":"LiquidBronze"},{"floor":30.0,"key":"Strength Potion"},{"floor":31.0,"key":"Weak Potion"},{"floor":33,"key":"Poison Potion"},{"floor":35,"key":"Dexterity Potion"},{"floor":36,"key":"Energy Potion"},{"floor":45,"key":"GhostInAJar"}],"is_trial":false,"path_per_floor":["M","$","?","$","M","R","E","R","T","M","M","R","E","M","R","B",null,"M","?","M","?","$","R","$","R","T","E","R","$","?","M","R","B",null,"M","?","?","$","M","R","M","R","T","M","E","M"],"character_chosen":"THE_SILENT","items_purchased":["Noxious Fumes","Backflip","Apotheosis","Footwork","Footwork","Ice Cream","Anchor","Strange Spoon"],"campfire_rested":3,"item_purchase_floors":[2,2,22,24,29,29,38,38],"current_hp_per_floor":[70,70,70,70,70,70,70,70,70,70,69,70,52,52,64,59,70,51,51,39,12,12,24,24,57,57,38,53,53,23,23,59,21,70,55,55,55,55,55,70,29,68,68,68,63,0,0],"gold":383,"neow_bonus":"THREE_ENEMY_KILL","is_daily":false,"chose_seed":false,"campfire_upgraded":7,"win_rate":0.0,"timestamp":1610228269,"path_taken":["M","$","?","$","M","R","E","R","T","M","M","R","E","?","R","BOSS","M","?","M","?","$","R","$","R","T","E","R","$","?","M","R","BOSS","M","?","?","$","M","R","M","R","T","M","E","M"],"items_purchased_type":["Card","Card","Card","Card","Card","Relic","Relic","Relic"],"build_version":"2020-12-22","purchased_purges":1,"victory":false,"max_hp_per_floor":[70,70,70,70,70,70,70,70,70,70,70,70,70,70,70,70,70,70,70,70,70,70,70,70,70,70,70,70,70,70,70,70,70,70,70,70,70,70,70,70,70,70,70,70,70,70,70],"relic_stats":{"Strange Spoon":[13],"Regal Pillow":0,"counters":[23,107],"Eternal Feather":100,"Juzu Bracelet":0,"Art of War":[0],"obtain_stats":[{"Ice Cream":29,"Regal Pillow":43,"NeowsBlessing":0,"Vajra":13,"Eternal Feather":9,"Juzu Bracelet":26,"Empty Cage":17,"White Beast Statue":27,"Old Coin":30,"Du-Vu Doll":36,"Strange Spoon":38,"Anchor":38,"Ninja Scroll":30,"Bag of Marbles":7,"Red Mask":21,"Art of War":45,"Ring of the Snake":0,"Runic Pyramid":34},{"Ice Cream":12,"Regal Pillow":20,"NeowsBlessing":0,"Vajra":6,"Eternal Feather":3,"Juzu Bracelet":11,"Empty Cage":8,"White Beast Statue":12,"Old Coin":14,"Du-Vu Doll":18,"Strange Spoon":18,"Anchor":18,"Ninja Scroll":14,"Bag of Marbles":3,"Red Mask":11,"Art of War":22,"Ring of the Snake":0,"Runic Pyramid":16},{"Ice Cream":48,"Regal Pillow":92,"NeowsBlessing":0,"Vajra":17,"Eternal Feather":3,"Juzu Bracelet":41,"Empty Cage":28,"White Beast Statue":48,"Old Coin":57,"Du-Vu Doll":81,"Strange Spoon":81,"Anchor":81,"Ninja Scroll":57,"Bag of Marbles":3,"Red Mask":41,"Art of War":103,"Ring of the Snake":0,"Runic Pyramid":70}],"Ring of the Snake":[46]},"card_choices":[{"not_picked":["PiercingWail","Dodge and Roll"],"picked":"Catalyst","floor":1.0},{"not_picked":["Crippling Poison","Acrobatics"],"picked":"Dagger Spray","floor":5.0},{"not_picked":["PiercingWail","Tools of the Trade"],"picked":"Quick Slash","floor":7.0},{"not_picked":["Dash","Dagger Spray"],"picked":"Dagger Throw","floor":10.0},{"not_picked":["Caltrops","Riddle With Holes"],"picked":"Catalyst","floor":11.0},{"not_picked":["Terror","Slice"],"picked":"Deflect","floor":13.0},{"not_picked":["Acrobatics","Quick Slash"],"picked":"Deflect","floor":14.0},{"not_picked":["Wraith Form v2","Corpse Explosion"],"picked":"After Image","floor":16.0},{"not_picked":["Dodge and Roll","Prepared"],"picked":"Terror+1","floor":18.0},{"not_picked":["Caltrops","All Out Attack"],"picked":"Poisoned Stab","floor":20.0},{"not_picked":["Outmaneuver","Dagger Throw"],"picked":"Dagger Spray+1","floor":21.0},{"not_picked":["Doppelganger","Riddle With Holes+1"],"picked":"Dagger Spray+1","floor":27.0},{"not_picked":["Slice","Prepared"],"picked":"Poisoned Stab","floor":30.0},{"not_picked":["Flying Knee","Bane"],"picked":"Deadly Poison+1","floor":31.0},{"not_picked":["Night Terror","Venomology"],"picked":"A Thousand Cuts","floor":33},{"not_picked":["Dagger Spray+1","Finisher+1"],"picked":"Poisoned Stab","floor":35},{"not_picked":["Blade Dance+1","Bouncing Flask+1"],"picked":"Catalyst","floor":39},{"not_picked":["Accuracy","Backflip+1","Acrobatics"],"picked":"SKIP","floor":41},{"not_picked":["Cloak And Dagger","Sucker Punch+1","Blade Dance"],"picked":"SKIP","floor":44},{"not_picked":["Prepared+1","Underhanded Strike"],"picked":"After Image","floor":45}],"player_experience":135963,"relics_obtained":[{"floor":7.0,"key":"Bag of Marbles"},{"floor":9.0,"key":"Eternal Feather"},{"floor":13.0,"key":"Vajra"},{"floor":21.0,"key":"Red Mask"},{"floor":26.0,"key":"Juzu Bracelet"},{"floor":27.0,"key":"White Beast Statue"},{"floor":30.0,"key":"Old Coin"},{"floor":30.0,"key":"Ninja Scroll"},{"floor":36,"key":"Du-Vu Doll"},{"floor":43,"key":"Regal Pillow"},{"floor":45,"key":"Art of War"}],"event_choices":[{"cards_removed":["Defend_G"],"damage_healed":0.0,"max_hp_gain":0.0,"max_hp_loss":0.0,"gold_gain":0.0,"event_name":"Purifier","player_choice":"Purged","floor":3.0,"gold_loss":0.0,"damage_taken":0.0},{"damage_healed":0.0,"max_hp_gain":0.0,"max_hp_loss":0.0,"gold_gain":0.0,"event_name":"Beggar","player_choice":"Ignored","floor":19.0,"gold_loss":0.0,"damage_taken":0.0},{"damage_healed":0.0,"max_hp_gain":0.0,"max_hp_loss":0.0,"gold_gain":0.0,"event_name":"Masked Bandits","player_choice":"Fought Bandits","floor":21.0,"gold_loss":0.0,"damage_taken":0.0},{"damage_healed":0.0,"max_hp_gain":0.0,"max_hp_loss":0.0,"gold_gain":0.0,"event_name":"Colosseum","player_choice":"Fight","floor":30.0,"gold_loss":0.0,"damage_taken":0.0},{"damage_healed":0.0,"max_hp_gain":0.0,"max_hp_loss":0.0,"gold_gain":0.0,"event_name":"Colosseum","player_choice":"Fought Nobs","floor":30.0,"gold_loss":0.0,"damage_taken":0.0},{"damage_healed":0,"gold_gain":0,"player_choice":"Fight","damage_taken":0,"max_hp_gain":0,"max_hp_loss":0,"event_name":"MindBloom","floor":36,"gold_loss":0},{"damage_healed":0,"gold_gain":0,"player_choice":"0 cards matched","damage_taken":0,"max_hp_gain":0,"max_hp_loss":0,"event_name":"Match and Keep!","floor":37,"gold_loss":0,"cards_obtained":[]}],"is_beta":false,"boss_relics":[{"not_picked":["SacredBark","Tiny House"],"picked":"Empty Cage"},{"not_picked":["Black Star","HoveringKite"],"picked":"Runic Pyramid"}],"items_purged_floors":[38],"is_endless":false,"potions_floor_spawned":[11,14,16,21,27,30,30,31,33,35,36,39,41,44,45],"killed_by":"Transient","ascension_level":2}}