{"host":"qrt7o4dq2qslzw13","time":1610181171,"event":{"mods":["AchievementEnabler","BaseMod","Colored Map","Colored Powertips","Minty Spire (QoL Compilation)","Quick Restart","StSLib","SuperFastMode"],"gold_per_floor":[110,110,41,51,1,29,29,42,42,217,247,259,289,306,306,401,401,415,415,435,451,242,242,242,242],"floor_reached":24,"playtime":568,"items_purged":[],"score":362,"play_id":"7c1d0ba5-cf08-4ad9-ab66-ba831ba240c3","local_time":"20210109033251","is_ascension_mode":true,"campfire_choices":[{"data":"Noxious Fumes","floor":7.0,"key":"SMITH"},{"floor":15.0,"key":"REST"},{"floor":23.0,"key":"REST"}],"circlet_count":0,"master_deck":["AscendersBane","Survivor","Neutralize","Dash","Noxious Fumes+1","Escape Plan","Deadly Poison","Accuracy","Deadly Poison","Leg Sweep","Noxious Fumes","Bullet Time","Infinite Blades","Predator","Slice","Tools of the Trade","Endless Agony","Burst","Masterful Stab","Slice","Unload","Bane","Cloak And Dagger+1","Cloak And Dagger"],"relics":["Ring of the Snake","NeowsBlessing","Darkstone Periapt","Bottled Tornado","Pen Nib","Sundial","Pandora\u0027s Box","Art of War"],"acts_visited":["Exordium","TheCity"],"potions_floor_usage":[],"damage_taken":[{"damage":0.0,"enemies":"Cultist","floor":1.0,"turns":1.0},{"damage":0.0,"enemies":"2 Louse","floor":4.0,"turns":1.0},{"damage":0.0,"enemies":"Gremlin Nob","floor":6.0,"turns":1.0},{"damage":4.0,"enemies":"Small Slimes","floor":8.0,"turns":3.0},{"damage":16.0,"enemies":"3 Sentries","floor":11.0,"turns":8.0},{"damage":0.0,"enemies":"Red Slaver","floor":12.0,"turns":4.0},{"damage":28.0,"enemies":"Gremlin Nob","floor":13.0,"turns":5.0},{"damage":6.0,"enemies":"Blue Slaver","floor":14.0,"turns":4.0},{"damage":17.0,"enemies":"Hexaghost","floor":16.0,"turns":9.0},{"damage":12.0,"enemies":"Chosen","floor":18.0,"turns":3.0},{"damage":17.0,"enemies":"3 Byrds","floor":20.0,"turns":4.0},{"damage":19.0,"enemies":"Snecko","floor":21.0,"turns":5.0},{"damage":37,"enemies":"Shelled Parasite and Fungi","floor":24,"turns":3}],"seed_played":"-3861150916578412164","potions_obtained":[{"floor":1.0,"key":"DistilledChaos"},{"floor":8.0,"key":"GamblersBrew"},{"floor":11.0,"key":"AttackPotion"},{"floor":18.0,"key":"AttackPotion"},{"floor":20.0,"key":"Block Potion"}],"is_trial":false,"path_per_floor":["M","?","$","M","$","E","R","M","T","?","E","M","E","M","R","B",null,"M","?","M","M","$","R","M"],"character_chosen":"THE_SILENT","items_purchased":["Noxious Fumes","Deadly Poison","Cloak And Dagger","Art of War"],"campfire_rested":2,"item_purchase_floors":[3,5,22,22],"current_hp_per_floor":[63,63,63,63,63,63,63,59,59,65,49,49,21,15,37,20,62,50,50,33,14,14,36,0,0],"gold":242,"neow_bonus":"THREE_ENEMY_KILL","is_daily":false,"chose_seed":false,"campfire_upgraded":1,"win_rate":0.0,"timestamp":1610181171,"path_taken":["M","?","$","M","$","E","R","?","T","?","E","M","E","M","R","BOSS","M","?","M","?","$","R","M"],"items_purchased_type":["Card","Card","Card","Relic"],"build_version":"2020-12-22","purchased_purges":0,"victory":false,"max_hp_per_floor":[70,70,70,70,70,70,70,70,70,76,76,76,76,76,76,76,76,76,76,76,76,76,76,76,76],"card_choices":[{"not_picked":["Concentrate","Outmaneuver"],"picked":"Dash","floor":1.0},{"not_picked":["Poisoned Stab","Quick Slash"],"picked":"Escape Plan","floor":4.0},{"not_picked":["Masterful Stab","Sucker Punch"],"picked":"Accuracy","floor":6.0},{"not_picked":["Backstab","Dodge and Roll"],"picked":"Deadly Poison","floor":8.0},{"not_picked":["Skewer","Blur"],"picked":"Leg Sweep","floor":11.0},{"not_picked":["Dagger Throw","Dagger Spray","Skewer"],"picked":"SKIP","floor":12.0},{"not_picked":["Reflex","Calculated Gamble"],"picked":"Noxious Fumes","floor":13.0},{"not_picked":["Skewer","Dagger Spray","Dodge and Roll"],"picked":"SKIP","floor":14.0},{"not_picked":["Night Terror","Corpse Explosion"],"picked":"Bullet Time","floor":16.0},{"not_picked":["Flechettes","Underhanded Strike"],"picked":"Bane","floor":18.0},{"not_picked":["Crippling Poison+1","Terror"],"picked":"Cloak And Dagger+1","floor":20.0},{"not_picked":["Outmaneuver","Deflect","Noxious Fumes"],"picked":"SKIP","floor":21.0}],"player_experience":527925,"relics_obtained":[{"floor":6.0,"key":"Darkstone Periapt"},{"floor":9.0,"key":"Bottled Tornado"},{"floor":11.0,"key":"Pen Nib"},{"floor":13.0,"key":"Sundial"}],"event_choices":[{"cards_removed":["Strike_G"],"damage_healed":0.0,"max_hp_gain":0.0,"max_hp_loss":0.0,"gold_gain":0.0,"event_name":"Wheel of Change","player_choice":"Card Removal","floor":2.0,"gold_loss":0.0,"damage_taken":0.0},{"damage_healed":0.0,"max_hp_gain":0.0,"max_hp_loss":0.0,"gold_gain":175.0,"event_name":"Liars Game","player_choice":"AGREE","floor":10.0,"gold_loss":0.0,"damage_taken":0.0,"cards_obtained":["Doubt"]},{"cards_removed":["Doubt"],"damage_healed":0.0,"max_hp_gain":0.0,"max_hp_loss":0.0,"gold_gain":0.0,"event_name":"Purifier","player_choice":"Purged","floor":19.0,"gold_loss":0.0,"damage_taken":0.0}],"is_beta":false,"boss_relics":[{"not_picked":["SacredBark","Sozu"],"picked":"Pandora\u0027s Box"}],"items_purged_floors":[],"is_endless":false,"potions_floor_spawned":[1,8,11,18,20],"killed_by":"Shelled Parasite and Fungi","ascension_level":10}}