{"host":"uxq2rly8rxtwffuf","time":1610200803,"event":{"mods":["BaseMod","Koishi","Minty Spire (QoL Compilation)","StSLib","The Judge","The Servant 0.9.4"],"gold_per_floor":[114,35,49,66,66,66,99,112,158,158,26,42,54,73,73,73,73],"floor_reached":16,"playtime":655,"items_purged":[],"score":187,"play_id":"462bb8c1-e945-470f-a17b-855081d76627","local_time":"20210109170003","is_ascension_mode":true,"campfire_choices":[{"floor":6,"key":"REST"},{"data":"Koishi:JumpScare","floor":10,"key":"SMITH"},{"data":"Koishi:StingingMind","floor":15,"key":"SMITH"}],"circlet_count":0,"master_deck":["AscendersBane","Koishi:BasicStrike","Koishi:BasicStrike+1","Koishi:BasicStrike","Koishi:BasicStrike","Koishi:BasicDefend","Koishi:BasicDefend","Koishi:BasicDefend","Koishi:BasicDefend","Koishi:Provoke+1","Koishi:HauntingSlash","Koishi:StingingMind+1","Koishi:JumpScare+1","Koishi:SubterraneanRose","Koishi:StingingMind","Koishi:PhantomStrike","Koishi:UnconsciousUrges","Koishi:ParalyzingFear","Koishi:SubconsciousSweep","Koishi:YoukaiPolygraph"],"relics":["Koishi:ImaginaryFriend","StrikeDummy","Orichalcum","MealTicket"],"acts_visited":["Exordium"],"potions_floor_usage":[14,16,16],"damage_taken":[{"damage":5,"enemies":"2 Louse","floor":1,"turns":5},{"damage":0,"enemies":"Cultist","floor":3,"turns":3},{"damage":6,"enemies":"Jaw Worm","floor":4,"turns":4},{"damage":20,"enemies":"3 Sentries","floor":7,"turns":10},{"damage":0,"enemies":"Large Slime","floor":8,"turns":5},{"damage":18,"enemies":"Lots of Slimes","floor":12,"turns":6},{"damage":8,"enemies":"3 Louse","floor":13,"turns":3},{"damage":5,"enemies":"Gremlin Gang","floor":14,"turns":2},{"damage":17,"enemies":"Slime Boss","floor":16,"turns":6}],"seed_played":"8493020452401468199","potions_obtained":[{"floor":7,"key":"BlessingOfTheForge"},{"floor":8,"key":"AttackPotion"},{"floor":14,"key":"Swift Potion"}],"is_trial":false,"path_per_floor":["M","?","M","M","?","R","E","M","T","R","$","M","M","M","R","B"],"character_chosen":"KOISHI","items_purchased":["Koishi:PhantomStrike","Koishi:UnconsciousUrges"],"campfire_rested":1,"item_purchase_floors":[11,11],"current_hp_per_floor":[53,53,55,50,31,49,38,38,38,38,53,43,40,39,39,22,22],"gold":73,"neow_bonus":"TEN_PERCENT_HP_BONUS","is_daily":false,"chose_seed":false,"campfire_upgraded":2,"win_rate":0.0,"timestamp":1610200803,"path_taken":["M","?","M","?","?","R","E","M","T","R","$","M","M","M","R","BOSS"],"items_purchased_type":["Card","Card"],"build_version":"2020-12-22","purchased_purges":0,"victory":false,"max_hp_per_floor":[62,62,62,62,62,62,62,62,62,62,62,62,62,62,62,62,62],"card_choices":[{"not_picked":["Koishi:RacingHeart","Koishi:EmbryosDream","Koishi:ApparitionsStalkTheNight"],"picked":"SKIP","floor":1},{"not_picked":["Koishi:Prune","Koishi:RacingHeart"],"picked":"Koishi:StingingMind","floor":3},{"not_picked":["Koishi:CatchAndRose","Koishi:StingingMind"],"picked":"Koishi:JumpScare","floor":4},{"not_picked":["Koishi:RorschachInDanmaku","Koishi:Ego"],"picked":"Koishi:SubterraneanRose","floor":7},{"not_picked":["Koishi:PhantomBarrier","Koishi:HeartfeltFancy"],"picked":"Koishi:StingingMind","floor":8},{"not_picked":["Koishi:SubconsciousSweep","Koishi:Prune"],"picked":"Koishi:ParalyzingFear","floor":12},{"not_picked":["Koishi:Jaunt","Koishi:EmbersOfLove"],"picked":"Koishi:SubconsciousSweep","floor":13},{"not_picked":["Koishi:FleetingPhantom","Koishi:PhantomBarrier"],"picked":"Koishi:YoukaiPolygraph","floor":14}],"player_experience":1391793,"relics_obtained":[{"floor":7,"key":"Orichalcum"},{"floor":9,"key":"MealTicket"}],"event_choices":[{"damage_healed":0,"gold_gain":0,"player_choice":"Paid Gold","damage_taken":0,"relics_obtained":["StrikeDummy"],"max_hp_gain":0,"max_hp_loss":0,"event_name":"WeMeetAgain","floor":2,"gold_loss":79},{"damage_healed":0,"gold_gain":0,"player_choice":"Entered Light","damage_taken":19,"max_hp_gain":0,"max_hp_loss":0,"event_name":"Shining Light","floor":5,"gold_loss":0,"cards_upgraded":["Koishi:Provoke","Koishi:BasicStrike"]}],"is_beta":false,"boss_relics":[],"items_purged_floors":[],"is_endless":false,"potions_floor_spawned":[7,8,12,14],"killed_by":"Slime Boss","ascension_level":16}}