{"host":"j3h0p3l2xgzxhnx7","time":1610183636,"event":{"mods":["BaseMod","Luminous","Marisa????????","Minty Spire (QoL Compilation)","Remilia??????","StSLib","The Bug Knight","The Cursed","The Servant 0.9.4"],"gold_per_floor":[114,127,302,302,302,302,329,342,342,357,357,367,47,80,80,185,185,196,214,214,30,30,30,43,75,128,143,143,143,8,38,38,142,142,161,172,172,184,201,233,250,48,48,48,48,79,98,117,117,117],"floor_reached":51,"playtime":2734,"items_purged":["Doubt","Strike_B"],"score":882,"play_id":"3f1fe7a6-d54a-4860-b63b-d4430bc11c64","local_time":"20210109171356","is_ascension_mode":false,"campfire_choices":[{"data":"Coolheaded","floor":6,"key":"SMITH"},{"floor":11,"key":"REST"},{"data":"Zap","floor":15,"key":"SMITH"},{"data":"Echo Form","floor":23,"key":"SMITH"},{"floor":28,"key":"REST"},{"data":"Dualcast","floor":32,"key":"SMITH"},{"data":"1","floor":45,"key":"LIFT"},{"data":"2","floor":49,"key":"LIFT"}],"circlet_count":0,"master_deck":["Strike_B","Strike_B","Strike_B","Defend_B","Defend_B","Defend_B","Defend_B","Zap+1","Dualcast+1","Cold Snap","Coolheaded+1","Beam Cell","Leap+1","Coolheaded+1","Auto Shields+1","Finesse+1","Amplify+1","Echo Form+1","Darkness+1","White Noise+1","Self Repair","Decay","Melter","Skim+1","Leap+1","Darkness+1","Cold Snap+1","Core Surge","Ball Lightning+1","Undo+1","Darkness+1","Go for the Eyes+1","Redo+1","Parasite","Double Energy+1"],"relics":["Cracked Core","Pocketwatch","Toxic Egg 2","HornCleat","White Beast Statue","HollowMod:PaleOreRelic","Gremlin Horn","Nuclear Battery","Enchiridion","Strange Spoon","Girya","Potion Belt","Luminous:MirrorRelic","Boot","Busted Crown","AntiCross","Dream Catcher","Lee\u0027s Waffle","Eternal Feather","Thread and Needle"],"acts_visited":["Exordium","TheCity","TheBeyond"],"potions_floor_usage":[7,14,14,16,19,24,25,31,31,33,39,40,40,40,41,46,50,50,50,50,50],"damage_taken":[{"damage":0,"enemies":"Small Slimes","floor":1,"turns":3},{"damage":0,"enemies":"2 Louse","floor":2,"turns":2},{"damage":16,"enemies":"Lagavulin","floor":7,"turns":8},{"damage":6,"enemies":"Jaw Worm","floor":8,"turns":2},{"damage":1,"enemies":"Red Slaver","floor":10,"turns":3},{"damage":5,"enemies":"Blue Slaver","floor":12,"turns":3},{"damage":0,"enemies":"3 Sentries","floor":14,"turns":3},{"damage":7,"enemies":"The Guardian","floor":16,"turns":12},{"damage":3,"enemies":"Shell Parasite","floor":18,"turns":5},{"damage":1,"enemies":"3 Byrds","floor":19,"turns":3},{"damage":46,"enemies":"Cultist and Chosen","floor":24,"turns":6},{"damage":0,"enemies":"HollowMod:Nosk","floor":25,"turns":4},{"damage":24,"enemies":"3 Cultists","floor":27,"turns":6},{"damage":0,"enemies":"Gremlin Leader","floor":31,"turns":9},{"damage":0,"enemies":"Automaton","floor":33,"turns":8},{"damage":2,"enemies":"3 Darklings","floor":35,"turns":5},{"damage":6,"enemies":"Orb Walker","floor":36,"turns":3},{"damage":17,"enemies":"Writhing Mass","floor":38,"turns":4},{"damage":4,"enemies":"Jaw Worm Horde","floor":39,"turns":4},{"damage":49,"enemies":"Reptomancer","floor":40,"turns":5},{"damage":22,"enemies":"Spire Growth","floor":41,"turns":4},{"damage":42,"enemies":"Nemesis","floor":46,"turns":7},{"damage":0,"enemies":"Writhing Mass","floor":47,"turns":5},{"damage":0,"enemies":"Transient","floor":48,"turns":5},{"damage":72,"enemies":"Donu and Deca","floor":50,"turns":9}],"seed_played":"6824683305338680857","potions_obtained":[{"floor":2,"key":"PowerPotion"},{"floor":10,"key":"AttackPotion"},{"floor":12,"key":"BlessingOfTheForge"},{"floor":14,"key":"Explosive Potion"},{"floor":16,"key":"AttackPotion"},{"floor":18,"key":"Dexterity Potion"},{"floor":19,"key":"DuplicationPotion"},{"floor":24,"key":"DistilledChaos"},{"floor":25,"key":"LiquidBronze"},{"floor":27,"key":"FocusPotion"},{"floor":31,"key":"Ancient Potion"},{"floor":33,"key":"Weak Potion"},{"floor":35,"key":"FearPotion"},{"floor":36,"key":"Fire Potion"},{"floor":38,"key":"Strength Potion"},{"floor":39,"key":"Swift Potion"},{"floor":40,"key":"Strength Potion"},{"floor":41,"key":"FocusPotion"},{"floor":46,"key":"Swift Potion"},{"floor":47,"key":"Energy Potion"},{"floor":48,"key":"FocusPotion"}],"is_trial":false,"path_per_floor":["M","M","?","?","?","R","E","M","T","M","R","M","$","E","R","B",null,"M","M","?","$","?","R","M","E","T","M","R","?","$","E","R","B",null,"M","M","T","M","M","E","M","$","T","?","R","E","M","M","R","B",null],"character_chosen":"DEFECT","items_purchased":["HollowMod:PaleOreRelic","Finesse+1","Self Repair","Strange Spoon","Darkness+1","Lee\u0027s Waffle","Redo+1"],"campfire_rested":2,"item_purchase_floors":[13,13,21,21,30,42,42],"current_hp_per_floor":[68,68,68,73,61,61,45,39,39,38,59,54,54,54,54,47,73,70,69,53,53,53,53,21,28,28,11,32,32,32,46,46,46,73,73,73,73,63,66,31,9,80,80,76,76,48,55,62,76,4],"gold":117,"neow_bonus":"ONE_RARE_RELIC","is_daily":false,"chose_seed":false,"campfire_upgraded":4,"win_rate":0.0,"timestamp":1610183636,"path_taken":["M","M","?","?","?","R","E","M","T","?","R","M","?","E","R","BOSS","M","M","?","$","?","R","M","E","T","?","R","?","?","E","R","BOSS","M","M","?","M","M","E","M","$","T","?","R","E","M","M","R","BOSS"],"items_purchased_type":["Relic","Card","Card","Relic","Card","Relic","Card"],"build_version":"2020-12-22","purchased_purges":2,"victory":true,"max_hp_per_floor":[68,68,68,73,73,73,73,73,73,73,73,73,73,73,73,73,73,73,73,73,73,73,73,73,73,73,73,73,73,73,73,73,73,73,73,73,73,73,73,73,73,80,80,76,76,76,76,76,76,76],"card_choices":[{"not_picked":["Double Energy","Ball Lightning"],"picked":"Cold Snap","floor":1},{"not_picked":["Barrage","Redo"],"picked":"Coolheaded","floor":2},{"not_picked":["Hello World","Rebound"],"picked":"Beam Cell","floor":7},{"not_picked":["Skim+1","Rebound"],"picked":"Leap+1","floor":8},{"not_picked":["Steam+1","Beam Cell"],"picked":"Coolheaded+1","floor":10},{"not_picked":["Go for the Eyes","Ball Lightning"],"picked":"Auto Shields+1","floor":12},{"not_picked":["Gash","Stack+1"],"picked":"Amplify+1","floor":14},{"not_picked":["Meteor Strike","All For One"],"picked":"Echo Form","floor":16},{"not_picked":["Hello World","Leap+1"],"picked":"Darkness+1","floor":18},{"not_picked":["Reprogram+1","Sweeping Beam"],"picked":"White Noise+1","floor":19},{"not_picked":["Go for the Eyes","Hologram+1"],"picked":"Melter","floor":24},{"not_picked":["Stack+1","Reprogram+1"],"picked":"Skim+1","floor":25},{"not_picked":["Beam Cell","Echo Form"],"picked":"Leap+1","floor":27},{"not_picked":["Melter","Coolheaded+1"],"picked":"Cold Snap+1","floor":31},{"not_picked":["Hyperbeam","All For One"],"picked":"Core Surge","floor":33},{"not_picked":[],"picked":"Ball Lightning+1","floor":35},{"not_picked":["Gash"],"picked":"SKIP","floor":36},{"not_picked":[],"picked":"Undo+1","floor":38},{"not_picked":[],"picked":"Darkness+1","floor":39},{"not_picked":["Sunder"],"picked":"SKIP","floor":40},{"not_picked":[],"picked":"Go for the Eyes+1","floor":41},{"not_picked":["Barrage"],"picked":"SKIP","floor":46},{"not_picked":["Barrage"],"picked":"SKIP","floor":47},{"not_picked":[],"picked":"Double Energy+1","floor":48}],"player_experience":116733,"relics_obtained":[{"floor":7,"key":"HornCleat"},{"floor":9,"key":"White Beast Statue"},{"floor":14,"key":"Gremlin Horn"},{"floor":20,"key":"Enchiridion"},{"floor":25,"key":"Girya"},{"floor":26,"key":"Potion Belt"},{"floor":31,"key":"Boot"},{"floor":37,"key":"AntiCross"},{"floor":40,"key":"Dream Catcher"},{"floor":43,"key":"Eternal Feather"},{"floor":46,"key":"Thread and Needle"}],"event_choices":[{"damage_healed":0,"gold_gain":175,"player_choice":"AGREE","damage_taken":0,"max_hp_gain":0,"max_hp_loss":0,"event_name":"Liars Game","floor":3,"gold_loss":0,"cards_obtained":["Doubt"]},{"damage_healed":0,"gold_gain":0,"player_choice":"Donut","damage_taken":0,"max_hp_gain":5,"max_hp_loss":0,"event_name":"Big Fish","floor":4,"gold_loss":0},{"damage_healed":0,"gold_gain":0,"player_choice":"Success","damage_taken":12,"relics_obtained":["Toxic Egg 2"],"max_hp_gain":0,"max_hp_loss":0,"event_name":"Scrap Ooze","floor":5,"gold_loss":0},{"damage_healed":0,"gold_gain":0,"player_choice":"Obtained Book","damage_taken":16,"max_hp_gain":0,"max_hp_loss":0,"event_name":"Cursed Tome","floor":20,"gold_loss":0},{"damage_healed":0,"gold_gain":0,"player_choice":"Cursed","damage_taken":0,"max_hp_gain":0,"max_hp_loss":0,"event_name":"Wheel of Change","floor":22,"gold_loss":0,"cards_obtained":["Decay"]},{"damage_healed":0,"gold_gain":0,"player_choice":"Max HP","damage_taken":0,"max_hp_gain":0,"max_hp_loss":4,"event_name":"Winding Halls","floor":44,"gold_loss":0}],"is_beta":false,"boss_relics":[{"not_picked":["Ectoplasm","Calling Bell"],"picked":"Nuclear Battery"},{"not_picked":["Empty Cage","Black Star"],"picked":"Busted Crown"}],"items_purged_floors":[13,30],"is_endless":false,"potions_floor_spawned":[2,10,12,14,16,18,19,24,25,27,31,33,35,36,38,39,40,41,46,47,48],"ascension_level":0}}