{"host":"lklj3eidp7g5an38","time":1608520736,"event":{"mods":["BaseMod","Minty Spire (QoL Compilation)","Relic Stats","StSLib"],"gold_per_floor":[115,128,142,161,161,161,190,190,215,215,215,254,254,283,283,355,355,384,409,27,27,54,54,79,109,109,109,151,151,177,177,177,257,257,276,285,319,106,106,123,147,156,156,180,180,180],"floor_reached":45,"playtime":3777,"items_purged":["Strike_G","Strike_G"],"score":854,"play_id":"4991ed01-b496-4b5b-a8d3-8ffc849352c8","local_time":"20201221031856","is_ascension_mode":true,"campfire_choices":[{"data":"Leg Sweep","floor":6,"key":"SMITH"},{"floor":8,"key":"REST"},{"data":"Neutralize","floor":11,"key":"SMITH"},{"data":"Footwork","floor":13,"key":"SMITH"},{"data":"Deadly Poison","floor":15,"key":"SMITH"},{"data":"Footwork","floor":23,"key":"SMITH"},{"floor":27,"key":"REST"},{"floor":29,"key":"REST"},{"floor":32,"key":"REST"},{"floor":42,"key":"REST"}],"circlet_count":0,"master_deck":["AscendersBane","Strike_G+1","Strike_G","Defend_G","Defend_G","Defend_G","Defend_G","Defend_G","Survivor","Neutralize+1","PiercingWail+1","Leg Sweep+1","Poisoned Stab","Footwork+1","Blade Dance","Deadly Poison+1","Well Laid Plans+1","Blade Dance","All Out Attack","Footwork+1","Predator","Dodge and Roll","Choke+1","Wraith Form v2","Quick Slash+1","Tools of the Trade","Flash of Steel","Acrobatics","Noxious Fumes","Acrobatics","Acrobatics+1","Escape Plan","Reflex+1"],"relics":["Runic Dome","Oddly Smooth Stone","Centennial Puzzle","CeramicFish","WristBlade","Art of War","Dream Catcher","Pocketwatch","Du-Vu Doll","HoveringKite","Torii","Frozen Egg 2","Toxic Egg 2"],"acts_visited":["Exordium","TheCity","TheBeyond"],"potions_floor_usage":[16,16,25,28,45],"damage_taken":[{"damage":0,"enemies":"Cultist","floor":1,"turns":4},{"damage":0,"enemies":"2 Louse","floor":2,"turns":3},{"damage":2,"enemies":"Jaw Worm","floor":3,"turns":4},{"damage":4,"enemies":"Exordium Wildlife","floor":4,"turns":7},{"damage":19,"enemies":"3 Sentries","floor":7,"turns":12},{"damage":0,"enemies":"Lagavulin","floor":12,"turns":10},{"damage":9,"enemies":"Gremlin Gang","floor":14,"turns":6},{"damage":5,"enemies":"The Guardian","floor":16,"turns":11},{"damage":4,"enemies":"2 Thieves","floor":18,"turns":5},{"damage":14,"enemies":"Shell Parasite","floor":19,"turns":5},{"damage":0,"enemies":"Snake Plant","floor":22,"turns":4},{"damage":12,"enemies":"Chosen and Byrds","floor":24,"turns":7},{"damage":19,"enemies":"Slavers","floor":25,"turns":8},{"damage":18,"enemies":"Book of Stabbing","floor":28,"turns":6},{"damage":2,"enemies":"Shelled Parasite and Fungi","floor":30,"turns":5},{"damage":13,"enemies":"Automaton","floor":33,"turns":14},{"damage":16,"enemies":"Orb Walker","floor":35,"turns":3},{"damage":0,"enemies":"Mind Bloom Boss Battle","floor":37,"turns":6},{"damage":0,"enemies":"3 Shapes","floor":40,"turns":6},{"damage":28,"enemies":"Jaw Worm Horde","floor":41,"turns":5},{"damage":20,"enemies":"Maw","floor":44,"turns":9},{"damage":17,"enemies":"Giant Head","floor":45,"turns":6}],"seed_played":"-7825687158610273063","potions_obtained":[{"floor":1,"key":"Dexterity Potion"},{"floor":2,"key":"Fire Potion"},{"floor":7,"key":"Poison Potion"},{"floor":24,"key":"GhostInAJar"},{"floor":25,"key":"PowerPotion"},{"floor":30,"key":"PowerPotion"},{"floor":33,"key":"DuplicationPotion"}],"is_trial":false,"path_per_floor":["M","M","M","M","?","R","E","R","T","?","R","E","R","M","R","B",null,"M","M","$","?","M","R","M","E","T","R","E","R","M","T","R","B",null,"M","?","?","$","T","M","M","R","T","M","E"],"character_chosen":"THE_SILENT","items_purchased":["All Out Attack","Footwork","Art of War","Predator","Noxious Fumes","Acrobatics"],"campfire_rested":5,"item_purchase_floors":[20,20,20,20,38,38],"current_hp_per_floor":[59,59,57,53,33,33,14,33,33,33,33,33,33,24,24,19,54,50,36,36,36,36,36,24,5,5,24,6,25,23,23,42,29,57,41,41,41,41,41,41,13,32,32,12,0,0],"gold":180,"neow_bonus":"BOSS_RELIC","is_daily":false,"chose_seed":false,"campfire_upgraded":5,"win_rate":0.0,"timestamp":1608520736,"path_taken":["M","?","M","M","?","R","E","R","T","?","R","E","R","M","R","BOSS","M","M","$","?","M","R","?","E","T","R","E","R","M","?","R","BOSS","M","?","?","$","?","?","M","R","T","M","E"],"items_purchased_type":["Card","Card","Relic","Card","Card","Card"],"build_version":"2020-12-13","purchased_purges":2,"victory":false,"max_hp_per_floor":[66,66,66,66,66,66,66,66,66,66,66,66,66,66,66,66,66,66,66,66,66,66,66,66,66,66,66,66,66,66,66,66,66,66,66,66,66,66,66,66,66,66,66,66,66,66],"relic_stats":{"Centennial Puzzle":[39],"Dream Catcher":4,"Torii":3,"counters":[22,146],"CeramicFish":171,"HoveringKite":[20],"Art of War":[12],"obtain_stats":[{"Torii":37,"CeramicFish":12,"Oddly Smooth Stone":7,"HoveringKite":34,"Frozen Egg 2":39,"Du-Vu Doll":28,"Runic Dome":0,"Centennial Puzzle":9,"Dream Catcher":25,"WristBlade":17,"Art of War":20,"Toxic Egg 2":43,"Ring of the Snake":0,"Pocketwatch":26},{"Torii":18,"CeramicFish":6,"Oddly Smooth Stone":5,"HoveringKite":16,"Frozen Egg 2":18,"Du-Vu Doll":14,"Runic Dome":0,"Centennial Puzzle":5,"Dream Catcher":13,"WristBlade":8,"Art of War":10,"Toxic Egg 2":20,"Ring of the Snake":0,"Pocketwatch":13},{"Torii":120,"CeramicFish":40,"Oddly Smooth Stone":30,"HoveringKite":111,"Frozen Egg 2":120,"Du-Vu Doll":92,"Runic Dome":0,"Centennial Puzzle":30,"Dream Catcher":86,"WristBlade":57,"Art of War":67,"Toxic Egg 2":131,"Ring of the Snake":0,"Pocketwatch":86}],"Pocketwatch":[30]},"card_choices":[{"not_picked":["Reflex","Dagger Throw"],"picked":"PiercingWail","floor":1},{"not_picked":["PiercingWail","Sucker Punch","Blade Dance"],"picked":"SKIP","floor":2},{"not_picked":["Flying Knee","Backflip"],"picked":"Leg Sweep","floor":3},{"not_picked":["Bane","Flying Knee"],"picked":"Poisoned Stab","floor":4},{"not_picked":["Dash","Quick Slash"],"picked":"Footwork","floor":7},{"not_picked":["Dodge and Roll","Deflect"],"picked":"Blade Dance","floor":12},{"not_picked":["Dagger Throw","Prepared"],"picked":"Deadly Poison","floor":14},{"not_picked":["PiercingWail+1","Underhanded Strike"],"picked":"Well Laid Plans+1","floor":18},{"not_picked":["Outmaneuver","PiercingWail"],"picked":"Blade Dance","floor":19},{"not_picked":["PiercingWail","Cloak And Dagger"],"picked":"Dodge and Roll","floor":22},{"not_picked":["Underhanded Strike","Well Laid Plans"],"picked":"Choke+1","floor":24},{"not_picked":["Expertise","Flying Knee","Poisoned Stab"],"picked":"SKIP","floor":25},{"not_picked":["Skewer","Cloak And Dagger"],"picked":"Wraith Form v2","floor":28},{"not_picked":["Well Laid Plans","Poisoned Stab"],"picked":"Quick Slash+1","floor":30},{"not_picked":["Wraith Form v2","Phantasmal Killer"],"picked":"Tools of the Trade","floor":33},{"not_picked":["Outmaneuver","Dagger Spray","Choke"],"picked":"SKIP","floor":35},{"not_picked":["Blind","Trip"],"picked":"Flash of Steel","floor":36},{"not_picked":["Terror","Heel Hook"],"picked":"Acrobatics","floor":37},{"not_picked":["Dodge and Roll","Eviscerate","Bane"],"picked":"SKIP","floor":40},{"not_picked":["Bane","Underhanded Strike"],"picked":"Acrobatics+1","floor":41},{"not_picked":["Quick Slash","Choke+1"],"picked":"Escape Plan","floor":42},{"not_picked":["Eviscerate","Setup+1"],"picked":"Reflex+1","floor":44}],"player_experience":854468,"relics_obtained":[{"floor":7,"key":"Oddly Smooth Stone"},{"floor":9,"key":"Centennial Puzzle"},{"floor":12,"key":"CeramicFish"},{"floor":25,"key":"Dream Catcher"},{"floor":26,"key":"Pocketwatch"},{"floor":28,"key":"Du-Vu Doll"},{"floor":37,"key":"Torii"},{"floor":39,"key":"Frozen Egg 2"},{"floor":43,"key":"Toxic Egg 2"}],"event_choices":[{"damage_healed":0,"gold_gain":0,"player_choice":"Entered Light","damage_taken":20,"max_hp_gain":0,"max_hp_loss":0,"event_name":"Shining Light","floor":5,"gold_loss":0,"cards_upgraded":["PiercingWail","Strike_G"]},{"damage_healed":0,"gold_gain":0,"player_choice":"Ignored","damage_taken":0,"max_hp_gain":0,"max_hp_loss":0,"event_name":"Liars Game","floor":10,"gold_loss":0},{"cards_removed":["Strike_G"],"damage_healed":0,"gold_gain":0,"player_choice":"Purged","damage_taken":0,"max_hp_gain":0,"max_hp_loss":0,"event_name":"Purifier","floor":21,"gold_loss":0},{"damage_healed":0,"gold_gain":0,"player_choice":"Memory 1","damage_taken":0,"max_hp_gain":0,"max_hp_loss":0,"event_name":"SensoryStone","floor":36,"gold_loss":0},{"damage_healed":0,"gold_gain":0,"player_choice":"Fight","damage_taken":0,"max_hp_gain":0,"max_hp_loss":0,"event_name":"MindBloom","floor":37,"gold_loss":0}],"is_beta":false,"boss_relics":[{"not_picked":["Tiny House","Black Star"],"picked":"WristBlade"},{"not_picked":["Empty Cage","Busted Crown"],"picked":"HoveringKite"}],"items_purged_floors":[20,38],"is_endless":false,"potions_floor_spawned":[1,2,7,14,24,25,30,33,37,44],"killed_by":"Giant Head","ascension_level":15}}