{"host":"sa7ebub27cgn5wai","time":1608551314,"event":{"mods":["BaseMod","Colored Map","Minty Spire (QoL Compilation)","SuperFastMode"],"gold_per_floor":[109,124,144,144,144,144,159,179,256,256,272,272,272,272,272,272,272],"floor_reached":16,"playtime":294,"items_purged":[],"score":97,"play_id":"2aee8155-12b7-414f-ae0f-4bed0729b1dc","local_time":"20201221204834","is_ascension_mode":true,"campfire_choices":[{"data":"EmptyFist","floor":6,"key":"SMITH"},{"data":"Eruption","floor":10,"key":"SMITH"},{"data":"FearNoEvil","floor":12,"key":"SMITH"},{"data":"Evaluate","floor":15,"key":"SMITH"}],"circlet_count":0,"master_deck":["Strike_P","Strike_P+1","Strike_P+1","Defend_P","Defend_P","Defend_P","Defend_P","Eruption+1","Vigilance","FlyingSleeves","EmptyFist+1","Evaluate+1","Consecrate","Consecrate","FlurryOfBlows","FearNoEvil+1"],"relics":["PureWater","HornCleat","Lizard Tail"],"acts_visited":["Exordium"],"potions_floor_usage":[16,16,16],"damage_taken":[{"damage":0,"enemies":"2 Louse","floor":1,"turns":1},{"damage":0,"enemies":"Jaw Worm","floor":2,"turns":3},{"damage":0,"enemies":"Small Slimes","floor":3,"turns":2},{"damage":0,"enemies":"Looter","floor":7,"turns":3},{"damage":2,"enemies":"2 Fungi Beasts","floor":8,"turns":3},{"damage":3,"enemies":"Red Slaver","floor":11,"turns":3},{"damage":13,"enemies":"The Guardian","floor":16,"turns":7}],"seed_played":"-4419148475854173010","potions_obtained":[{"floor":1,"key":"GamblersBrew"},{"floor":2,"key":"FearPotion"},{"floor":11,"key":"EssenceOfSteel"}],"is_trial":false,"path_per_floor":["M","M","M","?","?","R","M","M","T","R","M","R","?","?","R","B"],"character_chosen":"WATCHER","items_purchased":[],"campfire_rested":0,"item_purchase_floors":[],"current_hp_per_floor":[72,72,72,72,65,65,65,63,63,63,60,60,35,21,21,8,8],"gold":272,"neow_bonus":"THREE_CARDS","is_daily":false,"chose_seed":false,"campfire_upgraded":4,"win_rate":0.0,"timestamp":1608551314,"path_taken":["M","M","M","?","?","R","M","M","T","R","M","R","?","?","R","BOSS"],"items_purchased_type":[],"build_version":"2020-12-13","purchased_purges":0,"victory":false,"max_hp_per_floor":[72,72,72,72,72,72,72,72,72,72,72,72,72,72,72,72,72],"card_choices":[{"not_picked":["DeceiveReality","SashWhip"],"picked":"FlyingSleeves","floor":0},{"not_picked":["ReachHeaven","CutThroughFate"],"picked":"EmptyFist","floor":1},{"not_picked":["Study","Swivel"],"picked":"Evaluate","floor":2},{"not_picked":["ClearTheMind","SashWhip"],"picked":"Consecrate","floor":3},{"not_picked":["Crescendo","SashWhip"],"picked":"Consecrate","floor":7},{"not_picked":["PathToVictory","Consecrate"],"picked":"FlurryOfBlows","floor":8},{"not_picked":["Crescendo","Perseverance"],"picked":"FearNoEvil","floor":11}],"player_experience":248258,"relics_obtained":[{"floor":9,"key":"HornCleat"}],"event_choices":[{"damage_healed":0,"gold_gain":0,"player_choice":"Ignored","damage_taken":0,"max_hp_gain":0,"max_hp_loss":0,"event_name":"Liars Game","floor":4,"gold_loss":0},{"cards_removed":["Strike_P"],"damage_healed":0,"gold_gain":0,"player_choice":"Card Removal","damage_taken":7,"max_hp_gain":0,"max_hp_loss":0,"event_name":"Golden Wing","floor":5,"gold_loss":0},{"damage_healed":0,"gold_gain":0,"player_choice":"Success","damage_taken":25,"relics_obtained":["Lizard Tail"],"max_hp_gain":0,"max_hp_loss":0,"event_name":"Scrap Ooze","floor":13,"gold_loss":0},{"damage_healed":0,"gold_gain":0,"player_choice":"Entered Light","damage_taken":14,"max_hp_gain":0,"max_hp_loss":0,"event_name":"Shining Light","floor":14,"gold_loss":0,"cards_upgraded":["Strike_P","Strike_P"]}],"is_beta":false,"boss_relics":[],"items_purged_floors":[],"is_endless":false,"potions_floor_spawned":[1,2,11],"killed_by":"The Guardian","ascension_level":1}}