{"host":"9fh35csyvbzgxvf9","time":1608523161,"event":{"mods":["BaseMod","Block Reminder","Colored Map","DeckTracker","Minty Spire (QoL Compilation)"],"gold_per_floor":[114,128,139,154,104,134,134,165,165,165,180,191,223,236,236,332,382,395,133,143,160,160,160,189,205,205,215,115,128,143,163,163,266,266,276,289,289,141,157,157,188,238,238,238,254,282,302,319,319,319,319,319,32,58,58,58],"floor_reached":55,"playtime":6727,"items_purged":["Strike_R","Strike_R"],"score":727,"play_id":"5748840b-daa1-4422-ba89-b51320c7ced4","local_time":"20201220225921","is_ascension_mode":false,"campfire_choices":[{"floor":10,"key":"REST"},{"floor":15,"key":"REST"},{"data":"Barricade","floor":23,"key":"SMITH"},{"data":"Mayhem","floor":32,"key":"SMITH"},{"floor":40,"key":"RECALL"},{"data":"Madness","floor":44,"key":"SMITH"},{"floor":49,"key":"REST"},{"data":"Body Slam","floor":52,"key":"SMITH"}],"circlet_count":0,"master_deck":["Strike_R","Strike_R","Defend_R","Defend_R","Defend_R","Defend_R","Bash+1","Cleave","Ghostly Armor","Thunderclap","Barricade+1","Double Tap+1","Flame Barrier","Iron Wave","Juggernaut","Shrug It Off","Mayhem+1","Shrug It Off","Armaments+1","Impervious","Shrug It Off","Juggernaut","Flame Barrier+1","Madness+1","Madness","Rage","Spot Weakness+1","Body Slam+1","Body Slam+1"],"relics":["Burning Blood","Lantern","Mercury Hourglass","White Beast Statue","Anchor","Tiny House","InkBottle","Self Forming Clay","Velvet Choker","Vajra","Red Skull","Ice Cream","Question Card","Incense Burner","Boot"],"acts_visited":["Exordium","TheCity","TheBeyond","TheEnding"],"potions_floor_usage":[6,8,13,16,21,24,24,24,29,30,31,31,33,33,39,39,42,45,45,46,48,50,50,50,50,50,50],"damage_taken":[{"damage":3,"enemies":"Small Slimes","floor":1,"turns":3},{"damage":1,"enemies":"Cultist","floor":2,"turns":4},{"damage":7,"enemies":"2 Louse","floor":3,"turns":2},{"damage":7,"enemies":"Blue Slaver","floor":4,"turns":5},{"damage":17,"enemies":"3 Sentries","floor":6,"turns":8},{"damage":60,"enemies":"Lagavulin","floor":8,"turns":10},{"damage":0,"enemies":"2 Fungi Beasts","floor":11,"turns":3},{"damage":6,"enemies":"Large Slime","floor":12,"turns":3},{"damage":25,"enemies":"Gremlin Nob","floor":13,"turns":4},{"damage":11,"enemies":"Exordium Thugs","floor":14,"turns":4},{"damage":13,"enemies":"Slime Boss","floor":16,"turns":12},{"damage":13,"enemies":"Shell Parasite","floor":18,"turns":9},{"damage":1,"enemies":"Spheric Guardian","floor":20,"turns":7},{"damage":14,"enemies":"Cultist and Chosen","floor":21,"turns":7},{"damage":39,"enemies":"Slavers","floor":24,"turns":6},{"damage":2,"enemies":"Centurion and Healer","floor":25,"turns":8},{"damage":0,"enemies":"Snake Plant","floor":27,"turns":6},{"damage":22,"enemies":"Sentry and Sphere","floor":29,"turns":10},{"damage":6,"enemies":"Cultist and Chosen","floor":30,"turns":7},{"damage":12,"enemies":"Snake Plant","floor":31,"turns":6},{"damage":26,"enemies":"Champ","floor":33,"turns":20},{"damage":18,"enemies":"3 Darklings","floor":35,"turns":6},{"damage":12,"enemies":"3 Shapes","floor":36,"turns":4},{"damage":23,"enemies":"Spire Growth","floor":39,"turns":7},{"damage":8,"enemies":"Nemesis","floor":41,"turns":11},{"damage":0,"enemies":"Mind Bloom Boss Battle","floor":42,"turns":8},{"damage":6,"enemies":"Maw","floor":45,"turns":7},{"damage":1,"enemies":"Giant Head","floor":46,"turns":12},{"damage":21,"enemies":"Writhing Mass","floor":47,"turns":6},{"damage":15,"enemies":"Jaw Worm Horde","floor":48,"turns":5},{"damage":65,"enemies":"Donu and Deca","floor":50,"turns":10},{"damage":56,"enemies":"Shield and Spear","floor":54,"turns":8},{"damage":43,"enemies":"The Heart","floor":55,"turns":2}],"seed_played":"1469005160534897331","potions_obtained":[{"floor":1,"key":"SteroidPotion"},{"floor":3,"key":"ElixirPotion"},{"floor":6,"key":"BloodPotion"},{"floor":11,"key":"FearPotion"},{"floor":12,"key":"GamblersBrew"},{"floor":13,"key":"LiquidBronze"},{"floor":16,"key":"LiquidBronze"},{"floor":17,"key":"Regen Potion"},{"floor":18,"key":"PowerPotion"},{"floor":21,"key":"Explosive Potion"},{"floor":24,"key":"DistilledChaos"},{"floor":25,"key":"Dexterity Potion"},{"floor":27,"key":"DistilledChaos"},{"floor":29,"key":"BloodPotion"},{"floor":30,"key":"Weak Potion"},{"floor":31,"key":"BlessingOfTheForge"},{"floor":33,"key":"BloodPotion"},{"floor":35,"key":"EssenceOfSteel"},{"floor":36,"key":"EntropicBrew"},{"floor":39,"key":"Weak Potion"},{"floor":41,"key":"GamblersBrew"},{"floor":42,"key":"Dexterity Potion"},{"floor":45,"key":"Weak Potion"},{"floor":46,"key":"ElixirPotion"},{"floor":47,"key":"Explosive Potion"},{"floor":48,"key":"SteroidPotion"},{"floor":54,"key":"SteroidPotion"}],"is_trial":false,"path_per_floor":["M","M","M","M","?","E","?","E","T","R","M","M","E","M","R","B",null,"M","$","M","M","?","R","E","M","T","M","$","M","M","M","R","B",null,"M","M","?","$","M","R","E","?","T","R","M","E","M","M","R","B",null,"R","$","E","B"],"character_chosen":"IRONCLAD","items_purchased":["Mayhem","Vajra","Incense Burner"],"campfire_rested":3,"item_purchase_floors":[19,38,53],"current_hp_per_floor":[80,80,79,78,78,67,67,29,29,53,59,59,40,35,59,52,85,78,78,83,75,75,75,56,60,60,66,66,50,50,61,61,41,85,73,67,56,56,56,56,54,60,60,60,60,65,50,41,66,7,85,85,85,35,0,0],"gold":58,"neow_bonus":"UPGRADE_CARD","is_daily":false,"chose_seed":false,"campfire_upgraded":4,"win_rate":0.0,"timestamp":1608523161,"path_taken":["M","M","M","M","?","E","?","E","T","R","M","?","E","M","R","BOSS","M","$","M","M","?","R","E","M","T","M","$","M","M","M","R","BOSS","M","M","?","$","M","R","E","?","T","R","M","E","M","M","R","BOSS","R","$","E","BOSS"],"items_purchased_type":["Card","Relic","Relic"],"build_version":"2020-12-13","purchased_purges":2,"victory":false,"max_hp_per_floor":[80,80,80,80,80,80,80,80,80,80,80,80,80,80,80,80,85,85,85,85,85,85,85,85,85,85,85,85,85,85,85,85,85,85,85,85,85,85,85,85,85,85,85,85,85,85,85,85,85,85,85,85,85,85,85,85],"card_choices":[{"not_picked":["Combust","Twin Strike"],"picked":"Cleave","floor":1},{"not_picked":["Cleave","Pommel Strike"],"picked":"Ghostly Armor","floor":2},{"not_picked":["Thunderclap","Heavy Blade","Clash"],"picked":"SKIP","floor":3},{"not_picked":["Iron Wave","Pummel"],"picked":"Thunderclap","floor":4},{"not_picked":["Warcry","Reckless Charge"],"picked":"Barricade","floor":6},{"not_picked":["Iron Wave","Rupture"],"picked":"Double Tap","floor":8},{"not_picked":["Clash","Bloodletting","Perfected Strike"],"picked":"SKIP","floor":11},{"not_picked":["Fire Breathing","Clothesline","Dark Embrace"],"picked":"SKIP","floor":12},{"not_picked":["Clothesline","Intimidate"],"picked":"Flame Barrier","floor":13},{"not_picked":["Feed","Heavy Blade"],"picked":"Iron Wave","floor":14},{"not_picked":["Bludgeon","Fiend Fire"],"picked":"Juggernaut","floor":16},{"not_picked":["Warcry","Clothesline"],"picked":"Shrug It Off","floor":17},{"not_picked":["Burning Pact","Heavy Blade","Twin Strike"],"picked":"SKIP","floor":18},{"not_picked":["Combust+1","Sword Boomerang"],"picked":"Shrug It Off","floor":20},{"not_picked":["Dual Wield","Bloodletting"],"picked":"Armaments+1","floor":21},{"not_picked":["Headbutt","Sword Boomerang+1","Sever Soul"],"picked":"SKIP","floor":24},{"not_picked":["Bloodletting","Carnage"],"picked":"Shrug It Off","floor":25},{"not_picked":["Twin Strike","Pommel Strike+1","Iron Wave"],"picked":"SKIP","floor":27},{"not_picked":["True Grit","Power Through","Clothesline"],"picked":"SKIP","floor":29},{"not_picked":["Perfected Strike+1","Bloodletting","Flex"],"picked":"SKIP","floor":30},{"not_picked":["Sentinel","Anger+1","Perfected Strike+1"],"picked":"SKIP","floor":31},{"not_picked":["Impervious","Exhume"],"picked":"Juggernaut","floor":33},{"not_picked":["Pommel Strike","Warcry","True Grit"],"picked":"SKIP","floor":35},{"not_picked":["Fire Breathing","True Grit"],"picked":"Flame Barrier+1","floor":36},{"not_picked":["True Grit+1","Wild Strike","Feel No Pain"],"picked":"SKIP","floor":39},{"not_picked":["Twin Strike+1","Uppercut+1","Shrug It Off+1"],"picked":"SKIP","floor":41},{"not_picked":["Combust","Armaments+1"],"picked":"Rage","floor":42},{"not_picked":["Shrug It Off+1","Heavy Blade+1","Perfected Strike"],"picked":"SKIP","floor":45},{"not_picked":["Carnage+1","Thunderclap+1"],"picked":"Spot Weakness+1","floor":46},{"not_picked":["Whirlwind+1","Pummel","Pommel Strike"],"picked":"Body Slam","floor":47},{"not_picked":["Heavy Blade","Flex+1","Headbutt+1","Feel No Pain+1"],"picked":"SKIP","floor":48},{"not_picked":["Clash","Immolate","Evolve+1"],"picked":"Body Slam+1","floor":54}],"player_experience":225872,"relics_obtained":[{"floor":6,"key":"Lantern"},{"floor":8,"key":"Mercury Hourglass"},{"floor":9,"key":"White Beast Statue"},{"floor":13,"key":"Anchor"},{"floor":24,"key":"InkBottle"},{"floor":26,"key":"Self Forming Clay"},{"floor":41,"key":"Red Skull"},{"floor":42,"key":"Ice Cream"},{"floor":46,"key":"Question Card"},{"floor":54,"key":"Boot"}],"event_choices":[{"cards_removed":["Strike_R"],"damage_healed":0,"gold_gain":0,"player_choice":"Card Removal","damage_taken":0,"max_hp_gain":0,"max_hp_loss":0,"event_name":"The Cleric","floor":5,"gold_loss":50},{"damage_healed":0,"gold_gain":0,"player_choice":"Ignored","damage_taken":0,"max_hp_gain":0,"max_hp_loss":0,"event_name":"NoteForYourself","floor":7,"gold_loss":0},{"damage_healed":0,"gold_gain":0,"player_choice":"Read","damage_taken":0,"max_hp_gain":0,"max_hp_loss":0,"event_name":"The Library","floor":22,"gold_loss":0,"cards_obtained":["Impervious"]},{"damage_healed":0,"gold_gain":0,"player_choice":"Embrace Madness","damage_taken":11,"max_hp_gain":0,"max_hp_loss":0,"event_name":"Winding Halls","floor":37,"gold_loss":0,"cards_obtained":["Madness","Madness"]},{"damage_healed":0,"gold_gain":0,"player_choice":"Fight","damage_taken":0,"max_hp_gain":0,"max_hp_loss":0,"event_name":"MindBloom","floor":42,"gold_loss":0}],"is_beta":false,"boss_relics":[{"not_picked":["Runic Cube","Coffee Dripper"],"picked":"Tiny House"},{"not_picked":["Pandora\u0027s Box","Calling Bell"],"picked":"Velvet Choker"}],"items_purged_floors":[19,28],"is_endless":false,"potions_floor_spawned":[1,3,6,11,12,13,14,16,18,20,21,24,25,27,29,30,31,33,35,36,39,41,42,45,46,47,48,54],"killed_by":"The Heart","ascension_level":0}}