{"host":"wonp23fsqqcu31ie","time":1608556256,"event":{"mods":["2.2 Compatiblity","AchievementEnabler","Aspiration","BaseMod","Bestiary","Better Altar","Better Match","Better Sensory Stone","Better Skull","Better Third Choice","BetterRewards","Block Reminder","Colored Map","Colored Powertips","Conspire","DeckTracker","Displayed Cursed Tome","Downfall","Hermit","Highlight Path","Hubris","Minty Spire (QoL Compilation)","Permanent Neow","Quick Restart","Rare Cards Sparkle","Relic Stats","Replay The Spire","Shade Mod","Shop Mod","StSLib","SuperFastMode","The Animator","The Cursed","The Dragon Tamer","The Gatherer","The Necromancer","The Runesmith","The Servant 0.9.4"],"gold_per_floor":[99,110,110,127,147,159,185,110,139,139,139,151,136,158,172,267,267,267,9,9,9,9,43,118,143,158,8,20,39,53,150,167,167,167,167],"floor_reached":33,"playtime":1168,"items_purged":[],"score":312,"play_id":"c0791762-b09e-48b2-8b31-cd807a3feb61","local_time":"20201222001056","is_ascension_mode":false,"campfire_choices":[{"floor":1,"key":"RECALL"},{"floor":18,"key":"REST"},{"floor":22,"key":"REST"},{"floor":27,"key":"REST"}],"circlet_count":0,"master_deck":["champ:Strike","champ:Strike","champ:Strike","champ:Strike","champ:Defend","champ:Defend","champ:Defend","champ:Defend","champ:Execute","champ:Taunt","ReplayGash","Gash","ReplayTheSpireMod:Calculation Training","champ:BringItOn","champ:DefensiveStyle","Gash","champ:IgnorePain","champ:Haymaker+1","champ:FalseCounter","ReplayTheSpireMod:Omega Cannon","Conserve Battery+1","expansioncontent:GuardianWhirl+1","Decay","FTL","Redo+1","Gash","Beam Cell+1","champ:FlashCut","champ:SkillfulDodge+1","champ:CrookedStrike","expansioncontent:Flail","Gash+1"],"relics":["aspiration:DefectSkillbook","aspiration:ArtOfWarUpgrade","downfall:HeartBlessingRed","Mercury Hourglass","hubris:Towel","Fusion Hammer","MerchantsRug","Vajra","downfall:HeartBlessingGreen","downfall:HeartBlessingBlue","Replay:Baseball"],"acts_visited":["Exordium","TheCity"],"potions_floor_usage":[15,16,16,19,28,31,33,33],"damage_taken":[{"damage":11,"enemies":"Cultist","floor":2,"turns":4},{"damage":5,"enemies":"Jaw Worm","floor":4,"turns":3},{"damage":5,"enemies":"Small Slimes","floor":5,"turns":4},{"damage":11,"enemies":"Blue Slaver","floor":6,"turns":4},{"damage":14,"enemies":"Gremlin Nob","floor":9,"turns":4},{"damage":0,"enemies":"Large Slime","floor":12,"turns":3},{"damage":5,"enemies":"downfall:FleeingMerchant","floor":13,"turns":4},{"damage":0,"enemies":"Lots of Slimes","floor":15,"turns":3},{"damage":29,"enemies":"downfall:Silent","floor":16,"turns":10},{"damage":0,"enemies":"downfall:FleeingMerchant","floor":19,"turns":4},{"damage":28,"enemies":"Book of Stabbing","floor":23,"turns":5},{"damage":33,"enemies":"Slavers","floor":25,"turns":5},{"damage":12,"enemies":"Chosen","floor":26,"turns":2},{"damage":0,"enemies":"Centurion and Healer","floor":28,"turns":5},{"damage":0,"enemies":"3 Cultists","floor":29,"turns":1},{"damage":9,"enemies":"conspire:HollyBat","floor":30,"turns":8},{"damage":13,"enemies":"downfall:FleeingMerchant","floor":31,"turns":3},{"damage":1,"enemies":"Centurion and Healer","floor":32,"turns":3},{"damage":45,"enemies":"downfall:Watcher","floor":33,"turns":6}],"seed_played":"-8340330827343780368","potions_obtained":[{"floor":2,"key":"champ:OpenerPotion"},{"floor":5,"key":"ColorlessPotion"},{"floor":6,"key":"AttackPotion"},{"floor":16,"key":"Fire Potion"},{"floor":25,"key":"Block Potion"},{"floor":26,"key":"LiquidMemories"},{"floor":29,"key":"FearPotion"},{"floor":32,"key":"Cursed Concoction"}],"is_trial":false,"path_per_floor":["R_BF","M","?","M","M","M","T","R","E","R","?","M","$","?","M","B",null,"R","$","?","?","R","E","T","E","M","R","M","M","M","$","M","B"],"character_chosen":"THE_CHAMP","items_purchased":["MerchantsRug","expansioncontent:GuardianWhirl","Replay:Baseball","expansioncontent:Flail"],"campfire_rested":3,"item_purchase_floors":[19,19,31,31],"current_hp_per_floor":[90,84,84,84,84,78,78,78,69,69,69,69,69,33,33,19,90,90,90,90,90,90,62,62,34,22,62,62,62,58,45,44,0,0,0],"gold":167,"neow_bonus":"BOSS_RELIC","is_daily":false,"chose_seed":false,"campfire_upgraded":0,"win_rate":0.0,"timestamp":1608556256,"path_taken":["R_BF","?","?","M","?","M","T","R","E","R","?","M","$","?","M","BOSS","R","$","?","?","R","E","T","E","M","R","?","M","M","$","M","BOSS"],"items_purchased_type":["Relic","Card","Relic","Card"],"build_version":"2020-12-13","purchased_purges":0,"victory":false,"max_hp_per_floor":[90,90,90,90,90,90,90,90,90,90,90,90,90,90,90,90,90,90,90,90,90,90,90,90,90,90,100,100,100,100,100,100,100,100,100],"relic_stats":{"counters":[19,81],"obtain_stats":[{"MerchantsRug":19,"downfall:HeartBlessingRed":8,"Vajra":23,"champ:ChampionCrown":0,"downfall:HeartBlessingGreen":27,"Whetstone":25,"hubris:Towel":11,"Mercury Hourglass":9,"Replay:Baseball":31,"aspiration:DefectSkillbook":0,"downfall:HeartBlessingBlue":27,"aspiration:ArtOfWarUpgrade":10,"Fusion Hammer":17,"Art of War":7},{"MerchantsRug":10,"downfall:HeartBlessingRed":4,"Vajra":11,"champ:ChampionCrown":0,"downfall:HeartBlessingGreen":13,"Whetstone":12,"hubris:Towel":5,"Mercury Hourglass":5,"Replay:Baseball":17,"aspiration:DefectSkillbook":0,"downfall:HeartBlessingBlue":13,"aspiration:ArtOfWarUpgrade":5,"Fusion Hammer":9,"Art of War":4},{"MerchantsRug":43,"downfall:HeartBlessingRed":15,"Vajra":48,"champ:ChampionCrown":0,"downfall:HeartBlessingGreen":55,"Whetstone":53,"hubris:Towel":19,"Mercury Hourglass":19,"Replay:Baseball":72,"aspiration:DefectSkillbook":0,"downfall:HeartBlessingBlue":55,"aspiration:ArtOfWarUpgrade":19,"Fusion Hammer":39,"Art of War":15}],"Mercury Hourglass":[163]},"card_choices":[{"not_picked":["Recycle","Ball Lightning","champ:GladiatorStyle"],"picked":"ReplayGash","floor":2},{"not_picked":["Sweeping Beam","Conserve Battery","champ:Duel"],"picked":"Gash","floor":4},{"not_picked":["Streamline","Stack","Hologram"],"picked":"ReplayTheSpireMod:Calculation Training","floor":5},{"not_picked":["champ:RecklessLeap","Blizzard","champ:AdrenalArmor"],"picked":"champ:BringItOn","floor":6},{"not_picked":["champ:Shatter","Crystallizer","champ:GladiatorsShout"],"picked":"champ:DefensiveStyle","floor":9},{"not_picked":["Compile Driver","Sweeping Beam","champ:Haymaker"],"picked":"Gash","floor":12},{"not_picked":["ReplayGash","Fusion","White Noise"],"picked":"champ:IgnorePain","floor":13},{"not_picked":["champ:BladeFlurry","Panic Button","Recycle"],"picked":"champ:Haymaker","floor":14},{"not_picked":["Panic Button","champ:BladeFlurry","BasicCrystalCard"],"picked":"champ:FalseCounter","floor":15},{"not_picked":["hubris:SpecializedCircuitry","champ:SwordThrow","Mirror Shield"],"picked":"ReplayTheSpireMod:Omega Cannon","floor":16},{"not_picked":["Beam Cell","champ:Haymaker","BasicCrystalCard"],"picked":"Conserve Battery+1","floor":19},{"not_picked":["champ:Haymaker","ReplayTheSpireMod:Dual Polarity","Steam Power"],"picked":"FTL","floor":23},{"not_picked":["ReplayTheSpireMod:System Scan","Stack","Rebound+1"],"picked":"Redo+1","floor":25},{"not_picked":["Sweeping Beam","champ:FanOfKnives","Steam"],"picked":"Gash","floor":26},{"not_picked":["champ:Circumvent","champ:Encircle+1","BootSequence"],"picked":"Beam Cell+1","floor":28},{"not_picked":["champ:FocusedBerserking","Redo","Gash"],"picked":"champ:FlashCut","floor":29},{"not_picked":["Rebound+1","champ:FlashCut","Heatsinks+1"],"picked":"champ:SkillfulDodge+1","floor":30},{"not_picked":["champ:GladiatorStyle","Time Bomb","champ:TornadoPunch"],"picked":"champ:CrookedStrike","floor":31},{"not_picked":["champ:BringItOn","champ:SkillfulDodge","Stack"],"picked":"Gash+1","floor":32}],"player_experience":664076,"relics_obtained":[{"floor":7,"key":"Art of War"},{"floor":9,"key":"Mercury Hourglass"},{"floor":23,"key":"Vajra"},{"floor":25,"key":"Whetstone"}],"event_choices":[{"damage_healed":0,"gold_gain":0,"player_choice":"Ignored","damage_taken":0,"max_hp_gain":0,"max_hp_loss":0,"event_name":"Purifier","floor":3,"gold_loss":0},{"damage_healed":0,"gold_gain":0,"player_choice":"Ignored","damage_taken":0,"max_hp_gain":0,"max_hp_loss":0,"event_name":"Vampires","floor":20,"gold_loss":0},{"damage_healed":0,"gold_gain":0,"player_choice":"Cursed","damage_taken":0,"max_hp_gain":0,"max_hp_loss":0,"event_name":"Wheel of Change","floor":21,"gold_loss":0,"cards_obtained":["Decay"]}],"is_beta":false,"boss_relics":[{"not_picked":["Snecko Eye","conspire:SeveredTorchhead"],"picked":"Fusion Hammer"}],"items_purged_floors":[],"is_endless":false,"potions_floor_spawned":[2,5,6,12,16,25,26,29,32],"killed_by":"downfall:Watcher","ascension_level":0}}