{"host":"kiah4uoohy01p0hv","time":1608560757,"event":{"mods":["BaseMod","Colored Map","Colored Powertips","Conspire","Highlight Path","Hubris","Minty Spire (QoL Compilation)","Permanent Neow","Replay The Spire","Spikes Relics","StSLib"],"gold_per_floor":[110,110,110,130,145,145,174,195,222,74,74,74,74,74,74,169,169,189,215,233,253,270,270,64,64,91,91,91,123,49,69,69,69,69],"floor_reached":33,"playtime":3664,"items_purged":["Eruption+1"],"score":286,"play_id":"4f15ce1b-b798-42dd-8091-f89cd6fa7369","local_time":"20201222002557","is_ascension_mode":false,"campfire_choices":[{"data":"PathToVictory","floor":6,"key":"SMITH"},{"data":"LessonLearned","floor":11,"key":"SMITH"},{"data":"Eruption","floor":13,"key":"SMITH"},{"floor":15,"key":"REST"},{"data":"Consecrate","floor":23,"key":"SMITH"},{"data":"Prostrate","floor":25,"key":"SMITH"},{"data":"Brilliance","floor":27,"key":"SMITH"},{"floor":32,"key":"REST"}],"circlet_count":0,"master_deck":["Strike_P","Strike_P","Strike_P","Strike_P","Defend_P","Defend_P","Defend_P","Defend_P","Vigilance","PathToVictory+1","PathToVictory+1","LessonLearned+1","Brilliance+1","Consecrate+1","Prostrate+1","Worship+1","PathToVictory+1","Replay:Battleflow+1"],"relics":["PureWater","Bronze Scales","Simple Rune","War Paint","Odd Mushroom","conspire:TopHat","Damaru","hubris:Metronome","hubris:Backtick","Lantern","RollingBoulder","DollysMirror","Pet Ghost","Nilry\u0027s Codex","Omamori","ReplayTheSpireMod:CursedCoin","Vajra"],"acts_visited":["Exordium","TheCity"],"potions_floor_usage":[8,16,20,21,21,33],"damage_taken":[{"damage":0,"enemies":"2 Louse","floor":1,"turns":2},{"damage":0,"enemies":"Cultist","floor":4,"turns":3},{"damage":4,"enemies":"Small Slimes","floor":5,"turns":2},{"damage":22,"enemies":"Gremlin Nob","floor":7,"turns":4},{"damage":0,"enemies":"The Mushroom Lair","floor":8,"turns":3},{"damage":40,"enemies":"Fading Forest","floor":16,"turns":11},{"damage":14,"enemies":"Chosen","floor":18,"turns":5},{"damage":2,"enemies":"3 Byrds","floor":20,"turns":3},{"damage":4,"enemies":"3 Cultists","floor":21,"turns":4},{"damage":0,"enemies":"Snake Plant","floor":22,"turns":3},{"damage":29,"enemies":"Slavers","floor":29,"turns":5},{"damage":0,"enemies":"Shelled Parasite and Fungi","floor":31,"turns":2},{"damage":29,"enemies":"hubris:MusketHawk","floor":33,"turns":4}],"seed_played":"5247738968685669963","potions_obtained":[{"floor":4,"key":"SteroidPotion"},{"floor":5,"key":"Block Potion"},{"floor":16,"key":"StancePotion"},{"floor":18,"key":"EssenceOfSteel"},{"floor":20,"key":"EssenceOfSteel"},{"floor":31,"key":"Doom Potion"}],"is_trial":false,"path_per_floor":["M","?","$","M","M","R","E","?","T","$","R","?","R","?","R_BF","B",null,"M","T","M","M","M","R","$","R","T","R","?","E","$","M","R","B"],"character_chosen":"WATCHER","items_purchased":["Damaru","DollysMirror","Replay:Battleflow+1","ReplayTheSpireMod:CursedCoin","Vajra"],"campfire_rested":2,"item_purchase_floors":[10,24,24,30,30],"current_hp_per_floor":[72,72,72,72,68,68,46,46,46,46,46,32,32,32,53,23,72,58,58,56,52,52,52,52,52,52,52,36,7,7,7,28,0,0],"gold":69,"neow_bonus":"RANDOM_COMMON_RELIC","is_daily":false,"chose_seed":false,"campfire_upgraded":6,"win_rate":0.0,"timestamp":1608560757,"path_taken":["M","?","$","?","M","R","E","?","T","$","R","?","R","?","R_BF","BOSS","M","?","M","M","M","R","$","R","T","R","?","E","$","M","R","BOSS"],"items_purchased_type":["Relic","Relic","Card","Relic","Relic"],"build_version":"2020-12-13","purchased_purges":1,"victory":false,"max_hp_per_floor":[72,72,72,72,72,72,72,72,72,72,72,72,72,72,72,72,72,72,72,72,72,72,72,72,72,72,72,72,72,72,72,72,72,72],"card_choices":[{"not_picked":["EmptyFist","Study"],"picked":"SandsOfTime","floor":1},{"not_picked":["BattleHymn","SashWhip"],"picked":"PathToVictory","floor":4},{"not_picked":["CutThroughFate","Replay:DivineShield"],"picked":"PathToVictory","floor":5},{"not_picked":["Scrawl","SandsOfTime"],"picked":"LessonLearned","floor":7},{"not_picked":["Replay:AllIn","ConjureBlade"],"picked":"Brilliance","floor":16},{"not_picked":["Protect+1","Adaptation","ClearTheMind"],"picked":"SKIP","floor":18},{"not_picked":["Perseverance","Sanctity"],"picked":"Consecrate","floor":20},{"not_picked":["Replay:Hum","Protect"],"picked":"Prostrate","floor":21},{"not_picked":["TalkToTheHand","Swivel"],"picked":"Worship+1","floor":22},{"not_picked":["Tantrum","Worship+1","FlyingSleeves"],"picked":"SKIP","floor":29},{"not_picked":["ClearTheMind","CrushJoints","FlurryOfBlows"],"picked":"SKIP","floor":31}],"player_experience":195878,"relics_obtained":[{"floor":7,"key":"War Paint"},{"floor":8,"key":"Odd Mushroom"},{"floor":9,"key":"conspire:TopHat"},{"floor":14,"key":"hubris:Metronome"},{"floor":19,"key":"RollingBoulder"},{"floor":26,"key":"Pet Ghost"},{"floor":28,"key":"Nilry\u0027s Codex"},{"floor":29,"key":"Omamori"}],"event_choices":[{"cards_removed":["SandsOfTime"],"damage_healed":0,"gold_gain":0,"player_choice":"Gave Card","damage_taken":0,"relics_obtained":["Simple Rune"],"max_hp_gain":0,"max_hp_loss":0,"event_name":"WeMeetAgain","floor":2,"gold_loss":0},{"damage_healed":0,"gold_gain":0,"player_choice":"Fought Mushrooms","damage_taken":0,"max_hp_gain":0,"max_hp_loss":0,"event_name":"Mushrooms","floor":8,"gold_loss":0},{"damage_healed":0,"gold_gain":0,"player_choice":"Entered Light","damage_taken":14,"max_hp_gain":0,"max_hp_loss":0,"event_name":"Shining Light","floor":12,"gold_loss":0,"cards_upgraded":["Defend_P","Defend_P"]},{"damage_healed":0,"gold_gain":0,"player_choice":"Relic","damage_taken":0,"max_hp_gain":0,"max_hp_loss":0,"event_name":"Wheel of Change","floor":14,"gold_loss":0},{"damage_healed":0,"gold_gain":0,"player_choice":"Obtained Book","damage_taken":16,"max_hp_gain":0,"max_hp_loss":0,"event_name":"Cursed Tome","floor":28,"gold_loss":0}],"is_beta":false,"boss_relics":[{"not_picked":["hubris:Stopwatch","Ectoplasm"],"picked":"hubris:Backtick"}],"items_purged_floors":[30],"is_endless":false,"potions_floor_spawned":[4,5,16,18,20,31],"killed_by":"hubris:MusketHawk","ascension_level":0}}