{"host":"zh06ha8197vgjo02","time":1608532687,"event":{"mods":["AchievementEnabler","Arknights The Spire","BaseMod","Better Skull","CapriCore","DeckTracker","GifTheSpireLib","Hermit","Koishi","Marisa£¨Ùöéë¡¡Øª×âÞÞ£©","Minty Spire (QoL Compilation)","Reimu£¨ÚÏ???£©","StSLib","SuperFastMode","Td1madao Mod","The Cursed","The Immortal","TheBandit","WarShipGirlsR/??á´Ò³R mod"],"gold_per_floor":[112,112,122,122,138,166,166,186,186,198,227,245,245,90,90,90,90],"floor_reached":16,"playtime":572,"items_purged":[],"score":112,"play_id":"c204b517-4ef6-4a6a-a6b4-3c7b097592f5","local_time":"20201221153807","is_ascension_mode":false,"campfire_choices":[{"data":"Black Contract","floor":7,"key":"SMITH"},{"floor":13,"key":"REST"},{"data":"Black Contract","floor":15,"key":"SMITH"}],"circlet_count":0,"master_deck":["Strike_C","Strike_C","Strike_C","Defend_C","Defend_C","Defend_C","Defend_C","Knight Kick","Chip","Black Execution","Cooling Song","Black Contract+1","Black Contract+1","Lunge","Fire Up","Energy Supply","Break Into"],"relics":["Apod","NeowsBlessing","Bag of Marbles","Toy Ornithopter","HornCleat","Membership Card"],"acts_visited":["Exordium"],"potions_floor_usage":[6,16,16,16],"damage_taken":[{"damage":0,"enemies":"2 Louse","floor":1,"turns":1},{"damage":0,"enemies":"Cultist","floor":3,"turns":1},{"damage":0,"enemies":"Small Slimes","floor":5,"turns":1},{"damage":31,"enemies":"3 Sentries","floor":6,"turns":8},{"damage":0,"enemies":"Exordium Wildlife","floor":8,"turns":3},{"damage":0,"enemies":"Red Slaver","floor":10,"turns":1},{"damage":21,"enemies":"Lagavulin","floor":11,"turns":7},{"damage":4,"enemies":"Large Slime","floor":12,"turns":3},{"damage":50,"enemies":"Slime Boss","floor":16,"turns":8}],"seed_played":"2308664069374316241","potions_obtained":[{"floor":1,"key":"SneckoOil"},{"floor":8,"key":"LiquidBronze"},{"floor":11,"key":"PowerPotion"},{"floor":12,"key":"Ancient Potion"}],"is_trial":false,"path_per_floor":["M","?","M","?","M","E","R","M","T","M","E","M","R","$","R","B"],"character_chosen":"TD1MADAO_CLASS","items_purchased":["Membership Card"],"campfire_rested":1,"item_purchase_floors":[14],"current_hp_per_floor":[70,70,70,70,70,39,39,39,39,39,18,14,35,35,35,0,0],"gold":90,"neow_bonus":"THREE_ENEMY_KILL","is_daily":false,"chose_seed":false,"campfire_upgraded":2,"win_rate":0.0,"timestamp":1608532687,"path_taken":["M","?","?","?","M","E","R","?","T","M","E","M","R","$","R","BOSS"],"items_purchased_type":["Relic"],"build_version":"2020-12-13","purchased_purges":0,"victory":false,"max_hp_per_floor":[70,70,70,70,70,70,70,70,70,70,70,70,70,70,70,70,70],"card_choices":[{"not_picked":["Recovery Mechanism","Rupture"],"picked":"Black Execution","floor":1},{"not_picked":["Cursed Blade","Thunder Jump"],"picked":"Cooling Song","floor":3},{"not_picked":[],"picked":"Black Contract","floor":4},{"not_picked":["Reinforcement Parts","Twin Teeth"],"picked":"Black Contract","floor":5},{"not_picked":["Black Spear","Sub Weapons","Black Execution"],"picked":"SKIP","floor":6},{"not_picked":["Preparedness","White Contract"],"picked":"Lunge","floor":8},{"not_picked":["Bugfix","Rupture"],"picked":"Fire Up","floor":10},{"not_picked":["Black Spear","Sub Weapons"],"picked":"Energy Supply","floor":11},{"not_picked":["Provocative","Fire Up"],"picked":"Break Into","floor":12}],"player_experience":718751,"relics_obtained":[{"floor":6,"key":"Bag of Marbles"},{"floor":9,"key":"Toy Ornithopter"},{"floor":11,"key":"HornCleat"}],"event_choices":[{"cards_removed":["Strike_C"],"damage_healed":0,"gold_gain":0,"player_choice":"Purged","damage_taken":0,"max_hp_gain":0,"max_hp_loss":0,"event_name":"Purifier","floor":2,"gold_loss":0}],"is_beta":false,"boss_relics":[],"items_purged_floors":[],"is_endless":false,"potions_floor_spawned":[1,8,11,12],"killed_by":"Slime Boss","ascension_level":0}}