{"host":"fuszjwm6fqgjjp4d","time":1608595180,"event":{"mods":["BaseMod","Bestiary","Colored Map","DeckTracker","Minty Spire (QoL Compilation)","Permanent Neow","Relic Sorter","Relic Stats","StSLib"],"gold_per_floor":[119,139,159,159,170,202,202,267,306,344,356,381,465,487,499,511,511],"floor_reached":16,"playtime":2464,"items_purged":[],"score":243,"play_id":"d9321916-16bb-4617-abc9-e9bfadd1abbc","local_time":"20201221175940","is_ascension_mode":true,"campfire_choices":[{"data":"Immolate","floor":7.0,"key":"SMITH"},{"data":"Carnage","floor":11.0,"key":"SMITH"},{"data":"Dual Wield","floor":15.0,"key":"SMITH"}],"circlet_count":0,"master_deck":["AscendersBane","Strike_R","Strike_R","Strike_R","Strike_R","Strike_R","Defend_R","Defend_R","Defend_R","Defend_R","Bash","Feed+1","Shrug It Off","Infernal Blade","Carnage+1","Clothesline","Immolate+1","Dual Wield+1"],"relics":["Burning Blood","Bronze Scales","MawBank","Dream Catcher","Tiny Chest"],"acts_visited":["Exordium"],"potions_floor_usage":[16],"damage_taken":[{"damage":14.0,"enemies":"Jaw Worm","floor":1.0,"turns":5.0},{"damage":2.0,"enemies":"Small Slimes","floor":2.0,"turns":4.0},{"damage":2.0,"enemies":"2 Louse","floor":3.0,"turns":4.0},{"damage":18.0,"enemies":"Large Slime","floor":5.0,"turns":5.0},{"damage":21.0,"enemies":"Gremlin Nob","floor":6.0,"turns":4.0},{"damage":1.0,"enemies":"3 Sentries","floor":8.0,"turns":4.0},{"damage":22.0,"enemies":"3 Sentries","floor":10.0,"turns":5.0},{"damage":3.0,"enemies":"2 Fungi Beasts","floor":12.0,"turns":4.0},{"damage":8.0,"enemies":"Blue Slaver","floor":14.0,"turns":2.0},{"damage":61,"enemies":"Slime Boss","floor":16,"turns":9}],"seed_played":"-1965683722551645719","potions_obtained":[{"floor":2.0,"key":"BlessingOfTheForge"},{"floor":3.0,"key":"PowerPotion"},{"floor":6.0,"key":"EssenceOfSteel"},{"floor":12.0,"key":"LiquidBronze"}],"is_trial":false,"path_per_floor":["M","M","M","?","M","E","R","?","T","E","R","M","?","M","R","B"],"character_chosen":"IRONCLAD","items_purchased":[],"campfire_rested":0,"item_purchase_floors":[],"current_hp_per_floor":[63,70,77,77,69,58,58,67,67,51,51,54,54,52,52,0,0],"gold":511,"neow_bonus":"ONE_RANDOM_RARE_CARD","is_daily":false,"chose_seed":false,"campfire_upgraded":3,"win_rate":0.0,"timestamp":1608595180,"path_taken":["M","M","M","?","M","E","R","?","T","E","R","M","?","M","R","BOSS"],"items_purchased_type":[],"build_version":"2020-12-13","purchased_purges":0,"victory":false,"max_hp_per_floor":[78,81,84,84,88,92,92,96,96,96,96,96,96,96,96,96,96],"relic_stats":{"Dream Catcher":0,"counters":[10,46],"Bronze Scales":[39],"Tiny Chest":0,"MawBank":96,"obtain_stats":[{"Dream Catcher":9,"Bronze Scales":6,"Tiny Chest":10,"MawBank":8,"Burning Blood":0},{"Dream Catcher":6,"Bronze Scales":5,"Tiny Chest":7,"MawBank":6,"Burning Blood":0},{"Dream Catcher":26,"Bronze Scales":22,"Tiny Chest":31,"MawBank":26,"Burning Blood":0}],"Burning Blood":54},"card_choices":[{"not_picked":["Whirlwind","Anger"],"picked":"Shrug It Off","floor":1.0},{"not_picked":["Clothesline","Clash"],"picked":"Infernal Blade","floor":2.0},{"not_picked":["Iron Wave","Intimidate"],"picked":"Carnage","floor":3.0},{"not_picked":["Thunderclap","Dark Embrace","Clothesline"],"picked":"SKIP","floor":5.0},{"not_picked":["Thunderclap","Dark Embrace"],"picked":"Clothesline","floor":5.0},{"not_picked":["Seeing Red","Heavy Blade"],"picked":"Immolate","floor":6.0},{"not_picked":["Warcry","Rampage"],"picked":"Dual Wield","floor":8.0},{"not_picked":["Wild Strike","Body Slam","Infernal Blade"],"picked":"SKIP","floor":10.0},{"not_picked":["Hemokinesis","Warcry","Anger"],"picked":"SKIP","floor":12.0},{"not_picked":["Anger","Warcry","Sever Soul"],"picked":"SKIP","floor":14.0}],"player_experience":1195108,"relics_obtained":[{"floor":6.0,"key":"Bronze Scales"},{"floor":8.0,"key":"MawBank"},{"floor":9.0,"key":"Dream Catcher"},{"floor":10.0,"key":"Tiny Chest"}],"event_choices":[{"damage_healed":0.0,"max_hp_gain":0.0,"max_hp_loss":0.0,"gold_gain":0.0,"event_name":"Living Wall","player_choice":"Grow","floor":4.0,"gold_loss":0.0,"damage_taken":0.0,"cards_upgraded":["Feed"]},{"damage_healed":0.0,"max_hp_gain":0.0,"max_hp_loss":0.0,"gold_gain":30.0,"event_name":"Dead Adventurer","player_choice":"Searched \u00272\u0027 times","floor":8.0,"gold_loss":0.0,"damage_taken":0.0},{"damage_healed":0.0,"max_hp_gain":0.0,"max_hp_loss":0.0,"gold_gain":72.0,"event_name":"Golden Wing","player_choice":"Gained Gold","floor":13.0,"gold_loss":0.0,"damage_taken":0.0}],"is_beta":false,"boss_relics":[],"items_purged_floors":[],"is_endless":false,"potions_floor_spawned":[2,3,6,12],"killed_by":"Slime Boss","ascension_level":19}}