{"host":"b2gck3v68i09pmif","time":1608516760,"event":{"mods":["BaseMod","Block Reminder","Minty Spire (QoL Compilation)","StSLib"],"gold_per_floor":[116,116,41,41,116,116,155,155,182,182,182,182,195,215,215,338,338,363,90,90,90,90,90,121,142,167,187,205,219,258,123,123,123,123],"floor_reached":33,"playtime":1232,"items_purged":["Strike_R","Strike_R"],"score":459,"play_id":"ee9295bf-f61d-4d9c-b905-d1cf115fbd28","local_time":"20201221101240","is_ascension_mode":true,"campfire_choices":[{"data":"Bash","floor":6,"key":"SMITH"},{"data":"Flex","floor":8,"key":"SMITH"},{"data":"Metallicize","floor":11,"key":"SMITH"},{"data":"Pommel Strike","floor":15,"key":"SMITH"},{"floor":23,"key":"REST"},{"floor":32,"key":"REST"}],"circlet_count":0,"master_deck":["AscendersBane","Strike_R+1","Strike_R","Strike_R+1","Defend_R","Defend_R","Defend_R","Defend_R","Bash+1","Metallicize+1","Flex+1","Pommel Strike+1","Juggernaut","Whirlwind+1","Apotheosis+1","Shrug It Off","Armaments+1","Limit Break"],"relics":["Burning Blood","NeowsBlessing","Golden Idol","Ancient Tea Set","Akabeko","Mummified Hand","Fusion Hammer","Nilry\u0027s Codex","Regal Pillow","Whetstone","Molten Egg 2"],"acts_visited":["Exordium","TheCity"],"potions_floor_usage":[16,30],"damage_taken":[{"damage":0,"enemies":"Small Slimes","floor":1,"turns":1},{"damage":0,"enemies":"Gremlin Nob","floor":7,"turns":2},{"damage":0,"enemies":"Jaw Worm","floor":13,"turns":1},{"damage":0,"enemies":"Cultist","floor":14,"turns":2},{"damage":56,"enemies":"Slime Boss","floor":16,"turns":16},{"damage":0,"enemies":"Spheric Guardian","floor":18,"turns":3},{"damage":26,"enemies":"Slavers","floor":24,"turns":4},{"damage":3,"enemies":"3 Byrds","floor":25,"turns":3},{"damage":16,"enemies":"Snecko","floor":27,"turns":4},{"damage":32,"enemies":"Cultist and Chosen","floor":28,"turns":5},{"damage":10,"enemies":"Centurion and Healer","floor":29,"turns":6},{"damage":14,"enemies":"Book of Stabbing","floor":30,"turns":5},{"damage":68,"enemies":"Champ","floor":33,"turns":9}],"seed_played":"524772650483138298","potions_obtained":[{"floor":13,"key":"Explosive Potion"},{"floor":16,"key":"SpeedPotion"},{"floor":24,"key":"Ancient Potion"},{"floor":29,"key":"SteroidPotion"},{"floor":30,"key":"LiquidBronze"}],"is_trial":false,"path_per_floor":["M","?","$","?","?","R","E","R","T","?","R","?","M","M","R","B",null,"M","$","?","$","?","R","E","M","T","M","M","M","E","$","R","B"],"character_chosen":"IRONCLAD","items_purchased":["Apotheosis","Limit Break"],"campfire_rested":2,"item_purchase_floors":[19,31],"current_hp_per_floor":[78,58,58,63,52,52,58,58,58,58,58,58,64,70,70,20,69,75,75,59,59,59,84,64,67,67,57,31,27,19,19,59,0,0],"gold":123,"neow_bonus":"THREE_ENEMY_KILL","is_daily":false,"chose_seed":false,"campfire_upgraded":4,"win_rate":0.0,"timestamp":1608516760,"path_taken":["M","?","$","?","?","R","E","R","T","?","R","?","M","M","R","BOSS","M","$","?","$","?","R","E","?","T","M","M","M","E","?","R","BOSS"],"items_purchased_type":["Card","Card"],"build_version":"2020-12-13","purchased_purges":2,"victory":false,"max_hp_per_floor":[80,80,80,85,85,85,85,85,85,85,85,85,85,85,85,85,85,85,85,85,85,85,85,85,85,85,85,85,85,85,85,85,85,85],"card_choices":[{"not_picked":["Anger","Armaments"],"picked":"Metallicize","floor":1},{"not_picked":["Shrug It Off","Armaments"],"picked":"Flex","floor":7},{"not_picked":["Fire Breathing","Headbutt"],"picked":"Pommel Strike","floor":13},{"not_picked":["Exhume","Intimidate","Anger"],"picked":"SKIP","floor":14},{"not_picked":["Exhume","Intimidate","Anger"],"picked":"SKIP","floor":14},{"not_picked":["Corruption","Immolate"],"picked":"Juggernaut","floor":16},{"not_picked":["Flex","Armaments+1"],"picked":"Whirlwind+1","floor":18},{"not_picked":["Clash","Dropkick","Burning Pact"],"picked":"SKIP","floor":24},{"not_picked":["Wild Strike","Flame Barrier"],"picked":"Shrug It Off","floor":25},{"not_picked":["Perfected Strike","Rupture+1","Heavy Blade"],"picked":"SKIP","floor":27},{"not_picked":["Cleave","Sentinel","Anger"],"picked":"SKIP","floor":28},{"not_picked":["Anger","Spot Weakness","Dual Wield"],"picked":"SKIP","floor":29},{"not_picked":["Seeing Red","Flame Barrier"],"picked":"Armaments+1","floor":30}],"player_experience":235268,"relics_obtained":[{"floor":7,"key":"Ancient Tea Set"},{"floor":9,"key":"Akabeko"},{"floor":20,"key":"Nilry\u0027s Codex"},{"floor":24,"key":"Regal Pillow"},{"floor":26,"key":"Whetstone"},{"floor":30,"key":"Molten Egg 2"}],"event_choices":[{"damage_healed":0,"gold_gain":0,"player_choice":"Take Damage","damage_taken":20,"relics_obtained":["Golden Idol"],"max_hp_gain":0,"max_hp_loss":0,"event_name":"Golden Idol","floor":2,"gold_loss":0},{"damage_healed":0,"gold_gain":0,"player_choice":"Donut","damage_taken":0,"max_hp_gain":5,"max_hp_loss":0,"event_name":"Big Fish","floor":4,"gold_loss":0},{"damage_healed":0,"gold_gain":75,"player_choice":"Gather Gold","damage_taken":11,"max_hp_gain":0,"max_hp_loss":0,"event_name":"World of Goop","floor":5,"gold_loss":0},{"damage_healed":0,"gold_gain":0,"player_choice":"Searched \u00271\u0027 times","damage_taken":0,"relics_obtained":["Mummified Hand"],"max_hp_gain":0,"max_hp_loss":0,"event_name":"Dead Adventurer","floor":10,"gold_loss":0},{"damage_healed":0,"gold_gain":0,"player_choice":"Ignored","damage_taken":0,"max_hp_gain":0,"max_hp_loss":0,"event_name":"Liars Game","floor":12,"gold_loss":0},{"damage_healed":0,"gold_gain":0,"player_choice":"Obtained Book","damage_taken":16,"max_hp_gain":0,"max_hp_loss":0,"event_name":"Cursed Tome","floor":20,"gold_loss":0},{"damage_healed":0,"gold_gain":0,"player_choice":"Forge","damage_taken":0,"max_hp_gain":0,"max_hp_loss":0,"event_name":"Accursed Blacksmith","floor":22,"gold_loss":0,"cards_upgraded":["Apotheosis"]}],"is_beta":false,"boss_relics":[{"not_picked":["Black Star","Black Blood"],"picked":"Fusion Hammer"}],"items_purged_floors":[3,19],"is_endless":false,"potions_floor_spawned":[13,16,24,29,30],"killed_by":"Champ","ascension_level":10}}