{"host":"69rply1jf2d1wbmp","time":1608519849,"event":{"mods":["BaseMod","Minty Spire (QoL Compilation)","Quick Restart"],"gold_per_floor":[20,38,38,38,38,38,64,64,115,115,133,153,182,201,201,306,306,321,30,30,30,44,78,78,107,156,156,156],"floor_reached":27,"playtime":857,"items_purged":["Strike_B"],"score":259,"play_id":"e3e09b62-bde1-4882-9f5a-ab3b32b34b89","local_time":"20201220220409","is_ascension_mode":false,"campfire_choices":[{"floor":6,"key":"REST"},{"floor":8,"key":"REST"},{"data":"Zap","floor":10,"key":"SMITH"},{"floor":15,"key":"REST"},{"floor":24,"key":"REST"}],"circlet_count":0,"master_deck":["Strike_B","Defend_B","Defend_B","Defend_B","Zap+1","Dualcast","Ball Lightning","Barrage","Conserve Battery","Conserve Battery","Static Discharge","Seek","Shame","Leap+1","Melter+1"],"relics":["Cracked Core","TungstenRod","Ancient Tea Set","Strawberry","Smiling Mask","Inserter","Cables","Juzu Bracelet","Bag of Preparation","Tiny Chest","Lantern"],"acts_visited":["Exordium","TheCity"],"potions_floor_usage":[7,16],"damage_taken":[{"damage":0,"enemies":"Small Slimes","floor":1,"turns":3},{"damage":2,"enemies":"2 Louse","floor":2,"turns":3},{"damage":24,"enemies":"Lagavulin","floor":7,"turns":4},{"damage":0,"enemies":"Jaw Worm","floor":11,"turns":2},{"damage":0,"enemies":"2 Fungi Beasts","floor":12,"turns":2},{"damage":14,"enemies":"Gremlin Nob","floor":13,"turns":4},{"damage":0,"enemies":"Looter","floor":14,"turns":3},{"damage":50,"enemies":"The Guardian","floor":16,"turns":10},{"damage":3,"enemies":"Chosen","floor":18,"turns":5},{"damage":34,"enemies":"2 Thieves","floor":22,"turns":4},{"damage":55,"enemies":"Slavers","floor":23,"turns":7},{"damage":32,"enemies":"Gremlin Leader","floor":25,"turns":7},{"damage":11,"enemies":"Centurion and Healer","floor":27,"turns":5}],"seed_played":"8862215788587621766","potions_obtained":[{"floor":1,"key":"Fire Potion"},{"floor":2,"key":"FairyPotion"},{"floor":7,"key":"ColorlessPotion"},{"floor":18,"key":"FearPotion"}],"is_trial":false,"path_per_floor":["M","M","?","?","$","R","E","R","T","R","M","M","E","M","R","B",null,"M","$","?","$","M","E","R","E","T","M"],"character_chosen":"DEFECT","items_purchased":["Cables"],"campfire_rested":4,"item_purchase_floors":[19],"current_hp_per_floor":[75,73,31,25,25,47,23,45,52,52,52,52,38,38,62,12,82,79,79,79,79,45,14,38,6,6,0,0],"gold":156,"neow_bonus":"REMOVE_TWO","is_daily":false,"chose_seed":false,"campfire_upgraded":1,"win_rate":0.0,"timestamp":1608519849,"path_taken":["M","M","?","?","$","R","E","R","T","R","M","M","E","M","R","BOSS","M","$","?","?","M","E","R","E","T","M"],"items_purchased_type":["Relic"],"build_version":"2020-12-13","purchased_purges":1,"victory":false,"max_hp_per_floor":[75,75,75,75,75,75,75,75,82,82,82,82,82,82,82,82,82,82,82,82,82,82,82,82,82,82,82,82],"card_choices":[{"not_picked":["Recycle","Tempest"],"picked":"Ball Lightning","floor":1},{"not_picked":["Chaos","Ball Lightning"],"picked":"Barrage","floor":2},{"not_picked":["Tempest","Ball Lightning","Doom and Gloom"],"picked":"SKIP","floor":7},{"not_picked":["Coolheaded","Reprogram"],"picked":"Conserve Battery","floor":11},{"not_picked":["Buffer","Turbo","Stack"],"picked":"SKIP","floor":12},{"not_picked":["Hello World","Ball Lightning"],"picked":"Conserve Battery","floor":13},{"not_picked":["Leap","Steam"],"picked":"Static Discharge","floor":14},{"not_picked":["Multi-Cast","Creative AI"],"picked":"Seek","floor":16},{"not_picked":["Stack+1","Coolheaded","Redo"],"picked":"SKIP","floor":18},{"not_picked":["Blizzard","Streamline"],"picked":"Leap+1","floor":22},{"not_picked":["Coolheaded","Go for the Eyes"],"picked":"Melter+1","floor":23},{"not_picked":["Cold Snap+1","Coolheaded","Steam"],"picked":"SKIP","floor":25}],"player_experience":371376,"relics_obtained":[{"floor":7,"key":"Ancient Tea Set"},{"floor":9,"key":"Strawberry"},{"floor":13,"key":"Smiling Mask"},{"floor":23,"key":"Bag of Preparation"},{"floor":25,"key":"Tiny Chest"},{"floor":26,"key":"Lantern"}],"event_choices":[{"damage_healed":0,"gold_gain":0,"player_choice":"Success","damage_taken":42,"relics_obtained":["TungstenRod"],"max_hp_gain":0,"max_hp_loss":0,"event_name":"Scrap Ooze","floor":3,"gold_loss":0},{"cards_removed":["Strike_B"],"damage_healed":0,"gold_gain":0,"player_choice":"Card Removal","damage_taken":7,"max_hp_gain":0,"max_hp_loss":0,"event_name":"Golden Wing","floor":4,"gold_loss":0},{"damage_healed":0,"gold_gain":0,"player_choice":"Stole Relic","damage_taken":0,"relics_obtained":["Juzu Bracelet"],"max_hp_gain":0,"max_hp_loss":0,"event_name":"Addict","floor":20,"gold_loss":0,"cards_obtained":["Shame"]}],"is_beta":false,"boss_relics":[{"not_picked":["Nuclear Battery","Tiny House"],"picked":"Inserter"}],"items_purged_floors":[19],"is_endless":false,"potions_floor_spawned":[1,2,7,18],"killed_by":"Centurion and Healer","ascension_level":0}}