{"host":"9v3x998ddbx8o276","time":1608543173,"event":{"mods":["AchievementEnabler","BaseMod","Colored Map","Highlight Path","Minty Spire (QoL Compilation)","Quick Restart","Rare Cards Sparkle"],"gold_per_floor":[361,377,28,28,28,59,59,90,113,139,152,152,201,47,47,125,125,145,145,145],"floor_reached":19,"playtime":860,"items_purged":["Strike_R","Strike_R"],"score":416,"play_id":"5597b5db-8e6e-41ed-9ef0-33579ba91dc4","local_time":"20201221200253","is_ascension_mode":true,"campfire_choices":[{"floor":7,"key":"REST"},{"floor":12,"key":"REST"},{"data":"Inflame","floor":15,"key":"SMITH"}],"circlet_count":0,"master_deck":["AscendersBane","Strike_R","Strike_R","Strike_R","Defend_R","Defend_R","Defend_R","Defend_R","Bash","Searing Blow","Twin Strike","Infernal Blade","Hemokinesis","Barricade","Clothesline","Twin Strike","Sword Boomerang","Pommel Strike","True Grit","Blood for Blood","Inflame+1","Cleave","Feed","Feel No Pain+1"],"relics":["Burning Blood","Orrery","Vajra","Bag of Marbles","Anchor","Lizard Tail","Tiny Chest","SlaversCollar"],"acts_visited":["Exordium","TheCity"],"potions_floor_usage":[8,16],"damage_taken":[{"damage":15,"enemies":"Small Slimes","floor":1,"turns":4},{"damage":23,"enemies":"Jaw Worm","floor":2,"turns":6},{"damage":44,"enemies":"3 Sentries","floor":6,"turns":8},{"damage":0,"enemies":"Gremlin Nob","floor":8,"turns":2},{"damage":31,"enemies":"3 Sentries","floor":10,"turns":6},{"damage":2,"enemies":"Cultist","floor":11,"turns":1},{"damage":40,"enemies":"Slime Boss","floor":16,"turns":8},{"damage":13,"enemies":"Chosen","floor":18,"turns":5},{"damage":41,"enemies":"3 Byrds","floor":19,"turns":5}],"seed_played":"-8411982042349970793","potions_obtained":[{"floor":1,"key":"Ancient Potion"},{"floor":8,"key":"BloodPotion"}],"is_trial":false,"path_per_floor":["M","M","$","?","?","E","R","E","T","E","M","R","T","$","R","B",null,"M","M"],"character_chosen":"IRONCLAD","items_purchased":["Orrery","AttackPotion","Sword Boomerang","Cleave"],"campfire_rested":2,"item_purchase_floors":[3,3,3,14],"current_hp_per_floor":[59,42,42,42,64,26,46,52,52,27,31,51,51,51,51,30,59,52,14,14],"gold":145,"neow_bonus":"TWO_FIFTY_GOLD","is_daily":false,"chose_seed":false,"campfire_upgraded":1,"win_rate":0.0,"timestamp":1608543173,"path_taken":["M","M","$","?","?","E","R","E","T","E","M","R","?","$","R","BOSS","M","M"],"items_purchased_type":["Relic","Potion","Card","Card"],"build_version":"2020-12-13","purchased_purges":2,"victory":false,"max_hp_per_floor":[68,68,68,68,68,68,68,68,68,68,68,68,68,68,68,68,68,68,71,71],"card_choices":[{"not_picked":["Havoc","Seeing Red"],"picked":"Searing Blow","floor":1},{"not_picked":["Perfected Strike","Clash"],"picked":"Twin Strike","floor":2},{"not_picked":["Intimidate","Clash"],"picked":"Infernal Blade","floor":3},{"not_picked":["Burning Pact","Brutality"],"picked":"Hemokinesis","floor":3},{"not_picked":["Anger","Hemokinesis"],"picked":"Barricade","floor":3},{"not_picked":["Body Slam","Clash"],"picked":"Clothesline","floor":3},{"not_picked":["Searing Blow","Sever Soul"],"picked":"Twin Strike","floor":3},{"not_picked":["Pummel","Reckless Charge"],"picked":"Pommel Strike","floor":6},{"not_picked":["Twin Strike","Armaments"],"picked":"True Grit","floor":8},{"not_picked":["Reckless Charge","Clash"],"picked":"Blood for Blood","floor":10},{"not_picked":["Shrug It Off","Uppercut"],"picked":"Inflame","floor":11},{"not_picked":["Offering","Limit Break"],"picked":"Feed","floor":16},{"not_picked":["Heavy Blade","Cleave"],"picked":"Feel No Pain+1","floor":18}],"player_experience":2045509,"relics_obtained":[{"floor":6,"key":"Vajra"},{"floor":8,"key":"Bag of Marbles"},{"floor":9,"key":"Anchor"},{"floor":10,"key":"Lizard Tail"},{"floor":13,"key":"Tiny Chest"}],"event_choices":[{"damage_healed":0,"gold_gain":0,"player_choice":"Ignored","damage_taken":0,"max_hp_gain":0,"max_hp_loss":0,"event_name":"Liars Game","floor":4,"gold_loss":0},{"damage_healed":22,"gold_gain":0,"player_choice":"Banana","damage_taken":0,"max_hp_gain":0,"max_hp_loss":0,"event_name":"Big Fish","floor":5,"gold_loss":0}],"is_beta":false,"boss_relics":[{"not_picked":["Runic Cube","Pandora\u0027s Box"],"picked":"SlaversCollar"}],"items_purged_floors":[3,14],"is_endless":false,"potions_floor_spawned":[1,8],"killed_by":"3 Byrds","ascension_level":20}}