{"host":"7tvb1em0d2fx72q7","time":1608565125,"event":{"mods":["BaseMod","Challenge The Spire","Minty Spire (QoL Compilation)","StSLib","everything is the same but u backflip on backflip"],"gold_per_floor":[118,131,145,66,86,86,116,116,141,141,169,169,180,73,73,73,73],"floor_reached":16,"playtime":1042,"items_purged":[],"score":220,"play_id":"45f8ae67-f3b0-4fa2-b613-4283b76c1cfb","local_time":"20201221103845","is_ascension_mode":true,"campfire_choices":[{"floor":6.0,"key":"REST"},{"data":"Whirlwind","floor":8.0,"key":"SMITH"},{"floor":15,"key":"REST"}],"circlet_count":0,"master_deck":["AscendersBane","Strike_R","Strike_R","Strike_R","Strike_R","Strike_R","Defend_R","Defend_R","Defend_R","Defend_R","Bash","CurseOfTheBell","Pommel Strike","Rampage+1","Headbutt","Clothesline","Whirlwind+1","True Grit+1","Metallicize","Combust","True Grit+1"],"relics":["Calling Bell","Juzu Bracelet","Mummified Hand","TungstenRod","Vajra","Pen Nib","MealTicket","Toxic Egg 2"],"acts_visited":["Exordium"],"potions_floor_usage":[],"damage_taken":[{"damage":19.0,"enemies":"Jaw Worm","floor":1.0,"turns":6.0},{"damage":5.0,"enemies":"Cultist","floor":2.0,"turns":3.0},{"damage":6.0,"enemies":"Small Slimes","floor":3.0,"turns":3.0},{"damage":0.0,"enemies":"2 Fungi Beasts","floor":5.0,"turns":2.0},{"damage":33.0,"enemies":"Lagavulin","floor":7.0,"turns":6.0},{"damage":13.0,"enemies":"3 Sentries","floor":11.0,"turns":3.0},{"damage":11.0,"enemies":"Exordium Thugs","floor":13.0,"turns":5.0},{"damage":40,"enemies":"Hexaghost","floor":16,"turns":12}],"seed_played":"-5452093655399315991","potions_obtained":[{"floor":3.0,"key":"Fire Potion"},{"floor":5.0,"key":"ElixirPotion"}],"is_trial":false,"path_per_floor":["M","M","M","?","M","R","E","R","T","?","E","?","M","$","R","B"],"character_chosen":"IRONCLAD","items_purchased":["Combust","True Grit+1"],"campfire_rested":2,"item_purchase_floors":[14,14],"current_hp_per_floor":[49,44,38,38,38,60,27,27,27,27,14,14,3,18,40,0,0],"gold":73,"neow_bonus":"BOSS_RELIC","is_daily":false,"chose_seed":false,"campfire_upgraded":1,"win_rate":0.0,"timestamp":1608565125,"path_taken":["M","M","M","?","M","R","E","R","T","?","E","?","M","$","R","BOSS"],"items_purchased_type":["Card","Card"],"build_version":"2020-12-13","purchased_purges":0,"victory":false,"max_hp_per_floor":[75,75,75,75,75,75,75,75,75,75,75,75,75,75,75,75,75],"card_choices":[{"not_picked":["Flame Barrier","Flex"],"picked":"Pommel Strike","floor":1.0},{"not_picked":["Shockwave","Havoc"],"picked":"Rampage","floor":2.0},{"not_picked":["Dropkick","Power Through"],"picked":"Headbutt","floor":3.0},{"not_picked":["Havoc","Corruption"],"picked":"Clothesline","floor":5.0},{"not_picked":["Havoc","Wild Strike"],"picked":"Whirlwind","floor":7.0},{"not_picked":["Double Tap+1","Rupture"],"picked":"True Grit+1","floor":11.0},{"not_picked":["Flex+1","Anger"],"picked":"Metallicize","floor":13.0}],"player_experience":1870176,"relics_obtained":[{"floor":0.0,"key":"Juzu Bracelet"},{"floor":0.0,"key":"Mummified Hand"},{"floor":0.0,"key":"TungstenRod"},{"floor":7.0,"key":"Pen Nib"},{"floor":9.0,"key":"MealTicket"},{"floor":11.0,"key":"Toxic Egg 2"}],"event_choices":[{"damage_healed":0.0,"max_hp_gain":0.0,"max_hp_loss":0.0,"gold_gain":0.0,"event_name":"WeMeetAgain","player_choice":"Paid Gold","floor":4.0,"gold_loss":79.0,"damage_taken":0.0,"relics_obtained":["Vajra"]},{"damage_healed":0.0,"max_hp_gain":0.0,"max_hp_loss":0.0,"gold_gain":0.0,"event_name":"Shining Light","player_choice":"Ignored","floor":10.0,"gold_loss":0.0,"damage_taken":0.0},{"damage_healed":0.0,"max_hp_gain":0.0,"max_hp_loss":0.0,"gold_gain":0.0,"event_name":"Living Wall","player_choice":"Grow","floor":12.0,"gold_loss":0.0,"damage_taken":0.0,"cards_upgraded":["Rampage"]}],"is_beta":false,"boss_relics":[],"items_purged_floors":[],"is_endless":false,"potions_floor_spawned":[3,5],"killed_by":"Hexaghost","ascension_level":20}}