{"host":"4id8injl4bo2b6ih","time":1608587108,"event":{"mods":["Act Like it!","BaseMod","Better Third Choice","Colored Map","Downfall","Friendly Minions","Highlight Path","Ironclad Rager","Minty Spire (QoL Compilation)","Robot Space Explorer","Shop Mod","Spicy Shops","StSLib","The Runesmith"],"gold_per_floor":[99,131,306,336,336,436,436,436,470,482,479,550,662,687,710,818,830,842,872,869,881,908,920,958,970,982,994,1018,1048,1077,1103,1115,1115],"floor_reached":32,"playtime":2460,"items_purged":[],"score":356,"play_id":"26427fd0-39e6-4df5-997b-1298d34b74b6","local_time":"20201221224508","is_ascension_mode":false,"campfire_choices":[{"data":"sneckomod:TailWhip","floor":1.0,"key":"SMITH"},{"data":"sneckomod:SoulExchange","floor":5.0,"key":"SMITH"},{"data":"sneckomod:UnknownStrength","floor":8.0,"key":"SMITH"},{"data":"sneckomod:SnekBite","floor":10.0,"key":"SMITH"},{"data":"sneckomod:UnknownColorless","floor":18.0,"key":"SMITH"},{"data":"sneckomod:Unknown3Cost","floor":21.0,"key":"SMITH"},{"data":"sneckomod:UnknownDexterity","floor":23.0,"key":"SMITH"},{"data":"sneckomod:Nope","floor":25.0,"key":"SMITH"}],"circlet_count":0,"master_deck":["sneckomod:TailWhip+1","sneckomod:SnekBite+1","sneckomod:Unknown+1","sneckomod:SoulExchange+1","sneckomod:UnknownStrength+1","sneckomod:QuickMove+1","sneckomod:UnknownUncommonPower+1","sneckomod:UnknownClassRUNESMITH_BEIGE+1","sneckomod:UnknownClassBLUE","sneckomod:UnknownClassRED+1","sneckomod:MorePower+1","sneckomod:Unknown3Cost+1","sneckomod:UnknownClassGUARDIAN+1","sneckomod:Nope+1","sneckomod:SlitherStrike","sneckomod:UnknownColorless+1","sneckomod:QuickBite","sneckomod:UnknownClassPURPLE","sneckomod:UnknownDexterity+1","sneckomod:UnknownClassTHE_CHAMP_GRAY+1","sneckomod:UnknownRareSkill+1","sneckomod:UnknownClassRUNESMITH_BEIGE+1","sneckomod:CheapStock+1","RitualDagger+1","sneckomod:UnknownRareAttack+1","sneckomod:SnakeSap","sneckomod:UnknownRareSkill+1","sneckomod:UnknownExhaust+1","sneckomod:UnknownClassGREEN","sneckomod:UnknownStrength+1","sneckomod:Nope","sneckomod:UnknownRarePower+1","sneckomod:Unknown2Cost"],"relics":["sneckomod:SneckoSoul","downfall:HeartsMalice","Runesmith:Nanobots","Frozen Egg 2","Ancient Tea Set","MawBank","Eternal Feather","Pandora\u0027s Box","War Paint"],"acts_visited":["Exordium","TheCity"],"potions_floor_usage":[32],"damage_taken":[{"damage":0.0,"enemies":"Gremlin Nob","floor":2.0,"turns":1.0},{"damage":0.0,"enemies":"Lagavulin","floor":4.0,"turns":1.0},{"damage":0.0,"enemies":"downfall:Heads","floor":6.0,"turns":1.0},{"damage":28.0,"enemies":"3 Sentries","floor":9.0,"turns":7.0},{"damage":0.0,"enemies":"downfall:FleeingMerchant","floor":11.0,"turns":4.0},{"damage":28.0,"enemies":"Lagavulin Event","floor":12.0,"turns":4.0},{"damage":0.0,"enemies":"Jaw Worm","floor":14.0,"turns":1.0},{"damage":0.0,"enemies":"Small Slimes","floor":15.0,"turns":4.0},{"damage":18.0,"enemies":"downfall:Ironclad","floor":16.0,"turns":7.0},{"damage":35.0,"enemies":"3 Byrds","floor":19.0,"turns":6.0},{"damage":0.0,"enemies":"downfall:FleeingMerchant","floor":20.0,"turns":4.0},{"damage":15.0,"enemies":"Snecko","floor":22.0,"turns":4.0},{"damage":3.0,"enemies":"3 Cultists","floor":28.0,"turns":5.0},{"damage":44.0,"enemies":"Centurion and Healer","floor":29.0,"turns":10.0},{"damage":56.0,"enemies":"Shelled Parasite and Fungi","floor":30.0,"turns":6.0},{"damage":30,"enemies":"Snake Plant","floor":31,"turns":5},{"damage":15,"enemies":"Centurion and Healer","floor":32,"turns":4}],"seed_played":"165561057916255294","potions_obtained":[{"floor":12.0,"key":"EntropicBrew"},{"floor":14.0,"key":"Regen Potion"},{"floor":15.0,"key":"Weak Potion"},{"floor":22.0,"key":"CultistPotion"},{"floor":26.0,"key":"CultistPotion"}],"is_trial":false,"path_per_floor":["R","E","?","E","R","?","T","R","E","R","$","?","?","M","M","B",null,"R","M","$","R","M","R","T","R","?","?","M","M","M","M","M"],"character_chosen":"THE_SNECKO","items_purchased":[],"campfire_rested":0,"item_purchase_floors":[],"current_hp_per_floor":[90,90,90,90,90,91,91,91,64,64,65,38,38,39,39,32,99,99,66,67,79,65,77,77,89,89,81,79,38,38,10,0,0],"gold":1115,"neow_bonus":"THREE_ENEMY_KILL","is_daily":false,"chose_seed":false,"campfire_upgraded":8,"win_rate":0.0,"timestamp":1608587108,"path_taken":["R","E","?","E","R","?","T","R","E","R","$","?","?","?","M","BOSS","R","M","$","R","M","R","T","R","?","?","M","M","M","M","M"],"items_purchased_type":[],"build_version":"2020-12-13","purchased_purges":0,"victory":false,"max_hp_per_floor":[90,90,90,90,90,91,91,91,92,92,93,94,94,95,95,97,99,99,101,102,102,103,103,103,103,103,103,104,107,108,110,110,110],"card_choices":[{"not_picked":["sneckomod:DiceCrush","sneckomod:UnknownClassRED"],"picked":"sneckomod:SoulExchange","floor":2.0},{"not_picked":["sneckomod:UnknownStrike","sneckomod:SlitherStrike","sneckomod:IronFang"],"picked":"SKIP","floor":4.0},{"not_picked":["sneckomod:UnknownClassRUNESMITH_BEIGE","sneckomod:IronFang"],"picked":"sneckomod:UnknownStrength","floor":6.0},{"not_picked":["sneckomod:UnknownVulnerable","sneckomod:UnknownStrike"],"picked":"sneckomod:UnknownUncommonPower+1","floor":9.0},{"not_picked":["sneckomod:DiceBlock","sneckomod:SoulRoll"],"picked":"sneckomod:UnknownClassRUNESMITH_BEIGE","floor":11.0},{"not_picked":["sneckomod:DiceBoulder","sneckomod:DiceCrush"],"picked":"sneckomod:UnknownClassBLUE","floor":12.0},{"not_picked":["sneckomod:UnknownClassPURPLE","sneckomod:SoulDraw"],"picked":"sneckomod:UnknownClassRED","floor":14.0},{"not_picked":["sneckomod:Unknown1Cost","sneckomod:UnknownStrike"],"picked":"sneckomod:MorePower+1","floor":15.0},{"not_picked":["sneckomod:Cheat","sneckomod:UnknownRareAttack"],"picked":"sneckomod:Unknown3Cost","floor":16.0},{"not_picked":["sneckomod:UnknownEthereal+1","sneckomod:UnknownClassRED+1"],"picked":"sneckomod:UnknownClassGUARDIAN+1","floor":16.0},{"not_picked":["sneckomod:QuickBite","sneckomod:UnknownClassBLUE"],"picked":"sneckomod:UnknownDexterity","floor":19.0},{"not_picked":["sneckomod:UnknownClassPURPLE+1","sneckomod:Unknown2Cost+1"],"picked":"sneckomod:UnknownClassTHE_CHAMP_GRAY+1","floor":19.0},{"not_picked":["sneckomod:UnknownClassGREEN+1","sneckomod:UnknownClassROBOT_ORANGE_COLOR+1"],"picked":"sneckomod:UnknownRareSkill+1","floor":20.0},{"not_picked":["sneckomod:UnknownClassPURPLE","sneckomod:DiceBoulder","sneckomod:UnknownBlock"],"picked":"SKIP","floor":20.0},{"not_picked":["sneckomod:UnknownClassGUARDIAN+1","sneckomod:Unknown+1"],"picked":"sneckomod:UnknownClassRUNESMITH_BEIGE+1","floor":22.0},{"not_picked":["sneckomod:QuickBite","sneckomod:UnknownClassGREEN+1"],"picked":"sneckomod:CheapStock+1","floor":22.0},{"not_picked":["sneckomod:Unknown2Cost+1","sneckomod:UnknownClassRUNESMITH_BEIGE+1"],"picked":"sneckomod:UnknownRareAttack+1","floor":28.0},{"not_picked":["sneckomod:UnknownBlock","sneckomod:UnknownClassGUARDIAN"],"picked":"sneckomod:SnakeSap","floor":28.0},{"not_picked":["sneckomod:Unknown+1","sneckomod:UnknownClassTHE_CHAMP_GRAY+1"],"picked":"sneckomod:UnknownRareSkill+1","floor":29.0},{"not_picked":["sneckomod:UnknownClassROBOT_ORANGE_COLOR+1","sneckomod:UnknownCommonAttack+1"],"picked":"sneckomod:UnknownExhaust+1","floor":29.0},{"not_picked":["sneckomod:MixItUp","sneckomod:Unknown1Cost"],"picked":"sneckomod:UnknownClassGREEN","floor":29.0},{"not_picked":["sneckomod:UnknownClassGREEN+1","sneckomod:UnknownClassRED+1"],"picked":"sneckomod:UnknownStrength+1","floor":30.0},{"not_picked":["sneckomod:UnknownWeak","sneckomod:UnknownBlock"],"picked":"sneckomod:Nope","floor":30.0},{"not_picked":["sneckomod:UnknownClassRED+1","sneckomod:UnknownClassTHE_CHAMP_GRAY+1"],"picked":"sneckomod:UnknownRarePower+1","floor":31},{"not_picked":["sneckomod:Nope","sneckomod:DiceBoulder+1"],"picked":"sneckomod:Unknown2Cost","floor":31}],"player_experience":384917,"relics_obtained":[{"floor":2.0,"key":"Runesmith:Nanobots"},{"floor":4.0,"key":"Frozen Egg 2"},{"floor":7.0,"key":"Ancient Tea Set"},{"floor":9.0,"key":"MawBank"},{"floor":12.0,"key":"Eternal Feather"},{"floor":24.0,"key":"War Paint"}],"event_choices":[],"is_beta":false,"boss_relics":[{"not_picked":["Runic Dome","Velvet Choker"],"picked":"Pandora\u0027s Box"}],"items_purged_floors":[],"is_endless":false,"potions_floor_spawned":[12,14,15,16,22,31],"killed_by":"Centurion and Healer","ascension_level":0}}