{"host":"7tvb1em0d2fx72q7","time":1608568240,"event":{"mods":["BaseMod","Challenge The Spire","Minty Spire (QoL Compilation)","StSLib","everything is the same but u backflip on backflip"],"gold_per_floor":[110,125,145,163,163,190,190,222,222,222,169,195,207,224,224,297,297,314,529,579,145,162,162,162,162,162],"floor_reached":25,"playtime":1400,"items_purged":["Strike_B"],"score":442,"play_id":"895c9363-b2d9-422e-9524-70a2ef8dd7ee","local_time":"20201221113040","is_ascension_mode":true,"campfire_choices":[{"data":"Doom and Gloom","floor":7.0,"key":"SMITH"},{"floor":10.0,"key":"REST"},{"floor":15.0,"key":"REST"},{"floor":23,"key":"REST"}],"circlet_count":0,"master_deck":["AscendersBane","Strike_B","Strike_B","Strike_B","Defend_B","Defend_B","Defend_B","Defend_B","Zap","Dualcast","Leap","Redo","Steam","Darkness","Doom and Gloom+1","Chill","Cold Snap+1","Hyperbeam+1","Capacitor","Echo Form","Barrage+1","Static Discharge","Defragment"],"relics":["Cracked Core","PreservedInsect","Pear","Akabeko","Molten Egg 2","Matryoshka","Nuclear Battery","Old Coin","Torii"],"acts_visited":["Exordium","TheCity"],"potions_floor_usage":[25],"damage_taken":[{"damage":0.0,"enemies":"Small Slimes","floor":1.0,"turns":2.0},{"damage":2.0,"enemies":"Jaw Worm","floor":2.0,"turns":4.0},{"damage":2.0,"enemies":"2 Louse","floor":3.0,"turns":3.0},{"damage":7.0,"enemies":"Large Slime","floor":4.0,"turns":6.0},{"damage":21.0,"enemies":"3 Sentries","floor":6.0,"turns":6.0},{"damage":39.0,"enemies":"Gremlin Nob","floor":8.0,"turns":4.0},{"damage":12.0,"enemies":"Lagavulin","floor":12.0,"turns":4.0},{"damage":7.0,"enemies":"Red Slaver","floor":13.0,"turns":3.0},{"damage":0.0,"enemies":"Gremlin Gang","floor":14.0,"turns":1.0},{"damage":29.0,"enemies":"The Guardian","floor":16.0,"turns":11.0},{"damage":20.0,"enemies":"Shell Parasite","floor":18.0,"turns":3.0},{"damage":21,"enemies":"2 Thieves","floor":22,"turns":3},{"damage":67,"enemies":"Book of Stabbing","floor":25,"turns":4}],"seed_played":"54012972255629738","potions_obtained":[{"floor":2.0,"key":"BlessingOfTheForge"},{"floor":3.0,"key":"PotionOfCapacity"},{"floor":12.0,"key":"GamblersBrew"},{"floor":13.0,"key":"SpeedPotion"},{"floor":16.0,"key":"Regen Potion"}],"is_trial":false,"path_per_floor":["M","M","M","M","?","E","R","E","T","R","?","E","M","M","R","B",null,"M","?","?","$","M","R","?","E"],"character_chosen":"DEFECT","items_purchased":["Static Discharge","Torii"],"campfire_rested":3,"item_purchase_floors":[21,21],"current_hp_per_floor":[64,62,60,53,53,42,42,3,3,27,27,15,8,8,32,3,62,42,42,42,42,21,45,45,0,0],"gold":162,"neow_bonus":"RANDOM_COMMON_RELIC","is_daily":false,"chose_seed":false,"campfire_upgraded":1,"win_rate":0.0,"timestamp":1608568240,"path_taken":["M","M","M","M","?","E","R","E","T","R","?","E","M","M","R","BOSS","M","?","?","$","M","R","?","E"],"items_purchased_type":["Card","Relic"],"build_version":"2020-12-13","purchased_purges":1,"victory":false,"max_hp_per_floor":[71,71,71,71,71,81,81,81,81,81,81,81,81,81,81,81,81,81,81,81,81,81,81,81,81,81],"card_choices":[{"not_picked":["Hologram","Capacitor"],"picked":"Leap","floor":1.0},{"not_picked":["BootSequence","Streamline"],"picked":"Redo","floor":2.0},{"not_picked":["White Noise","Reinforced Body"],"picked":"Steam","floor":3.0},{"not_picked":["Gash","White Noise"],"picked":"Darkness","floor":4.0},{"not_picked":["Redo","Barrage"],"picked":"Doom and Gloom","floor":6.0},{"not_picked":["Ball Lightning","Scrape"],"picked":"Chill","floor":8.0},{"not_picked":["Skim","Chaos"],"picked":"Cold Snap+1","floor":12.0},{"not_picked":["Force Field","Ball Lightning+1"],"picked":"Hyperbeam+1","floor":13.0},{"not_picked":["Stack","Steam"],"picked":"Capacitor","floor":14.0},{"not_picked":["Machine Learning","All For One+1"],"picked":"Echo Form","floor":16.0},{"not_picked":["BootSequence","Redo"],"picked":"Barrage+1","floor":18.0},{"not_picked":["Skim","Cold Snap+1"],"picked":"Defragment","floor":22}],"player_experience":1872870,"relics_obtained":[{"floor":6.0,"key":"Pear"},{"floor":8.0,"key":"Akabeko"},{"floor":9.0,"key":"Molten Egg 2"},{"floor":12.0,"key":"Matryoshka"}],"event_choices":[{"damage_healed":0.0,"max_hp_gain":0.0,"max_hp_loss":0.0,"gold_gain":0.0,"event_name":"Liars Game","player_choice":"Ignored","floor":5.0,"gold_loss":0.0,"damage_taken":0.0},{"damage_healed":0.0,"max_hp_gain":0.0,"max_hp_loss":0.0,"gold_gain":0.0,"event_name":"World of Goop","player_choice":"Left Gold","floor":11.0,"gold_loss":53.0,"damage_taken":0.0},{"damage_healed":0.0,"max_hp_gain":0.0,"max_hp_loss":0.0,"gold_gain":0.0,"event_name":"Addict","player_choice":"Obtained Relic","floor":19.0,"gold_loss":85.0,"damage_taken":0.0,"relics_obtained":["Old Coin"]},{"damage_healed":0.0,"max_hp_gain":0.0,"max_hp_loss":0.0,"gold_gain":50.0,"event_name":"Nest","player_choice":"Stole From Cult","floor":20.0,"gold_loss":0.0,"damage_taken":0.0},{"damage_healed":0,"gold_gain":0,"player_choice":"Ignored","damage_taken":0,"max_hp_gain":0,"max_hp_loss":0,"event_name":"N\u0027loth","floor":24,"gold_loss":0}],"is_beta":false,"boss_relics":[{"not_picked":["Coffee Dripper","Runic Dome"],"picked":"Nuclear Battery"}],"items_purged_floors":[21],"is_endless":false,"potions_floor_spawned":[2,3,12,13,16],"killed_by":"Book of Stabbing","ascension_level":20}}