{"host":"solomon","time":1608526057,"event":{"mods":["Act Like it!","BaseMod","Library of Ruina","Library of Ruina Extra","Luminous","Minty Spire (QoL Compilation)","Robot Space Explorer","StSLib","The Dragon Tamer","【东方二次创作】八云紫mod"],"gold_per_floor":[120,120,120,130,140,174,187,217,217,142,142,152,177,77,77,176,176,195,120,166,166,81,111,210,210,236,267,280,306,318,350,350,446,446,462,37,0,0,49,78,94,122,145,161,191,191,203,214,214,214,214,214,214,64,93,93],"floor_reached":57,"playtime":2595,"items_purged":["LightAttack","LightAttack","Dodge","LightDefense+1"],"score":1988,"play_id":"31dab2a3-d136-4b3b-b850-d5a886847730","local_time":"20201221124737","is_ascension_mode":true,"campfire_choices":[{"data":"SomberProcuration","floor":15.0,"key":"SMITH"},{"data":"Commandeering","floor":25.0,"key":"SMITH"},{"floor":32.0,"key":"RECALL"},{"data":"FierceCharge","floor":49,"key":"SMITH"},{"data":"UnavoidableGaze","floor":53,"key":"SMITH"}],"circlet_count":0,"master_deck":["ChargeAndCover+1","FocusedStrikes+1","FrontalAssault+1","OpportunitySpotted+1","FlamingDragonFist+1","Eject+1","SomberProcuration+1","Commandeering+1","Suppress+1","TendonChords+1","GuidanceOfTheGears","PreemptiveStrike+1","Unlock1+1","CleanUp+1","ForcefulGesture+1","DesperateStruggle+1","UnavoidableGaze+1","FierceCharge+1"],"relics":["PageOfLibrarian","NeowsBlessing","PageOfMercenary","Molten Egg 2","PageOfPorccubus","War Paint","Toy Ornithopter","SlaversCollar","Blood Vial","Ancient Tea Set","PageOfAlriune","PageOfSingingMachine","Whetstone","Torii","PageOfSpiderBud","Philosopher\u0027s Stone","Lizard Tail","Red Mask","InkBottle","Lantern","PageOfSnowWhitesApple","PageOfTodaysShyLook","PageOfGreed","PageOfTheQueenOfHatred","PageOfTheKnightOfDespair"],"acts_visited":["Exordium","TheCity","TheBeyond","TheEnding"],"potions_floor_usage":[56],"damage_taken":[{"damage":0.0,"enemies":"Jaw Worm","floor":1.0,"turns":1.0},{"damage":0.0,"enemies":"2 Louse","floor":4.0,"turns":1.0},{"damage":0.0,"enemies":"Cultist","floor":5.0,"turns":1.0},{"damage":27.0,"enemies":"Lagavulin","floor":6.0,"turns":7.0},{"damage":0.0,"enemies":"Blue Slaver","floor":7.0,"turns":3.0},{"damage":0.0,"enemies":"Gremlin Nob","floor":8.0,"turns":3.0},{"damage":0.0,"enemies":"Exordium Wildlife","floor":12.0,"turns":2.0},{"damage":3.0,"enemies":"3 Sentries","floor":13.0,"turns":4.0},{"damage":4.0,"enemies":"The Guardian","floor":16.0,"turns":3.0},{"damage":0.0,"enemies":"Chosen","floor":18.0,"turns":2.0},{"damage":0.0,"enemies":"Gremlin Leader","floor":23.0,"turns":3.0},{"damage":0.0,"enemies":"Slavers","floor":27.0,"turns":2.0},{"damage":0.0,"enemies":"Spheric Guardian","floor":28.0,"turns":3.0},{"damage":0.0,"enemies":"Book of Stabbing","floor":29.0,"turns":4.0},{"damage":0.0,"enemies":"Cultist and Chosen","floor":30.0,"turns":4.0},{"damage":0.0,"enemies":"Slavers","floor":31.0,"turns":2.0},{"damage":0.0,"enemies":"KingOfGreed","floor":33.0,"turns":7.0},{"damage":1.0,"enemies":"3 Darklings","floor":35.0,"turns":3.0},{"damage":1.0,"enemies":"2 Orb Walkers","floor":39.0,"turns":2.0},{"damage":0,"enemies":"Nemesis","floor":40,"turns":3},{"damage":1,"enemies":"3 Shapes","floor":41,"turns":2},{"damage":5,"enemies":"Reptomancer","floor":42,"turns":2},{"damage":0,"enemies":"Jaw Worm Horde","floor":44,"turns":3},{"damage":5,"enemies":"Nemesis","floor":45,"turns":3},{"damage":5,"enemies":"Maw","floor":47,"turns":2},{"damage":8,"enemies":"Spire Growth","floor":48,"turns":2},{"damage":13,"enemies":"Time Eater","floor":50,"turns":3},{"damage":13,"enemies":"Time Eater","floor":51,"turns":3},{"damage":13,"enemies":"Shield and Spear","floor":55,"turns":3},{"damage":27,"enemies":"The Heart","floor":56,"turns":5}],"seed_played":"467071908936533110","potions_obtained":[{"floor":1.0,"key":"SkillPotion"},{"floor":4.0,"key":"SpeedPotion"},{"floor":7.0,"key":"Dexterity Potion"},{"floor":12.0,"key":"Fire Potion"},{"floor":27.0,"key":"Dexterity Potion"},{"floor":33.0,"key":"Swift Potion"},{"floor":39,"key":"DuplicationPotion"}],"is_trial":false,"path_per_floor":["M","?","?","M","M","E","M","E","T","$","?","M","E","$","R","B",null,"M","?","T","?","?","E","?","R","T","E","M","E","M","E","R","B",null,"M","$","?","T","?","E","M","E","T","M","E","T","M","M","R","B",null,null,"R","$","E","B",null],"character_chosen":"Librarian","items_purchased":["Lizard Tail"],"campfire_rested":0,"item_purchase_floors":[36],"current_hp_per_floor":[60,35,35,35,35,26,34,34,34,34,29,29,28,28,28,26,82,82,82,82,82,82,82,82,82,82,82,82,82,82,82,82,82,82,82,82,82,82,82,82,81,79,79,79,77,77,74,72,72,70,66,79,79,79,68,57],"gold":93,"neow_bonus":"THREE_ENEMY_KILL","is_daily":false,"chose_seed":false,"campfire_upgraded":4,"win_rate":0.0,"timestamp":1608526057,"path_taken":["M","?","?","M","?","E","M","E","T","$","?","M","E","$","R","BOSS","M","?","?","?","?","E","?","R","T","E","M","E","M","E","R","BOSS","M","$","?","?","?","E","M","E","T","M","E","?","M","M","R","BOSS","R","$","E","BOSS"],"items_purchased_type":["Relic"],"build_version":"2020-12-18","purchased_purges":4,"victory":true,"max_hp_per_floor":[65,65,65,68,76,76,82,82,82,82,82,82,82,82,82,82,82,82,82,82,82,82,82,82,82,82,82,82,82,82,82,82,82,82,82,82,82,82,82,82,82,79,79,79,79,79,79,79,79,79,79,79,79,79,79,79],"card_choices":[{"not_picked":["FrontalAssault","SteelKnuckles","Guardian_lor","Standoff","ButterflySlash","FleetEdge","NightInTheBackstreets","TimeForALittleTest","Thrust"],"picked":"SKIP","floor":1.0},{"not_picked":["SinglePointStab+1","Unlock1+1","WaitUp","ToOvercomeCrisis","TendonChords+1","Standoff+1","Gigigig+1","Rewind"],"picked":"FrontalAssault","floor":4.0},{"not_picked":["DriedUp","GuidanceOfTheGears","PreemptiveStrike+1","HandleRequest+1","Retaliate+1","SpearedSweep+1","SharpSwipe+1","UnavoidableGaze"],"picked":"OpportunitySpotted+1","floor":5.0},{"not_picked":["ReadyUp","Wallop_lor+1","SkyClearingCut+1","ScratchThat+1","SpearedSweep+1","Diversion+1","FierceCharge","GuardingStance"],"picked":"FlamingDragonFist+1","floor":6.0},{"not_picked":["Thrust+1","TendonChords+1","FieryWaltz+1","InnerArdor","HighKick+1","FlyingSword+1","FleetEdge+1","FendThisOffIfYouCan+1"],"picked":"Eject+1","floor":7.0},{"not_picked":["Faith","Reload","EnergyShield","AsThePrescriptOrders","ViolentFlame","DarkCloud","StructuralAnalysis","WrathOfTorment+1"],"picked":"SomberProcuration","floor":8.0},{"not_picked":["RulesOfTheBackstreets+1","Diversion+1","AGoldenOpportunity","Rewind","FleetEdge+1","FormingStorm+1","WillOfThePrescript","SpearedSweep+1","Leap_lor+1"],"picked":"SKIP","floor":12.0},{"not_picked":["DimensionalRift+1","Preparation","SpearedSweep+1","NightInTheBackstreets+1","Thrust+1","FleetFootsteps","ClassAndRespect+1","Eject+1"],"picked":"Commandeering","floor":13.0},{"not_picked":["TrashDisposal+1","Cruelty+1"],"picked":"Suppress+1","floor":16.0},{"not_picked":["SummaryJudgment+1","SharpSwipe+1","SearingSword+1","Multislash+1","Leap_lor+1","ElectricShock+1","MultiHit+1","EndlessBattle+1"],"picked":"TendonChords+1","floor":18.0},{"not_picked":["Thrust+1","Standoff+1","Reload","PreparedMind+1","InnerArdor+1","TendonChords+1","DriedUp","BindingArms+1","ChargeUp"],"picked":"SKIP","floor":23.0},{"not_picked":["EndlessBattle+1","UpbeatPerformance+1","SinglePointStab+1","QuickAttack+1","HighSpeedStabbing+1","Leap_lor+1","Diversion+1","BindingArms+1","GutHarvesting+1"],"picked":"SKIP","floor":27.0},{"not_picked":["BackAttack","Leap_lor+1","Faith","Diversion+1","TendonChords+1","DarkCloud+1","TheArtOfRapidSteps+1","CumulusWall","GatherIntel"],"picked":"SKIP","floor":28.0},{"not_picked":["Collision+1","ViolentFlame+1","ClassAndRespect+1","SuppressingShot+1","ScratchThat+1","Preparation","WillOfThePrescript","BizarreAttack+1","Leap_lor+1"],"picked":"SKIP","floor":29.0},{"not_picked":["PreparedMind","SuppressingShot+1","ViolentFlame","InkOver+1","SinglePointStab+1","SweepTheBackstreets+1","MultiBlock","SearingSword+1","SteelKnuckles+1"],"picked":"SKIP","floor":30.0},{"not_picked":["ViolentFlame","MultiHit+1","Transpierce+1","Rewind","Quickness","ElectricShock+1","ChopItOff+1","HighKick+1","FendThisOffIfYouCan+1"],"picked":"SKIP","floor":31.0},{"not_picked":["YourShield","IngredientHunt+1","Thrust+1","HandleRequest+1","Mutilate+1","Leap_lor+1","StrongStrike+1","FlashingStrike+1"],"picked":"Unlock1+1","floor":35.0},{"not_picked":["DesperateStruggle+1","YourShield","BackAttack+1","SharpSwipe+1","Multislash+1","SpearedSweep+1","Thrust+1","EndlessBattle+1"],"picked":"CleanUp+1","floor":39},{"not_picked":["Faith+1","SuppressingShot+1","Wallop_lor+1","HiddenBlade+1","NightInTheBackstreets+1","MultiBlock","GuardingStance","StrongStrike+1"],"picked":"ForcefulGesture+1","floor":40},{"not_picked":["Diversion+1","EnergyBeam+1","HighSpeedStabbing+1","Mutilate+1","UnavoidableGaze","GuardingStance+1","HiddenBlade+1","Quickness"],"picked":"DesperateStruggle+1","floor":41},{"not_picked":["Gamble+1","Eject+1","Guardian_lor","HandleRequest+1","Observe","Feast+1","WrathOfTorment+1","Reload+1"],"picked":"UnavoidableGaze","floor":42},{"not_picked":["Decapitation+1","SpearedSweep+1","HiddenBlade+1","TimeForALittleTest+1","DefenseOrder","NightInTheBackstreets+1","DimensionalRift+1","BindingArms+1","ClassAndRespect+1"],"picked":"SKIP","floor":44},{"not_picked":["Preparation+1","MultiHit+1","PreemptiveStrike+1","GuardingStance+1","Rewind","StrongStrike+1","Diversion+1","Slice_lor+1","NightInTheBackstreets+1"],"picked":"SKIP","floor":45},{"not_picked":["Faith+1","SharpSwipe+1","FlyingSword+1","HandleRequest+1","BurningFlash+1","Crush+1","Parry+1","SilentNight+1","EndlessBattle+1"],"picked":"SKIP","floor":47},{"not_picked":["PreemptiveStrike+1","UnavoidableGaze","BackAttack","Castigation+1","EnergyCycle+1","EnergyShield","ButterflySlash+1","CumulusWall"],"picked":"FierceCharge","floor":48},{"not_picked":["SturdyDefense","Standoff+1","PreemptiveStrike+1","SinglePointStab+1","MultiHit+1","PreparedMind","WaitUp","Castigation+1","HiddenBlade+1"],"picked":"SKIP","floor":55}],"player_experience":413619,"relics_obtained":[{"floor":6.0,"key":"PageOfPorccubus"},{"floor":8.0,"key":"War Paint"},{"floor":13.0,"key":"Toy Ornithopter"},{"floor":20.0,"key":"Blood Vial"},{"floor":23.0,"key":"PageOfAlriune"},{"floor":26.0,"key":"PageOfSingingMachine"},{"floor":27.0,"key":"Whetstone"},{"floor":29.0,"key":"Torii"},{"floor":31.0,"key":"PageOfSpiderBud"},{"floor":38.0,"key":"InkBottle"},{"floor":40,"key":"Lantern"},{"floor":42,"key":"PageOfSnowWhitesApple"},{"floor":43,"key":"PageOfTodaysShyLook"},{"floor":45,"key":"PageOfGreed"},{"floor":46,"key":"PageOfTheQueenOfHatred"},{"floor":55,"key":"PageOfTheKnightOfDespair"}],"event_choices":[{"damage_healed":0.0,"max_hp_gain":0.0,"max_hp_loss":0.0,"gold_gain":0.0,"event_name":"Scrap Ooze","player_choice":"Success","floor":2.0,"gold_loss":0.0,"damage_taken":25.0,"relics_obtained":["PageOfMercenary"]},{"damage_healed":0.0,"max_hp_gain":0.0,"max_hp_loss":0.0,"gold_gain":0.0,"event_name":"WeMeetAgain","player_choice":"Gave Potion","floor":3.0,"gold_loss":0.0,"damage_taken":0.0,"relics_obtained":["Molten Egg 2"]},{"cards_removed":["LightDefense"],"damage_healed":0.0,"max_hp_gain":0.0,"max_hp_loss":0.0,"gold_gain":0.0,"event_name":"Golden Wing","player_choice":"Card Removal","floor":11.0,"gold_loss":0.0,"damage_taken":7.0},{"cards_removed":["LightAttack"],"damage_healed":0.0,"max_hp_gain":0.0,"max_hp_loss":0.0,"gold_gain":0.0,"event_name":"Beggar","player_choice":"Gave Gold","floor":19.0,"gold_loss":75.0,"damage_taken":0.0},{"damage_healed":0.0,"max_hp_gain":0.0,"max_hp_loss":0.0,"gold_gain":0.0,"cards_transformed":["LightDefense","LightDefense"],"event_name":"Drug Dealer","player_choice":"Became Test Subject","floor":21.0,"gold_loss":0.0,"damage_taken":0.0,"cards_obtained":["GuidanceOfTheGears","PreemptiveStrike"]},{"damage_healed":0.0,"max_hp_gain":0.0,"max_hp_loss":0.0,"gold_gain":0.0,"event_name":"Addict","player_choice":"Obtained Relic","floor":22.0,"gold_loss":85.0,"damage_taken":0.0,"relics_obtained":["Ancient Tea Set"]},{"damage_healed":0.0,"max_hp_gain":0.0,"max_hp_loss":0.0,"gold_gain":99.0,"event_name":"Nest","player_choice":"Stole From Cult","floor":24.0,"gold_loss":0.0,"damage_taken":0.0},{"damage_healed":0.0,"max_hp_gain":0.0,"max_hp_loss":0.0,"gold_gain":0.0,"event_name":"Tomb of Lord Red Mask","player_choice":"Paid","floor":37.0,"gold_loss":37.0,"damage_taken":0.0,"relics_obtained":["Red Mask"]},{"damage_healed":0.0,"max_hp_gain":0.0,"max_hp_loss":0.0,"gold_gain":0.0,"event_name":"Mysterious Sphere","player_choice":"Fight","floor":39.0,"gold_loss":0.0,"damage_taken":0.0}],"is_beta":true,"boss_relics":[{"not_picked":["Runic Pyramid","Pandora\u0027s Box"],"picked":"SlaversCollar"},{"not_picked":["SacredBark","PageOfBlackSwan"],"picked":"Philosopher\u0027s Stone"}],"items_purged_floors":[10,14,36,54],"is_endless":false,"potions_floor_spawned":[1,4,7,12,27,31,33,39,45,47,48],"ascension_level":4}}