{"host":"3olzf542l24t7rz7","time":1608539031,"event":{"mods":["Aspiration","BaseMod","BetterRewards","Colored Map","Colored Powertips","Conspire","Halation","Hubris","Infinite Spire","Luminous","Minty Spire (QoL Compilation)","Replay The Spire","Shop Mod","StSLib","The Blue Laboratory","The Runesmith","TheSwordswoman","Waifu the Spire","WarShipGirlsR/????R mod","vexMod"],"gold_per_floor":[117,117,117,128,53,53,87,101,101,101,101,101,101,119,132,159,159,159,159],"floor_reached":18,"playtime":796,"items_purged":["Defend_R"],"score":138,"play_id":"21f13bea-270e-46f3-a058-5257e65e92f4","local_time":"20201221032351","is_ascension_mode":true,"campfire_choices":[{"data":"Intimidate","floor":6,"key":"SMITH"},{"floor":10,"key":"REST"},{"data":"ReplayTheSpireMod:Corrosion Curse","floor":13,"key":"SMITH"},{"floor":17,"key":"REST"}],"circlet_count":0,"master_deck":["Strike_R","Strike_R","Strike_R+1","Strike_R","Strike_R","Defend_R+1","Defend_R","Defend_R","Bash","Intimidate+1","conspire:ExplosiveBarrier","Seeing Red","ReplayTheSpireMod:Corrosion Curse+1","Thunderclap","Rage","Infernal Blade","Spot Weakness"],"relics":["Burning Blood","Runesmith:Nanobots","conspire:Dentures","MealTicket"],"acts_visited":["Exordium"],"potions_floor_usage":[7,16,18],"damage_taken":[{"damage":9,"enemies":"conspire:RoseBush","floor":1,"turns":3},{"damage":1,"enemies":"Small Slimes","floor":4,"turns":3},{"damage":32,"enemies":"3 Sentries","floor":7,"turns":6},{"damage":0,"enemies":"Jaw Worm","floor":8,"turns":4},{"damage":13,"enemies":"Gremlin Gang","floor":14,"turns":4},{"damage":5,"enemies":"Blue Slaver","floor":15,"turns":2},{"damage":16,"enemies":"Replay:BlueRogue","floor":16,"turns":5},{"damage":86,"enemies":"Hexaghost","floor":18,"turns":14}],"seed_played":"3016873018225915178","potions_obtained":[{"floor":1,"key":"Death Potion"},{"floor":4,"key":"blueLaboratory:AbyssPotion"},{"floor":8,"key":"blueLaboratory:FrostheartPotion"},{"floor":16,"key":"Languid Potion"}],"is_trial":false,"path_per_floor":["M","?","?","M","$","R","E","M","T","R","PTL","PTL","R","M","M","E","R","B"],"character_chosen":"IRONCLAD","items_purchased":[],"campfire_rested":2,"item_purchase_floors":[],"current_hp_per_floor":[77,61,69,74,74,74,48,54,54,78,78,78,78,71,72,62,80,0,0],"gold":159,"neow_bonus":"THREE_CARDS","is_daily":false,"chose_seed":false,"campfire_upgraded":2,"win_rate":0.0,"timestamp":1608539031,"path_taken":["M","?","?","M","$","R","E","M","T","R","PTL","PTL","R","M","?","E","R","BOSS"],"items_purchased_type":[],"build_version":"2020-12-13","purchased_purges":1,"victory":false,"max_hp_per_floor":[80,80,80,80,80,80,80,80,80,80,80,80,80,80,80,80,80,80,80],"card_choices":[{"not_picked":["Warcry","Feel No Pain"],"picked":"Intimidate","floor":0},{"not_picked":["Anger","Massacre"],"picked":"conspire:ExplosiveBarrier","floor":1},{"not_picked":["Fire Breathing","Anger"],"picked":"Seeing Red","floor":4},{"not_picked":["Wild Strike","Iron Wave"],"picked":"ReplayTheSpireMod:Corrosion Curse","floor":7},{"not_picked":["Abandon","Headbutt"],"picked":"Thunderclap","floor":8},{"not_picked":["Hemogenesis","Shrug It Off"],"picked":"Rage","floor":14},{"not_picked":["Sword Boomerang","Clothesline"],"picked":"Infernal Blade","floor":15},{"not_picked":["Cleave","Anger"],"picked":"Spot Weakness","floor":16}],"player_experience":381335,"relics_obtained":[{"floor":7,"key":"Runesmith:Nanobots"},{"floor":9,"key":"conspire:Dentures"},{"floor":16,"key":"MealTicket"}],"event_choices":[{"damage_healed":0,"gold_gain":0,"player_choice":"Entered Light","damage_taken":16,"max_hp_gain":0,"max_hp_loss":0,"event_name":"Shining Light","floor":2,"gold_loss":0,"cards_upgraded":["Strike_R","Defend_R"]}],"is_beta":false,"boss_relics":[],"items_purged_floors":[5],"is_endless":false,"potions_floor_spawned":[1,4,8,16],"killed_by":"Hexaghost","ascension_level":3}}