{"host":"1c52r9kaxdyo25eq","time":1608550856,"event":{"mods":["AchievementEnabler","BaseMod","Minty Spire (QoL Compilation)","Rare Cards Sparkle","SuperFastMode","everything is the same but u backflip on backflip"],"gold_per_floor":[114,128,175,175,194,194,206,206,206],"floor_reached":8,"playtime":232,"items_purged":[],"score":96,"play_id":"effb2f42-7aa2-42c9-a822-8f86ee393c4e","local_time":"20201221204056","is_ascension_mode":true,"campfire_choices":[{"data":"Masterful Stab","floor":6,"key":"SMITH"}],"circlet_count":0,"master_deck":["AscendersBane","Strike_G","Strike_G","Strike_G","Strike_G","Strike_G","Defend_G","Defend_G","Defend_G","Defend_G","Survivor","Neutralize","Acrobatics","Backflip","Accuracy","Masterful Stab+1","Tactician"],"relics":["Ring of the Snake","Ice Cream","Bag of Marbles"],"acts_visited":["Exordium"],"potions_floor_usage":[7,8],"damage_taken":[{"damage":0,"enemies":"Cultist","floor":1,"turns":4},{"damage":3,"enemies":"Small Slimes","floor":2,"turns":4},{"damage":11,"enemies":"Jaw Worm","floor":5,"turns":7},{"damage":10,"enemies":"Gremlin Gang","floor":7,"turns":6},{"damage":15,"enemies":"Lagavulin","floor":8,"turns":7}],"seed_played":"7653005510710068229","potions_obtained":[{"floor":1,"key":"Poison Potion"},{"floor":2,"key":"ColorlessPotion"}],"is_trial":false,"path_per_floor":["M","M","T","?","M","R","M","E"],"character_chosen":"THE_SILENT","items_purchased":[],"campfire_rested":0,"item_purchase_floors":[],"current_hp_per_floor":[44,41,41,41,30,30,20,5,5],"gold":206,"neow_bonus":"ONE_RARE_RELIC","is_daily":false,"chose_seed":false,"campfire_upgraded":1,"win_rate":0.0,"timestamp":1608550856,"path_taken":["M","M","?","?","?","R","?","E"],"items_purchased_type":[],"build_version":"2020-12-13","purchased_purges":0,"victory":false,"max_hp_per_floor":[66,66,66,66,66,66,66,66,66],"card_choices":[{"not_picked":["Expertise","PiercingWail"],"picked":"Acrobatics","floor":1},{"not_picked":["Underhanded Strike","Bane"],"picked":"Backflip","floor":2},{"not_picked":["Sucker Punch","Underhanded Strike"],"picked":"Masterful Stab","floor":5},{"not_picked":["Accuracy","Flying Knee"],"picked":"Tactician","floor":7}],"player_experience":502426,"relics_obtained":[{"floor":3,"key":"Bag of Marbles"}],"event_choices":[{"damage_healed":0,"gold_gain":0,"cards_transformed":["Defend_G"],"player_choice":"Transformed","damage_taken":0,"max_hp_gain":0,"max_hp_loss":0,"event_name":"Transmorgrifier","floor":4,"gold_loss":0,"cards_obtained":["Accuracy"]}],"is_beta":false,"boss_relics":[],"items_purged_floors":[],"is_endless":false,"potions_floor_spawned":[1,2],"killed_by":"Lagavulin","ascension_level":20}}