{"host":"8l1xuphorofpdxlv","time":1608560348,"event":{"mods":["AchievementEnabler","BaseMod","DeckTracker","Minty Spire (QoL Compilation)","Quick Restart","SuperFastMode"],"gold_per_floor":[114,134,134,134,154,181,181,199,226,245,245,257,287,304,304,408,408,422,432,447,481,481,481,496,509,509,434,210,225,225,241,241,241,241],"floor_reached":33,"playtime":1485,"items_purged":["Strike_G"],"score":346,"play_id":"7ecfb288-9d85-45ee-83e6-621b54a08fc1","local_time":"20201221231908","is_ascension_mode":true,"campfire_choices":[{"data":"Poisoned Stab","floor":7,"key":"SMITH"},{"floor":15,"key":"REST"},{"data":"Footwork","floor":23,"key":"SMITH"},{"floor":32,"key":"REST"}],"circlet_count":0,"master_deck":["Strike_G","Defend_G","Defend_G","Defend_G","Defend_G","Defend_G","Survivor","Neutralize","Escape Plan","Backflip","Poisoned Stab+1","Quick Slash","Blur","Bane","After Image","Dagger Spray","Tools of the Trade","Footwork+1","Adrenaline","Blade Dance","Accuracy","Dodge and Roll","Terror","Calculated Gamble","Decay"],"relics":["Ring of the Snake","NeowsBlessing","Nunchaku","PreservedInsect","Toy Ornithopter","Red Mask","Ancient Tea Set","Paper Crane","Oddly Smooth Stone"],"acts_visited":["Exordium","TheCity"],"potions_floor_usage":[6,10,21,21,31,33,33],"damage_taken":[{"damage":0,"enemies":"Jaw Worm","floor":1,"turns":1},{"damage":0,"enemies":"Small Slimes","floor":2,"turns":1},{"damage":0,"enemies":"Cultist","floor":5,"turns":1},{"damage":42,"enemies":"3 Sentries","floor":6,"turns":12},{"damage":8,"enemies":"Large Slime","floor":8,"turns":8},{"damage":6,"enemies":"Gremlin Gang","floor":10,"turns":5},{"damage":0,"enemies":"Looter","floor":12,"turns":3},{"damage":0,"enemies":"Gremlin Nob","floor":13,"turns":3},{"damage":6,"enemies":"3 Louse","floor":14,"turns":2},{"damage":1,"enemies":"The Guardian","floor":16,"turns":13},{"damage":4,"enemies":"Shell Parasite","floor":18,"turns":9},{"damage":9,"enemies":"Chosen","floor":19,"turns":7},{"damage":0,"enemies":"Centurion and Healer","floor":20,"turns":9},{"damage":14,"enemies":"Masked Bandits","floor":21,"turns":7},{"damage":29,"enemies":"3 Cultists","floor":24,"turns":8},{"damage":9,"enemies":"Cultist and Chosen","floor":25,"turns":7},{"damage":6,"enemies":"Snake Plant","floor":29,"turns":5},{"damage":0,"enemies":"3 Cultists","floor":31,"turns":7},{"damage":104,"enemies":"Champ","floor":33,"turns":18}],"seed_played":"-6490457466518867546","potions_obtained":[{"floor":1,"key":"LiquidBronze"},{"floor":2,"key":"SkillPotion"},{"floor":6,"key":"Energy Potion"},{"floor":12,"key":"LiquidBronze"},{"floor":16,"key":"CunningPotion"},{"floor":20,"key":"SteroidPotion"},{"floor":21,"key":"Ancient Potion"},{"floor":25,"key":"FairyPotion"},{"floor":29,"key":"Energy Potion"},{"floor":31,"key":"Dexterity Potion"}],"is_trial":false,"path_per_floor":["M","M","?","?","M","E","R","M","T","M","?","M","E","M","R","B",null,"M","M","M","?","?","R","M","M","T","?","$","M","?","M","R","B"],"character_chosen":"THE_SILENT","items_purchased":["Oddly Smooth Stone"],"campfire_rested":2,"item_purchase_floors":[28],"current_hp_per_floor":[70,70,75,75,75,33,33,25,25,19,19,19,19,13,35,34,75,71,62,62,58,58,58,29,20,20,20,20,14,14,19,41,0,0],"gold":241,"neow_bonus":"THREE_ENEMY_KILL","is_daily":false,"chose_seed":false,"campfire_upgraded":2,"win_rate":0.0,"timestamp":1608560348,"path_taken":["M","M","?","?","?","E","R","M","T","M","?","M","E","M","R","BOSS","M","?","M","?","?","R","M","M","T","?","$","M","?","M","R","BOSS"],"items_purchased_type":["Relic"],"build_version":"2020-12-13","purchased_purges":1,"victory":false,"max_hp_per_floor":[70,70,75,75,75,75,75,75,75,75,75,75,75,75,75,75,75,75,75,75,75,75,75,75,75,75,75,75,75,75,75,75,75,75],"card_choices":[{"not_picked":["Riddle With Holes","Flying Knee"],"picked":"Escape Plan","floor":1},{"not_picked":["Choke","Masterful Stab"],"picked":"Backflip","floor":2},{"not_picked":["Dagger Throw","Backflip"],"picked":"Poisoned Stab","floor":5},{"not_picked":["Outmaneuver","Reflex"],"picked":"Quick Slash","floor":6},{"not_picked":["Underhanded Strike","Endless Agony"],"picked":"Blur","floor":8},{"not_picked":["Endless Agony","Dash"],"picked":"Bane","floor":10},{"not_picked":["Endless Agony","Choke"],"picked":"Dagger Spray","floor":12},{"not_picked":["Caltrops","Bouncing Flask"],"picked":"Tools of the Trade","floor":13},{"not_picked":["Dodge and Roll","Reflex"],"picked":"Footwork","floor":14},{"not_picked":["Night Terror","Corpse Explosion"],"picked":"Adrenaline","floor":16},{"not_picked":["Catalyst+1","Bane"],"picked":"Blade Dance","floor":18},{"not_picked":["Skewer","Cloak And Dagger"],"picked":"Accuracy","floor":19},{"not_picked":["Slice","Endless Agony+1","Quick Slash"],"picked":"SKIP","floor":20},{"not_picked":["Expertise","Masterful Stab"],"picked":"Dodge and Roll","floor":21},{"not_picked":["Reflex+1","Outmaneuver"],"picked":"Terror","floor":24},{"not_picked":["Concentrate","Leg Sweep+1","Underhanded Strike+1"],"picked":"SKIP","floor":25},{"not_picked":["Dodge and Roll","Caltrops+1"],"picked":"Calculated Gamble","floor":29},{"not_picked":["Backflip","Predator+1","Slice"],"picked":"SKIP","floor":31}],"player_experience":80322,"relics_obtained":[{"floor":6,"key":"Nunchaku"},{"floor":9,"key":"PreservedInsect"},{"floor":13,"key":"Toy Ornithopter"},{"floor":21,"key":"Red Mask"},{"floor":26,"key":"Paper Crane"}],"event_choices":[{"damage_healed":0,"gold_gain":0,"player_choice":"Donut","damage_taken":0,"max_hp_gain":5,"max_hp_loss":0,"event_name":"Big Fish","floor":3,"gold_loss":0},{"cards_removed":["Strike_G"],"damage_healed":0,"gold_gain":0,"player_choice":"Offered Basic","damage_taken":0,"max_hp_gain":0,"max_hp_loss":0,"event_name":"Bonfire Elementals","floor":4,"gold_loss":0},{"damage_healed":0,"gold_gain":0,"cards_transformed":["Strike_G"],"player_choice":"Transformed","damage_taken":0,"max_hp_gain":0,"max_hp_loss":0,"event_name":"Transmorgrifier","floor":11,"gold_loss":0,"cards_obtained":["After Image"]},{"damage_healed":0,"gold_gain":0,"player_choice":"Fought Bandits","damage_taken":0,"max_hp_gain":0,"max_hp_loss":0,"event_name":"Masked Bandits","floor":21,"gold_loss":0},{"damage_healed":0,"gold_gain":0,"player_choice":"Opened","damage_taken":0,"relics_obtained":["Ancient Tea Set"],"max_hp_gain":0,"max_hp_loss":0,"event_name":"The Mausoleum","floor":22,"gold_loss":0},{"cards_removed":["Strike_G"],"damage_healed":0,"gold_gain":0,"player_choice":"Gave Gold","damage_taken":0,"max_hp_gain":0,"max_hp_loss":0,"event_name":"Beggar","floor":27,"gold_loss":75},{"damage_healed":0,"gold_gain":0,"player_choice":"Smashed Altar","damage_taken":0,"max_hp_gain":0,"max_hp_loss":0,"event_name":"Forgotten Altar","floor":30,"gold_loss":0,"cards_obtained":["Decay"]}],"is_beta":false,"boss_relics":[{"not_picked":["Coffee Dripper","Velvet Choker","Snecko Eye"]}],"items_purged_floors":[28],"is_endless":false,"potions_floor_spawned":[1,2,6,12,16,20,21,25,29,31],"killed_by":"Champ","ascension_level":4}}