{"host":"2qv44oxt58ptq59r","time":1608585637,"event":{"mods":["AchievementEnabler","BaseMod","Colored Powertips","Highlight Path","Minty Spire (QoL Compilation)","Permanent Neow","StSLib"],"gold_per_floor":[118,138,138,148,162,162,177,177,177,195,228,228,23,58,58,155,155,170,189,189,189],"floor_reached":20,"playtime":3122,"items_purged":[],"score":186,"play_id":"48eb60b2-132e-40da-8e1d-bc6546f33c1e","local_time":"20201221212037","is_ascension_mode":false,"campfire_choices":[{"data":"Madness","floor":6.0,"key":"SMITH"},{"floor":12.0,"key":"REST"},{"floor":15.0,"key":"REST"}],"circlet_count":0,"master_deck":["Strike_R","Strike_R","Strike_R","Strike_R","Defend_R","Defend_R","Defend_R","Defend_R","Bash","Madness+1","Body Slam","Warcry","Flame Barrier","Evolve","Fire Breathing","Cleave","Inflame","Madness+1","Sword Boomerang","Reaper","Armaments","Battle Trance"],"relics":["Burning Blood","Boot","DollysMirror","StoneCalendar","SacredBark"],"acts_visited":["Exordium","TheCity"],"potions_floor_usage":[19,20],"damage_taken":[{"damage":9.0,"enemies":"Jaw Worm","floor":1.0,"turns":4.0},{"damage":5.0,"enemies":"Cultist","floor":2.0,"turns":4.0},{"damage":1.0,"enemies":"2 Louse","floor":4.0,"turns":3.0},{"damage":17.0,"enemies":"Red Slaver","floor":5.0,"turns":5.0},{"damage":4.0,"enemies":"Large Slime","floor":7.0,"turns":10.0},{"damage":4.0,"enemies":"Blue Slaver","floor":10.0,"turns":5.0},{"damage":17.0,"enemies":"3 Sentries","floor":11.0,"turns":5.0},{"damage":21.0,"enemies":"Lagavulin","floor":14.0,"turns":9.0},{"damage":26.0,"enemies":"Hexaghost","floor":16.0,"turns":6.0},{"damage":7.0,"enemies":"Shell Parasite","floor":18.0,"turns":7.0},{"damage":45,"enemies":"2 Thieves","floor":19,"turns":5},{"damage":63,"enemies":"Masked Bandits","floor":20,"turns":6}],"seed_played":"5770249084603957446","potions_obtained":[{"floor":1.0,"key":"FearPotion"},{"floor":4.0,"key":"Energy Potion"},{"floor":14.0,"key":"ColorlessPotion"},{"floor":16.0,"key":"SkillPotion"},{"floor":19,"key":"SpeedPotion"}],"is_trial":false,"path_per_floor":["M","M","?","M","M","R","M","?","T","M","E","R","$","E","R","B",null,"M","M","?"],"character_chosen":"IRONCLAD","items_purchased":["DollysMirror","PowerPotion"],"campfire_rested":2,"item_purchase_floors":[13,13],"current_hp_per_floor":[77,78,78,80,69,69,71,71,71,73,62,80,80,65,80,60,80,79,51,0,0],"gold":189,"neow_bonus":"RANDOM_COLORLESS","is_daily":false,"chose_seed":false,"campfire_upgraded":1,"win_rate":0.0,"timestamp":1608585637,"path_taken":["M","M","?","?","M","R","M","?","T","M","E","R","$","E","R","BOSS","M","M","?"],"items_purchased_type":["Relic","Potion"],"build_version":"2020-12-13","purchased_purges":0,"victory":false,"max_hp_per_floor":[80,80,80,80,80,80,80,80,80,80,80,80,80,80,80,80,80,80,80,80,80],"card_choices":[{"not_picked":["Forethought","Impatience"],"picked":"Madness","floor":0.0},{"not_picked":["Reckless Charge","Armaments"],"picked":"Body Slam","floor":1.0},{"not_picked":["Wild Strike","Cleave"],"picked":"Warcry","floor":2.0},{"not_picked":["Anger","Body Slam"],"picked":"Flame Barrier","floor":4.0},{"not_picked":["Thunderclap","Warcry"],"picked":"Evolve","floor":5.0},{"not_picked":["Power Through","Sword Boomerang"],"picked":"Fire Breathing","floor":7.0},{"not_picked":["Ghostly Armor","Double Tap"],"picked":"Cleave","floor":10.0},{"not_picked":["Headbutt","Body Slam"],"picked":"Inflame","floor":11.0},{"not_picked":["Havoc","Warcry"],"picked":"Sword Boomerang","floor":14.0},{"not_picked":["Barricade","Bludgeon"],"picked":"Reaper","floor":16.0},{"not_picked":["Pommel Strike","Shrug It Off"],"picked":"Armaments","floor":18.0},{"not_picked":["Wild Strike","Second Wind"],"picked":"Battle Trance","floor":19}],"player_experience":4973716,"relics_obtained":[{"floor":11.0,"key":"Boot"},{"floor":14.0,"key":"StoneCalendar"}],"event_choices":[{"cards_removed":["Strike_R"],"damage_healed":0.0,"max_hp_gain":0.0,"max_hp_loss":0.0,"gold_gain":0.0,"event_name":"Bonfire Elementals","player_choice":"Offered Basic","floor":3.0,"gold_loss":0.0,"damage_taken":0.0},{"damage_healed":0.0,"max_hp_gain":0.0,"max_hp_loss":0.0,"gold_gain":0.0,"event_name":"NoteForYourself","player_choice":"Ignored","floor":8.0,"gold_loss":0.0,"damage_taken":0.0},{"damage_healed":0,"gold_gain":0,"player_choice":"Fought Bandits","damage_taken":0,"max_hp_gain":0,"max_hp_loss":0,"event_name":"Masked Bandits","floor":20,"gold_loss":0}],"is_beta":false,"boss_relics":[{"not_picked":["Velvet Choker","Sozu"],"picked":"SacredBark"}],"items_purged_floors":[],"is_endless":false,"potions_floor_spawned":[1,4,14,16,19],"killed_by":"Masked Bandits","ascension_level":0}}