{"host":"sav7uxregyirlf69","time":1608529939,"event":{"mods":["AchievementEnabler","BaseMod","Colored Map","DeckTracker","Keyboard Shortcuts","Minty Spire (QoL Compilation)","READ ME - Guardian Mod","StSLib","SuperFastMode"],"gold_per_floor":[117,127,127,140,215,215,215,215,215,215,87,122,143,103,103,103,103],"floor_reached":16,"playtime":238,"items_purged":["Strike_G"],"score":196,"play_id":"f512971f-d55a-437e-a216-72f8427c1d9c","local_time":"20201221145219","is_ascension_mode":true,"campfire_choices":[{"data":"Caltrops","floor":6,"key":"SMITH"},{"data":"Neutralize","floor":8,"key":"SMITH"},{"data":"Tactician","floor":10,"key":"SMITH"},{"floor":15,"key":"REST"}],"circlet_count":0,"master_deck":["AscendersBane","Strike_G","Strike_G","Strike_G","Defend_G","Defend_G","Defend_G","Defend_G","Defend_G","Survivor","Neutralize+1","Tactician+1","Caltrops+1","Dagger Spray","Caltrops","Dodge and Roll"],"relics":["Ring of the Snake","Golden Idol","TungstenRod"],"acts_visited":["Exordium"],"potions_floor_usage":[12,16],"damage_taken":[{"damage":3,"enemies":"Small Slimes","floor":1,"turns":4},{"damage":0,"enemies":"Jaw Worm","floor":2,"turns":6},{"damage":2,"enemies":"2 Louse","floor":4,"turns":4},{"damage":40,"enemies":"Gremlin Nob","floor":12,"turns":6},{"damage":0,"enemies":"Blue Slaver","floor":13,"turns":4},{"damage":5,"enemies":"Looter","floor":14,"turns":4},{"damage":35,"enemies":"The Guardian","floor":16,"turns":14}],"seed_played":"3871992564308609505","potions_obtained":[{"floor":4,"key":"EssenceOfSteel"}],"is_trial":false,"path_per_floor":["M","M","?","M","?","R","?","R","T","R","$","E","M","M","R","B"],"character_chosen":"THE_SILENT","items_purchased":["PowerPotion"],"campfire_rested":1,"item_purchase_floors":[11],"current_hp_per_floor":[56,56,61,59,48,48,48,48,48,48,48,8,8,3,22,0,0],"gold":103,"neow_bonus":"REMOVE_CARD","is_daily":false,"chose_seed":false,"campfire_upgraded":3,"win_rate":0.0,"timestamp":1608529939,"path_taken":["M","M","?","M","?","R","?","R","T","R","?","E","M","M","R","BOSS"],"items_purchased_type":["Potion"],"build_version":"2020-12-13","purchased_purges":1,"victory":false,"max_hp_per_floor":[66,66,71,71,71,71,64,64,64,64,64,64,64,64,64,64,64],"card_choices":[{"not_picked":["Acrobatics","Flying Knee"],"picked":"Tactician","floor":1},{"not_picked":["PiercingWail","Slice"],"picked":"Caltrops","floor":2},{"not_picked":["Underhanded Strike","Predator"],"picked":"Dagger Spray","floor":4},{"not_picked":["Terror","Dodge and Roll"],"picked":"Caltrops","floor":12},{"not_picked":["Accuracy","Venomology"],"picked":"Dodge and Roll","floor":13},{"not_picked":["Blade Dance","Acrobatics","Infinite Blades"],"picked":"SKIP","floor":14}],"player_experience":972644,"relics_obtained":[{"floor":12,"key":"TungstenRod"}],"event_choices":[{"damage_healed":0,"gold_gain":0,"player_choice":"Donut","damage_taken":0,"max_hp_gain":5,"max_hp_loss":0,"event_name":"Big Fish","floor":3,"gold_loss":0},{"damage_healed":0,"gold_gain":75,"player_choice":"Gather Gold","damage_taken":11,"max_hp_gain":0,"max_hp_loss":0,"event_name":"World of Goop","floor":5,"gold_loss":0},{"damage_healed":0,"gold_gain":0,"player_choice":"Lose Max HP","damage_taken":0,"relics_obtained":["Golden Idol"],"max_hp_gain":0,"max_hp_loss":7,"event_name":"Golden Idol","floor":7,"gold_loss":0}],"is_beta":false,"boss_relics":[],"items_purged_floors":[11],"is_endless":false,"potions_floor_spawned":[4],"killed_by":"The Guardian","ascension_level":20}}