{"host":"4nqeo0vu1vuav7gg","time":1608570057,"event":{"mods":["AchievementEnabler","BaseMod","Block Reminder","Colored Map","Colored Powertips","Highlight Path","Minty Spire (QoL Compilation)","Quick Restart","Rare Cards Sparkle","Relic Relevance Reorder","StSLib"],"gold_per_floor":[109,34,34,54,54,54,67,92,92,92,107,107,127,152,152,226,226,192,192,192,36,36,36,67,67,67,96,21,21,46,57,57,132,132,146,146,146,162,214,243,243,269,269,302,312,339,358,376,376,376],"floor_reached":51,"playtime":3060,"items_purged":["Defend_B"],"score":1399,"play_id":"307f1c75-8741-49a7-80b2-52336be4daeb","local_time":"20201221180057","is_ascension_mode":true,"campfire_choices":[{"data":"Chill","floor":6.0,"key":"SMITH"},{"data":"Zap","floor":10.0,"key":"SMITH"},{"data":"Gash","floor":12.0,"key":"SMITH"},{"floor":15.0,"key":"REST"},{"data":"Rainbow","floor":23.0,"key":"SMITH"},{"data":"Loop","floor":25.0,"key":"SMITH"},{"floor":29,"key":"REST"},{"data":"Consume","floor":32,"key":"SMITH"},{"floor":41,"key":"REST"},{"data":"Fission","floor":49,"key":"SMITH"}],"circlet_count":0,"master_deck":["AscendersBane","Defend_B+1","Defend_B+1","Defend_B+1","Zap+1","Dualcast","Chill+1","Go for the Eyes","Conserve Battery","Gash+1","Glacier","Rip and Tear","Rainbow+1","CurseOfTheBell","Consume+1","Bite","Bite","Bite+1","Bite","Bite+1","Loop+1","Echo Form","Auto Shields","Ball Lightning","Fission+1","Gash","Writhe","BootSequence","White Noise+1","Turbo","Genetic Algorithm+1","Capacitor+1","Static Discharge+1","Storm"],"relics":["FrozenCore","Ornamental Fan","Bird Faced Urn","Mummified Hand","InkBottle","Letter Opener","Emotion Chip","Ginger","CaptainsWheel","Sling","PreservedInsect","FossilizedHelix","Girya","Ancient Tea Set","Mango","Meat on the Bone","Calling Bell","Potion Belt","Whetstone","Boot"],"acts_visited":["Exordium","TheCity","TheBeyond"],"potions_floor_usage":[33,33,39,40,42,42,50,50,50],"damage_taken":[{"damage":1.0,"enemies":"Cultist","floor":1.0,"turns":3.0},{"damage":7.0,"enemies":"Jaw Worm","floor":4.0,"turns":4.0},{"damage":12.0,"enemies":"Small Slimes","floor":7.0,"turns":4.0},{"damage":26.0,"enemies":"Lagavulin","floor":8.0,"turns":8.0},{"damage":0.0,"enemies":"2 Fungi Beasts","floor":11.0,"turns":4.0},{"damage":6.0,"enemies":"Blue Slaver","floor":13.0,"turns":2.0},{"damage":28.0,"enemies":"Gremlin Nob","floor":14.0,"turns":5.0},{"damage":40.0,"enemies":"Hexaghost","floor":16.0,"turns":12.0},{"damage":20.0,"enemies":"2 Thieves","floor":18.0,"turns":5.0},{"damage":60.0,"enemies":"Gremlin Leader","floor":24.0,"turns":13.0},{"damage":23,"enemies":"Slavers","floor":27,"turns":6},{"damage":25,"enemies":"Book of Stabbing","floor":30,"turns":5},{"damage":14,"enemies":"Spheric Guardian","floor":31,"turns":5},{"damage":32,"enemies":"Champ","floor":33,"turns":11},{"damage":36,"enemies":"3 Shapes","floor":35,"turns":7},{"damage":11,"enemies":"Orb Walker","floor":38,"turns":5},{"damage":92,"enemies":"2 Orb Walkers","floor":39,"turns":8},{"damage":16,"enemies":"Nemesis","floor":40,"turns":9},{"damage":57,"enemies":"Reptomancer","floor":42,"turns":8},{"damage":20,"enemies":"Nemesis","floor":44,"turns":9},{"damage":3,"enemies":"Writhing Mass","floor":45,"turns":13},{"damage":25,"enemies":"Reptomancer","floor":46,"turns":5},{"damage":0,"enemies":"Maw","floor":47,"turns":8},{"damage":1,"enemies":"Sphere and 2 Shapes","floor":48,"turns":7},{"damage":33,"enemies":"Time Eater","floor":50,"turns":12}],"seed_played":"-8544495338242623106","potions_obtained":[{"floor":7.0,"key":"AttackPotion"},{"floor":8.0,"key":"ColorlessPotion"},{"floor":13.0,"key":"EssenceOfDarkness"},{"floor":14.0,"key":"PotionOfCapacity"},{"floor":24.0,"key":"LiquidMemories"},{"floor":30,"key":"Ancient Potion"},{"floor":31,"key":"Strength Potion"},{"floor":35,"key":"Fire Potion"},{"floor":40,"key":"AttackPotion"},{"floor":45,"key":"EssenceOfDarkness"},{"floor":46,"key":"SkillPotion"},{"floor":47,"key":"ColorlessPotion"},{"floor":48,"key":"CultistPotion"}],"is_trial":false,"path_per_floor":["M","$","?","M","$","R","M","E","T","R","M","R","M","E","R","B",null,"M","?","?","$","T","R","E","R","T","E","?","R","E","M","R","B",null,"M","?","?","M","?","E","R","E","T","E","M","E","M","M","R","B",null],"character_chosen":"DEFECT","items_purchased":["Sling"],"campfire_rested":3,"item_purchase_floors":[21],"current_hp_per_floor":[70,70,81,74,74,74,62,36,36,36,48,48,54,38,65,37,78,60,60,60,60,60,60,40,40,40,39,39,66,51,47,47,47,81,55,78,78,78,16,35,62,41,41,50,83,72,92,92,92,65],"gold":376,"neow_bonus":"TEN_PERCENT_HP_BONUS","is_daily":false,"chose_seed":false,"campfire_upgraded":7,"win_rate":0.0,"timestamp":1608570057,"path_taken":["M","?","?","M","?","R","?","E","T","R","M","R","M","E","R","BOSS","M","?","?","?","?","R","E","R","T","E","?","R","E","M","R","BOSS","M","?","?","M","?","E","R","E","T","E","M","E","M","M","R","BOSS"],"items_purchased_type":["Relic"],"build_version":"2020-12-13","purchased_purges":1,"victory":true,"max_hp_per_floor":[78,78,92,92,92,92,92,92,92,92,92,92,92,92,92,92,92,92,92,92,92,92,92,92,92,92,92,92,92,92,92,92,92,92,92,92,92,92,92,92,92,92,92,92,92,92,92,92,92,92],"card_choices":[{"not_picked":["Streamline","Scrape"],"picked":"Chill","floor":1.0},{"not_picked":["Scrape","Stack"],"picked":"Go for the Eyes","floor":4.0},{"not_picked":["Aggregate","Sweeping Beam"],"picked":"Conserve Battery","floor":7.0},{"not_picked":["Core Surge","Compile Driver"],"picked":"FTL","floor":8.0},{"not_picked":["Stack","Beam Cell"],"picked":"Gash","floor":11.0},{"not_picked":["Turbo","Beam Cell"],"picked":"Glacier","floor":13.0},{"not_picked":["Auto Shields","Steam Power"],"picked":"Rip and Tear","floor":14.0},{"not_picked":["All For One","Amplify"],"picked":"Rainbow","floor":16.0},{"not_picked":["Compile Driver","Sweeping Beam"],"picked":"Consume","floor":18.0},{"not_picked":["Double Energy","Meteor Strike"],"picked":"Loop","floor":24.0},{"not_picked":["Conserve Battery","Steam"],"picked":"Echo Form","floor":27},{"not_picked":["Skim","Cold Snap"],"picked":"Auto Shields","floor":30},{"not_picked":["Steam","Leap"],"picked":"Ball Lightning","floor":31},{"not_picked":["Reboot","Creative AI"],"picked":"Fission","floor":33},{"not_picked":["Hologram","Redo"],"picked":"Gash","floor":35},{"not_picked":["Conserve Battery","Hologram"],"picked":"BootSequence","floor":38},{"not_picked":["Auto Shields+1","Recycle"],"picked":"White Noise+1","floor":39},{"not_picked":["Lockon+1","FTL+1"],"picked":"Turbo","floor":40},{"not_picked":["Heatsinks","Glacier"],"picked":"Genetic Algorithm+1","floor":42},{"not_picked":["Turbo","Rebound","Leap+1"],"picked":"SKIP","floor":44},{"not_picked":["Scrape","Sweeping Beam","Cold Snap"],"picked":"SKIP","floor":45},{"not_picked":["Beam Cell","Blizzard"],"picked":"Capacitor+1","floor":46},{"not_picked":["BootSequence","Stack"],"picked":"Static Discharge+1","floor":47},{"not_picked":["White Noise","Go for the Eyes"],"picked":"Storm","floor":48}],"player_experience":969597,"relics_obtained":[{"floor":8.0,"key":"Ancient Tea Set"},{"floor":9.0,"key":"Meat on the Bone"},{"floor":14.0,"key":"Boot"},{"floor":17.0,"key":"Blood Vial"},{"floor":17.0,"key":"Ornamental Fan"},{"floor":17.0,"key":"Bird Faced Urn"},{"floor":22.0,"key":"Mummified Hand"},{"floor":24.0,"key":"PreservedInsect"},{"floor":26.0,"key":"Emotion Chip"},{"floor":27,"key":"Potion Belt"},{"floor":30,"key":"Whetstone"},{"floor":39,"key":"Ginger"},{"floor":40,"key":"FossilizedHelix"},{"floor":42,"key":"InkBottle"},{"floor":43,"key":"Letter Opener"},{"floor":44,"key":"CaptainsWheel"},{"floor":46,"key":"Girya"}],"event_choices":[{"damage_healed":0.0,"max_hp_gain":0.0,"max_hp_loss":0.0,"gold_gain":0.0,"event_name":"Scrap Ooze","player_choice":"Success","floor":3.0,"gold_loss":0.0,"damage_taken":3.0,"relics_obtained":["Mango"]},{"damage_healed":0.0,"max_hp_gain":0.0,"max_hp_loss":0.0,"gold_gain":0.0,"event_name":"Back to Basics","player_choice":"Simplicity","floor":19.0,"gold_loss":0.0,"damage_taken":0.0,"cards_upgraded":["Strike_B","Strike_B","Strike_B","Strike_B","Defend_B","Defend_B","Defend_B"]},{"damage_healed":0.0,"max_hp_gain":0.0,"max_hp_loss":0.0,"gold_gain":0.0,"event_name":"Vampires","player_choice":"Became a vampire (Vial)","floor":20.0,"relics_lost":["Blood Vial"],"gold_loss":0.0,"damage_taken":0.0,"cards_obtained":["Bite","Bite","Bite","Bite","Bite"]},{"cards_removed":["FTL"],"damage_healed":0,"gold_gain":0,"player_choice":"Gave Gold","damage_taken":0,"max_hp_gain":0,"max_hp_loss":0,"event_name":"Beggar","floor":28,"gold_loss":75},{"damage_healed":23,"gold_gain":0,"player_choice":"Writhe","damage_taken":0,"max_hp_gain":0,"max_hp_loss":0,"event_name":"Winding Halls","floor":36,"gold_loss":0,"cards_obtained":["Writhe"]},{"damage_healed":0,"gold_gain":0,"player_choice":"Ignored","damage_taken":0,"max_hp_gain":0,"max_hp_loss":0,"event_name":"Tomb of Lord Red Mask","floor":37,"gold_loss":0},{"damage_healed":0,"gold_gain":0,"player_choice":"Fight","damage_taken":0,"max_hp_gain":0,"max_hp_loss":0,"event_name":"Mysterious Sphere","floor":39,"gold_loss":0}],"is_beta":false,"boss_relics":[{"not_picked":["Empty Cage","Fusion Hammer"],"picked":"Calling Bell"},{"not_picked":["Pandora\u0027s Box","Coffee Dripper"],"picked":"FrozenCore"}],"items_purged_floors":[2],"is_endless":false,"potions_floor_spawned":[7,8,13,14,24,30,31,35,40,45,46,47,48],"ascension_level":14}}