{"host":"ix2a18c4ohfsrslv","time":1608514286,"event":{"mods":["BaseMod","Better Third Choice","Downfall","Halation","Marisa????????","Minty Spire (QoL Compilation)","Replay The Spire","StSLib","The Bladedancer","The Blue Laboratory"],"gold_per_floor":[13,24,24,24,50,50,73,108,154,167,187,187,221,246,246,366,366,386,485,503,503,539,577,590,633,705,725,749,749,749,782,782,782,782],"floor_reached":33,"playtime":1808,"items_purged":[],"score":333,"play_id":"cb365e62-8943-405f-ad73-95bcc571c19c","local_time":"20201220173126","is_ascension_mode":true,"campfire_choices":[{"data":"Bash","floor":6,"key":"SMITH"},{"data":"Searing Blow","floor":12,"key":"SMITH"},{"floor":15,"key":"DIG"},{"data":"Searing Blow+1","floor":29,"key":"SMITH"},{"data":"Searing Blow+2","floor":32,"key":"SMITH"}],"circlet_count":0,"master_deck":["Strike_R","Strike_R","Strike_R","Strike_R","Strike_R","Defend_R+1","Defend_R+1","Bash+1","Clash","Clothesline","Cleave","Rampage","Searing Blow+3","Headbutt+1"],"relics":["Burning Blood","halation:PinkSoulGem","Golden Idol","War Paint","Durian","Pet Ghost","Anchor","Meat on the Bone","ReplayTheSpireMod:Ring of Challenge","ReplayTheSpireMod:Ring of Collecting","Red Mask","Tiny Chest","halation:BottledLove","Nloth\u0027s Gift","Unceasing Top"],"acts_visited":["Exordium","TheCity"],"potions_floor_usage":[8,16,23,23,25,33,33],"damage_taken":[{"damage":6,"enemies":"Cultist","floor":1,"turns":3},{"damage":1,"enemies":"2 Louse","floor":2,"turns":2},{"damage":3,"enemies":"Jaw Worm","floor":7,"turns":2},{"damage":29,"enemies":"3 Sentries","floor":8,"turns":6},{"damage":3,"enemies":"Lots of Slimes","floor":10,"turns":3},{"damage":14,"enemies":"3 Louse","floor":11,"turns":2},{"damage":23,"enemies":"Lagavulin","floor":13,"turns":4},{"damage":6,"enemies":"Large Slime","floor":14,"turns":4},{"damage":16,"enemies":"Hexaghost","floor":16,"turns":6},{"damage":29,"enemies":"2 Thieves","floor":18,"turns":4},{"damage":9,"enemies":"Chosen","floor":20,"turns":4},{"damage":0,"enemies":"Masked Bandits","floor":22,"turns":2},{"damage":35,"enemies":"Book of Stabbing","floor":23,"turns":5},{"damage":11,"enemies":"Snake Plant","floor":24,"turns":4},{"damage":23,"enemies":"Gremlin Leader","floor":25,"turns":8},{"damage":21,"enemies":"Chosen and Byrds","floor":27,"turns":6},{"damage":5,"enemies":"Snecko","floor":28,"turns":4},{"damage":34,"enemies":"Book of Stabbing","floor":31,"turns":4},{"damage":42,"enemies":"Champ","floor":33,"turns":7}],"seed_played":"1126858198306265856","potions_obtained":[{"floor":2,"key":"blueLaboratory:AbyssPotion"},{"floor":11,"key":"blueLaboratory:HorrorPotion"},{"floor":13,"key":"Weak Potion"},{"floor":16,"key":"LiquidBronze"},{"floor":23,"key":"blueLaboratory:ImpenetrablePotion"},{"floor":24,"key":"Cursed Concoction"},{"floor":27,"key":"Fire Potion"}],"is_trial":false,"path_per_floor":["M","M","?","?","T","R","M","E","T","M","M","R","E","M","R","B",null,"M","?","M","?","?","E","M","E","T","M","M","R","?","E","R","B"],"character_chosen":"IRONCLAD","items_purchased":[],"campfire_rested":0,"item_purchase_floors":[],"current_hp_per_floor":[80,80,80,74,74,74,74,56,56,59,51,51,34,34,34,36,79,56,56,53,53,59,42,49,44,44,41,54,54,54,38,38,0,0],"gold":782,"neow_bonus":"REMOVE_TWO","is_daily":false,"chose_seed":false,"campfire_upgraded":4,"win_rate":0.0,"timestamp":1608514286,"path_taken":["M","M","?","?","?","R","?","E","T","M","M","R","E","M","R","BOSS","M","?","M","?","?","E","M","E","T","?","M","R","?","E","R","BOSS"],"items_purchased_type":[],"build_version":"2020-12-13","purchased_purges":0,"victory":false,"max_hp_per_floor":[80,80,80,74,74,74,74,79,79,79,79,79,79,79,79,79,79,79,79,79,79,79,79,79,79,79,79,79,79,79,79,79,79,79],"card_choices":[{"not_picked":["Thunderclap","Seeing Red"],"picked":"Clash","floor":1},{"not_picked":["True Grit","Twin Strike","Entrench"],"picked":"SKIP","floor":2},{"not_picked":["Anger","Fiend Fire"],"picked":"Clothesline","floor":7},{"not_picked":["Perfected Strike","Sword Boomerang"],"picked":"Cleave","floor":8},{"not_picked":["Flex","Cleave"],"picked":"Rampage","floor":10},{"not_picked":["Run Through","Flex"],"picked":"Searing Blow","floor":11},{"not_picked":["Pommel Strike","Anger","Twin Strike"],"picked":"SKIP","floor":13},{"not_picked":["Berserk","Body Slam","Clothesline"],"picked":"SKIP","floor":14},{"not_picked":["Warcry","Dark Embrace","Heavy Blade"],"picked":"SKIP","floor":18},{"not_picked":["Headbutt+1","Pommel Strike+1","Hemokinesis"],"picked":"SKIP","floor":20},{"not_picked":["Pommel Strike+1","Hemokinesis"],"picked":"Headbutt+1","floor":20},{"not_picked":["Corruption","Heavy Blade+1","Iron Wave"],"picked":"SKIP","floor":23},{"not_picked":["Feel No Pain+1","Anger","Pommel Strike"],"picked":"SKIP","floor":24},{"not_picked":["Carnage","Heavy Blade","Thunderclap"],"picked":"SKIP","floor":25},{"not_picked":["Double Tap+1","Power Through+1","Dropkick+1"],"picked":"SKIP","floor":27},{"not_picked":["Cleave","Second Wind+1","ReplayReversal+1"],"picked":"SKIP","floor":28},{"not_picked":["Reckless Charge+1","Searing Blow","Seeing Red"],"picked":"SKIP","floor":31}],"player_experience":99737,"relics_obtained":[{"floor":5,"key":"War Paint"},{"floor":8,"key":"Durian"},{"floor":9,"key":"Pet Ghost"},{"floor":13,"key":"Anchor"},{"floor":15,"key":"Meat on the Bone"},{"floor":21,"key":"ReplayTheSpireMod:Ring of Challenge"},{"floor":21,"key":"ReplayTheSpireMod:Ring of Collecting"},{"floor":22,"key":"Red Mask"},{"floor":23,"key":"Tiny Chest"},{"floor":25,"key":"halation:BottledLove"},{"floor":26,"key":"Toxic Egg 2"},{"floor":31,"key":"Unceasing Top"}],"event_choices":[{"damage_healed":0,"gold_gain":0,"player_choice":"Lose Max HP","damage_taken":0,"relics_obtained":["Golden Idol"],"max_hp_gain":0,"max_hp_loss":6,"event_name":"Golden Idol","floor":4,"gold_loss":0},{"damage_healed":0,"gold_gain":99,"player_choice":"Steal","damage_taken":0,"max_hp_gain":0,"max_hp_loss":0,"event_name":"betterThird:BetterNest","floor":19,"gold_loss":0},{"damage_healed":0,"gold_gain":0,"player_choice":"Fought Bandits","damage_taken":0,"max_hp_gain":0,"max_hp_loss":0,"event_name":"Masked Bandits","floor":22,"gold_loss":0},{"damage_healed":0,"gold_gain":0,"player_choice":"Traded Relic","damage_taken":0,"relics_obtained":["Nloth\u0027s Gift"],"max_hp_gain":0,"max_hp_loss":0,"event_name":"N\u0027loth","floor":30,"relics_lost":["Toxic Egg 2"],"gold_loss":0}],"is_beta":false,"boss_relics":[{"not_picked":["Replay:Drink Me","halation:MonkeysPaw","Painkiller Herb"]}],"items_purged_floors":[],"is_endless":false,"potions_floor_spawned":[2,11,13,16,23,24,27],"killed_by":"Champ","ascension_level":1}}