{"host":"Mythic","time":1608547543,"event":{"mods":["BaseMod","Downfall","Googly Eyes","Hermit","Jorbs Mod","Marisa????????","Minty Spire (QoL Compilation)","Relic Stats","Replay The Spire","StSLib","The Cursed","The Jungle","The Servant 0.9.4"],"gold_per_floor":[110,122,122,25,100,100,126,126,151,167,186,136,161,179,179,283,283,297,147,167,147,166,197,197,197,197,207,207,162,162,162],"floor_reached":30,"playtime":1241,"items_purged":["Strike_MRS"],"score":308,"play_id":"bad97c0e-ba0c-40ea-9b7c-41ee3b17a762","local_time":"20201221054543","is_ascension_mode":false,"campfire_choices":[{"data":"MasterSpark","floor":6,"key":"SMITH"},{"data":"Loop","floor":8,"key":"SMITH"},{"data":"Strike_MRS","floor":15,"key":"PURGE"},{"floor":24,"key":"REST"},{"floor":25,"key":"REST"},{"data":"LuminesStrike","floor":28,"key":"SMITH"}],"circlet_count":0,"master_deck":["Strike_MRS","Defend_MRS","Defend_MRS","Defend_MRS","Defend_MRS","MasterSpark+1","UpSweep","WitchLeyline","ShootingEcho","GalacticHalo","Streamline","Loop+1","LuminesStrike+1","TreasureHunter","MagicAbsorber","GalacticHalo+1","Acceleration","MaximisePower","GravityBeat"],"relics":["NeowsBlessing","m_SpellCore","Question Card","Akabeko","WingedGreaves","Replay:Fungal Core","Ginger","Strawberry"],"acts_visited":["Exordium","TheCity"],"potions_floor_usage":[16,23],"damage_taken":[{"damage":0,"enemies":"Cultist","floor":1,"turns":1},{"damage":0,"enemies":"2 Louse","floor":2,"turns":1},{"damage":0,"enemies":"Gremlin Nob","floor":7,"turns":1},{"damage":0,"enemies":"Small Slimes","floor":10,"turns":3},{"damage":14,"enemies":"Exordium Wildlife","floor":11,"turns":3},{"damage":8,"enemies":"Replay:BlueRogue","floor":13,"turns":4},{"damage":11,"enemies":"Large Slime","floor":14,"turns":3},{"damage":13,"enemies":"The Guardian","floor":16,"turns":8},{"damage":23,"enemies":"3 Byrds","floor":18,"turns":6},{"damage":0,"enemies":"Shell Parasite","floor":20,"turns":4},{"damage":8,"enemies":"Snake Plant","floor":22,"turns":4},{"damage":34,"enemies":"Book of Stabbing","floor":23,"turns":5},{"damage":41,"enemies":"Cultist and Chosen","floor":27,"turns":7},{"damage":22,"enemies":"Shelled Parasite and Fungi","floor":30,"turns":3}],"seed_played":"7164861116001729168","potions_obtained":[{"floor":2,"key":"ShroomBrew"},{"floor":11,"key":"Regen Potion"},{"floor":14,"key":"SteroidPotion"},{"floor":21,"key":"CultistPotion"},{"floor":23,"key":"Strength Potion"}],"is_trial":false,"path_per_floor":["M","M","?","$","?","R","E","R","T","M","M","?","E","M","R","B",null,"M","$","M","?","M","E","R","R","T","M","R","$","M"],"character_chosen":"MARISA","items_purchased":["GalacticHalo","Streamline","MagicAbsorber","GravityBeat"],"campfire_rested":2,"item_purchase_floors":[4,4,19,29],"current_hp_per_floor":[75,75,75,75,64,64,64,64,64,64,50,50,42,31,31,23,75,52,52,52,52,44,10,32,54,61,20,20,20,0,0],"gold":162,"neow_bonus":"THREE_ENEMY_KILL","is_daily":false,"chose_seed":false,"campfire_upgraded":3,"win_rate":0.0,"timestamp":1608547543,"path_taken":["M","?","?","$","?","R","E","R","T","M","M","?","E","M","R","BOSS","M","$","M","?","M","E","R","R","T","M","R","$","M"],"items_purchased_type":["Card","Card","Card","Card"],"build_version":"2020-12-18","purchased_purges":1,"victory":false,"max_hp_per_floor":[75,75,75,75,75,75,75,75,75,75,75,75,75,75,75,75,75,75,75,75,75,75,75,75,75,82,82,82,82,82,82],"relic_stats":{"counters":[14,53],"Ginger":[0],"Question Card":10,"obtain_stats":[{"m_SpellCore":3,"NeowsBlessing":0,"Replay:Fungal Core":17,"Strawberry":26,"WingedGreaves":13,"MiniHakkero":0,"Ginger":23,"Question Card":7,"Akabeko":9},{"m_SpellCore":2,"NeowsBlessing":0,"Replay:Fungal Core":8,"Strawberry":12,"WingedGreaves":6,"MiniHakkero":0,"Ginger":12,"Question Card":3,"Akabeko":3},{"m_SpellCore":2,"NeowsBlessing":0,"Replay:Fungal Core":24,"Strawberry":43,"WingedGreaves":13,"MiniHakkero":0,"Ginger":43,"Question Card":3,"Akabeko":3}]},"card_choices":[{"not_picked":["MilkyWay","MeteoricShower"],"picked":"WitchLeyline","floor":1},{"not_picked":["DoubleSpark","DC"],"picked":"ShootingEcho","floor":2},{"not_picked":["Scrape","DoubleSpark"],"picked":"Loop","floor":7},{"not_picked":["GalacticHalo","GravityBeat","Aggregate"],"picked":"LuminesStrike","floor":10},{"not_picked":["6A","ManaConvection","Gash","FinalSpark"],"picked":"SKIP","floor":11},{"not_picked":["MagicChant","SporeBomb","Gash","Go for the Eyes"],"picked":"SKIP","floor":13},{"not_picked":["6A","ReplaySolidLightProjector","ChargeUpSpray","Gash"],"picked":"SKIP","floor":14},{"not_picked":["Meteor Strike","BigCrunch","Fission"],"picked":"TreasureHunter","floor":16},{"not_picked":["PowerUp","OpenUniverse","SporeBomb","IllusionStar"],"picked":"SKIP","floor":18},{"not_picked":["DC","OrrerysSun","AsteroidBelt"],"picked":"GalacticHalo+1","floor":20},{"not_picked":["OpenUniverse+1","NonDirectionalLaser+1","LuminesStrike+1"],"picked":"Acceleration","floor":22},{"not_picked":["ShootTheMoon","IllusionStar+1","NonDirectionalLaser"],"picked":"MaximisePower","floor":23},{"not_picked":["LuminesStrike","StarlightTyphoon","MeteoricShower+1","WitchLeyline"],"picked":"SKIP","floor":27}],"player_experience":860449,"relics_obtained":[{"floor":7,"key":"Question Card"},{"floor":9,"key":"Akabeko"},{"floor":13,"key":"WingedGreaves"},{"floor":23,"key":"Ginger"},{"floor":26,"key":"Strawberry"}],"event_choices":[{"damage_healed":0,"gold_gain":75,"player_choice":"Gather Gold","damage_taken":11,"max_hp_gain":0,"max_hp_loss":0,"event_name":"World of Goop","floor":5,"gold_loss":0},{"cards_removed":["Strike_MRS"],"damage_healed":0,"gold_gain":0,"player_choice":"Card Removal","damage_taken":0,"max_hp_gain":0,"max_hp_loss":0,"event_name":"The Cleric","floor":12,"gold_loss":50},{"damage_healed":0,"gold_gain":0,"player_choice":"Bought 1 Potion","damage_taken":0,"max_hp_gain":0,"max_hp_loss":0,"event_name":"The Woman in Blue","floor":21,"gold_loss":0}],"is_beta":true,"boss_relics":[{"not_picked":["Philosopher\u0027s Stone","Snecko Eye"],"picked":"Replay:Fungal Core"}],"items_purged_floors":[19],"is_endless":false,"potions_floor_spawned":[2,11,14,22,23,27],"killed_by":"Shelled Parasite and Fungi","ascension_level":0}}