{"host":"mi0eibewekhugwl1","time":1608548491,"event":{"mods":["AchievementEnabler","BaseMod","Colored Map","Colored Powertips","DeckTracker","Keyboard Shortcuts","Minty Spire (QoL Compilation)","Quick Restart","Rare Cards Sparkle","Relic Stats","StSLib","SuperFastMode","everything is the same but u backflip on backflip"],"gold_per_floor":[111,127,138,151,171,171,181,196,221,221,256,273,31,81,81,152,152,165,137,150,0,0,0,0,0],"floor_reached":24,"playtime":439,"items_purged":["Strike_R"],"score":404,"play_id":"e50dc5a4-5ddf-491f-98be-ddf81f6bf07d","local_time":"20201221200131","is_ascension_mode":true,"campfire_choices":[{"data":"Carnage","floor":6,"key":"SMITH"},{"data":"Bash","floor":10,"key":"SMITH"},{"data":"Cleave","floor":15,"key":"SMITH"},{"data":"Body Slam","floor":23,"key":"SMITH"}],"circlet_count":0,"master_deck":["AscendersBane","Strike_R","Strike_R","Strike_R","Defend_R","Defend_R","Defend_R","Defend_R+1","Bash+1","Carnage+1","Shrug It Off","Wild Strike","Twin Strike","Cleave+1","Ghostly Armor+1","Fiend Fire","Body Slam+1","Pommel Strike+1","Shrug It Off","Juggernaut"],"relics":["Black Blood","Anchor","Magic Flower","War Paint"],"acts_visited":["Exordium","TheCity"],"potions_floor_usage":[11,16],"damage_taken":[{"damage":12,"enemies":"Small Slimes","floor":1,"turns":3},{"damage":1,"enemies":"Cultist","floor":2,"turns":3},{"damage":4,"enemies":"Jaw Worm","floor":3,"turns":3},{"damage":6,"enemies":"Exordium Wildlife","floor":4,"turns":3},{"damage":15,"enemies":"Red Slaver","floor":5,"turns":3},{"damage":11,"enemies":"Blue Slaver","floor":7,"turns":4},{"damage":5,"enemies":"Exordium Wildlife","floor":8,"turns":3},{"damage":33,"enemies":"3 Sentries","floor":11,"turns":10},{"damage":0,"enemies":"Looter","floor":12,"turns":2},{"damage":13,"enemies":"Slime Boss","floor":16,"turns":7},{"damage":30,"enemies":"Spheric Guardian","floor":18,"turns":5},{"damage":12,"enemies":"2 Thieves","floor":19,"turns":4},{"damage":36,"enemies":"Cultist and Chosen","floor":20,"turns":6},{"damage":59,"enemies":"Centurion and Healer","floor":24,"turns":9}],"seed_played":"150306041948380533","potions_obtained":[{"floor":3,"key":"GamblersBrew"},{"floor":4,"key":"SkillPotion"},{"floor":7,"key":"PowerPotion"},{"floor":11,"key":"EssenceOfSteel"}],"is_trial":false,"path_per_floor":["M","M","M","M","M","R","M","M","T","R","E","M","$","?","R","B",null,"M","M","M","$","?","R","M"],"character_chosen":"IRONCLAD","items_purchased":["War Paint","Juggernaut"],"campfire_rested":0,"item_purchase_floors":[13,21],"current_hp_per_floor":[62,67,69,69,60,60,55,56,56,56,29,38,38,38,38,34,65,53,59,41,41,41,41,0,0],"gold":0,"neow_bonus":"TRANSFORM_CARD","is_daily":false,"chose_seed":false,"campfire_upgraded":4,"win_rate":0.0,"timestamp":1608548491,"path_taken":["M","M","M","M","M","R","M","M","T","R","E","M","$","?","R","BOSS","M","M","?","$","?","R","M"],"items_purchased_type":["Relic","Card"],"build_version":"2020-12-13","purchased_purges":1,"victory":false,"max_hp_per_floor":[75,75,75,75,75,75,75,75,75,75,75,75,75,75,75,75,75,75,75,75,75,75,75,75,75],"relic_stats":{"counters":[14,65],"Black Blood":120,"Magic Flower":[24],"War Paint":["Defend_R","Ghostly Armor"],"obtain_stats":[{"Anchor":9,"Magic Flower":11,"Black Blood":17,"War Paint":13,"Burning Blood":0},{"Anchor":7,"Magic Flower":8,"Black Blood":10,"War Paint":9,"Burning Blood":0},{"Anchor":22,"Magic Flower":32,"Black Blood":41,"War Paint":34,"Burning Blood":0}]},"card_choices":[{"not_picked":["Clothesline","Battle Trance"],"picked":"Shrug It Off","floor":1},{"not_picked":["Dropkick","Bloodletting"],"picked":"Wild Strike","floor":2},{"not_picked":["Bloodletting","Rupture"],"picked":"Twin Strike","floor":3},{"not_picked":["Flex","Body Slam","Rampage"],"picked":"SKIP","floor":4},{"not_picked":["Flex","Searing Blow"],"picked":"Cleave","floor":5},{"not_picked":["Iron Wave","Twin Strike","Shrug It Off"],"picked":"SKIP","floor":7},{"not_picked":["Clothesline","Body Slam"],"picked":"Ghostly Armor","floor":8},{"not_picked":["Hemokinesis","Cleave","Perfected Strike"],"picked":"SKIP","floor":11},{"not_picked":["Uppercut","Clash","Headbutt"],"picked":"SKIP","floor":12},{"not_picked":["Double Tap","Limit Break"],"picked":"Fiend Fire","floor":16},{"not_picked":["Searing Blow","Havoc"],"picked":"Body Slam","floor":18},{"not_picked":["Anger+1","Iron Wave"],"picked":"Pommel Strike+1","floor":19},{"not_picked":["Sword Boomerang","Body Slam"],"picked":"Shrug It Off","floor":20}],"player_experience":1695521,"relics_obtained":[{"floor":9,"key":"Anchor"},{"floor":11,"key":"Magic Flower"}],"event_choices":[{"damage_healed":0,"gold_gain":50,"player_choice":"Pray","damage_taken":0,"max_hp_gain":0,"max_hp_loss":0,"event_name":"Golden Shrine","floor":14,"gold_loss":0},{"damage_healed":0,"gold_gain":0,"player_choice":"Ignored","damage_taken":0,"max_hp_gain":0,"max_hp_loss":0,"event_name":"Vampires","floor":22,"gold_loss":0}],"is_beta":false,"boss_relics":[{"not_picked":["Calling Bell","Coffee Dripper"],"picked":"Black Blood"}],"items_purged_floors":[13],"is_endless":false,"potions_floor_spawned":[3,4,7,8,11,12],"killed_by":"Centurion and Healer","ascension_level":20}}