{"host":"h15mxg6fckhg46bu","time":1608527934,"event":{"mods":["BaseMod","Block Reminder","Minty Spire (QoL Compilation)","StSLib"],"gold_per_floor":[110,124,137,48,48,81,81,92,92,92,119,5,5,17,17,112,112,123,141,151,63,81,81,109,128,128,153,47,65,65,65,65,166,166,180,16,33,51,69,104,119,119,144,160,9,29,29,56,56,56],"floor_reached":51,"playtime":3854,"items_purged":[],"score":1045,"play_id":"3be8ceb2-0864-4f19-8c66-5c505694ea00","local_time":"20201220231854","is_ascension_mode":true,"campfire_choices":[{"data":"Double Energy","floor":7,"key":"SMITH"},{"data":"Zap","floor":10,"key":"SMITH"},{"floor":15,"key":"REST"},{"floor":23,"key":"REST"},{"floor":32,"key":"REST"},{"floor":42,"key":"REST"},{"floor":47,"key":"REST"},{"floor":49,"key":"REST"}],"circlet_count":0,"master_deck":["Strike_B","Strike_B","Strike_B+1","Defend_B","Defend_B","Defend_B","Defend_B","Zap+1","Dualcast","Double Energy+1","Cold Snap","Cold Snap","Self Repair","Sweeping Beam","Conserve Battery","Storm+1","Genetic Algorithm","Loop","Doom and Gloom","Zap","Beam Cell","Thunder Strike","Static Discharge","Barrage+1","Sunder+1","Hello World","Coolheaded","Conserve Battery","BootSequence+1","Force Field","Heatsinks","Storm","Hologram","Storm+1","Decay","Electrodynamics","White Noise+1","Storm","Panacea","Compile Driver+1","Sweeping Beam","Echo Form","Self Repair+1","Defragment+1","Double Energy","Coolheaded","Loop","Conserve Battery+1"],"relics":["Cracked Core","Bottled Tornado","TungstenRod","Incense Burner","Inserter","Potion Belt","StrikeDummy","Bag of Preparation","Runic Dome","Lantern","Whetstone","FossilizedHelix"],"acts_visited":["Exordium","TheCity","TheBeyond"],"potions_floor_usage":[16,20,25,27,27,33,38,41,48,50,50,50],"damage_taken":[{"damage":3,"enemies":"2 Louse","floor":1,"turns":2},{"damage":0,"enemies":"Cultist","floor":2,"turns":3},{"damage":0,"enemies":"Small Slimes","floor":3,"turns":3},{"damage":17,"enemies":"3 Sentries","floor":6,"turns":8},{"damage":9,"enemies":"Gremlin Gang","floor":8,"turns":5},{"damage":18,"enemies":"Lagavulin","floor":11,"turns":7},{"damage":11,"enemies":"Blue Slaver","floor":14,"turns":3},{"damage":13,"enemies":"Slime Boss","floor":16,"turns":10},{"damage":9,"enemies":"Chosen","floor":18,"turns":4},{"damage":13,"enemies":"2 Thieves","floor":19,"turns":5},{"damage":18,"enemies":"3 Cultists","floor":20,"turns":4},{"damage":25,"enemies":"Snake Plant","floor":22,"turns":5},{"damage":42,"enemies":"Book of Stabbing","floor":24,"turns":7},{"damage":0,"enemies":"Chosen and Byrds","floor":25,"turns":6},{"damage":24,"enemies":"Slavers","floor":27,"turns":5},{"damage":7,"enemies":"Centurion and Healer","floor":29,"turns":4},{"damage":74,"enemies":"Automaton","floor":33,"turns":7},{"damage":8,"enemies":"Orb Walker","floor":35,"turns":3},{"damage":8,"enemies":"3 Shapes","floor":37,"turns":3},{"damage":1,"enemies":"Jaw Worm Horde","floor":38,"turns":2},{"damage":24,"enemies":"Spire Growth","floor":39,"turns":4},{"damage":39,"enemies":"Giant Head","floor":40,"turns":7},{"damage":16,"enemies":"4 Shapes","floor":41,"turns":3},{"damage":3,"enemies":"3 Darklings","floor":44,"turns":4},{"damage":12,"enemies":"Spire Growth","floor":46,"turns":3},{"damage":56,"enemies":"Reptomancer","floor":48,"turns":4},{"damage":52,"enemies":"Time Eater","floor":50,"turns":8}],"seed_played":"-1276797440527860289","potions_obtained":[{"floor":1,"key":"FairyPotion"},{"floor":11,"key":"SneckoOil"},{"floor":16,"key":"Ancient Potion"},{"floor":19,"key":"DuplicationPotion"},{"floor":20,"key":"Energy Potion"},{"floor":24,"key":"Fire Potion"},{"floor":25,"key":"LiquidMemories"},{"floor":27,"key":"SteroidPotion"},{"floor":35,"key":"Energy Potion"},{"floor":39,"key":"EssenceOfSteel"},{"floor":48,"key":"FearPotion"}],"is_trial":false,"path_per_floor":["M","M","M","$","?","E","R","M","T","R","E","$","?","M","R","B",null,"M","M","M","$","M","R","E","M","T","E","$","M","?","?","R","B",null,"M","$","M","M","M","E","M","R","T","M","$","M","R","E","R","B",null],"character_chosen":"DEFECT","items_purchased":["Self Repair","Sweeping Beam","Loop","Doom and Gloom","Hello World","Coolheaded","Storm","Hologram","Storm","Panacea","Regen Potion","Coolheaded","SteroidPotion"],"campfire_rested":6,"item_purchase_floors":[4,4,12,12,21,21,28,28,36,36,45,45,45],"current_hp_per_floor":[72,72,72,72,72,62,62,60,60,60,49,49,49,45,69,63,77,75,69,51,51,33,57,22,29,29,12,12,5,5,5,29,31,69,68,68,67,73,56,24,18,42,42,46,46,41,65,26,50,20],"gold":56,"neow_bonus":"TEN_PERCENT_HP_BONUS","is_daily":false,"chose_seed":false,"campfire_upgraded":2,"win_rate":0.0,"timestamp":1608527934,"path_taken":["M","M","M","$","?","E","R","M","T","R","E","?","?","M","R","BOSS","M","M","M","$","M","R","E","M","T","E","$","?","?","?","R","BOSS","M","$","M","M","M","E","M","R","T","M","$","M","R","E","R","BOSS"],"items_purchased_type":["Card","Card","Card","Card","Card","Card","Card","Card","Card","Card","Potion","Card","Potion"],"build_version":"2020-12-13","purchased_purges":0,"victory":true,"max_hp_per_floor":[82,82,82,82,82,82,82,82,82,82,82,82,82,82,82,82,82,82,82,82,82,82,82,82,82,82,82,82,82,82,82,82,82,82,82,82,82,82,82,82,82,82,82,82,82,82,82,82,82,82],"card_choices":[{"not_picked":["Beam Cell","Cold Snap"],"picked":"Double Energy","floor":1},{"not_picked":["Undo","Aggregate"],"picked":"Cold Snap","floor":2},{"not_picked":["Leap","Coolheaded"],"picked":"Cold Snap","floor":3},{"not_picked":["Compile Driver","Reinforced Body"],"picked":"Conserve Battery","floor":6},{"not_picked":["Steam Power","Redo"],"picked":"Storm","floor":8},{"not_picked":["Undo","Turbo"],"picked":"Genetic Algorithm","floor":11},{"not_picked":["Barrage","Turbo"],"picked":"Beam Cell","floor":14},{"not_picked":["Meteor Strike","Fission"],"picked":"Thunder Strike","floor":16},{"not_picked":["Beam Cell","Barrage+1"],"picked":"Static Discharge","floor":18},{"not_picked":["Rebound","Conserve Battery"],"picked":"Barrage+1","floor":19},{"not_picked":["Go for the Eyes","Multi-Cast"],"picked":"Sunder","floor":20},{"not_picked":["Beam Cell","Leap"],"picked":"Conserve Battery","floor":22},{"not_picked":["Beam Cell","Stack"],"picked":"BootSequence+1","floor":24},{"not_picked":["Hologram","Coolheaded+1"],"picked":"Force Field","floor":25},{"not_picked":["Glacier","Auto Shields"],"picked":"Heatsinks","floor":27},{"not_picked":["Conserve Battery","Chaos"],"picked":"Storm+1","floor":29},{"not_picked":["Echo Form","Thunder Strike"],"picked":"Electrodynamics","floor":33},{"not_picked":["Blizzard+1","Turbo+1"],"picked":"White Noise+1","floor":35},{"not_picked":["Rebound+1","Barrage"],"picked":"Compile Driver+1","floor":37},{"not_picked":["Turbo","Redo+1"],"picked":"Sweeping Beam","floor":38},{"not_picked":["Stack+1","Conserve Battery+1"],"picked":"Echo Form","floor":39},{"not_picked":["FTL+1","Rebound+1"],"picked":"Self Repair+1","floor":40},{"not_picked":["FTL+1","Compile Driver+1"],"picked":"Defragment+1","floor":41},{"not_picked":["Conserve Battery","Heatsinks+1"],"picked":"Double Energy","floor":44},{"not_picked":["Reprogram+1","FTL"],"picked":"Loop","floor":46},{"not_picked":["Turbo+1","Ball Lightning"],"picked":"Conserve Battery+1","floor":48}],"player_experience":3851011,"relics_obtained":[{"floor":6,"key":"Bottled Tornado"},{"floor":9,"key":"TungstenRod"},{"floor":11,"key":"Incense Burner"},{"floor":24,"key":"Potion Belt"},{"floor":26,"key":"StrikeDummy"},{"floor":27,"key":"Bag of Preparation"},{"floor":40,"key":"Lantern"},{"floor":43,"key":"Whetstone"},{"floor":48,"key":"FossilizedHelix"}],"event_choices":[{"cards_removed":["Strike_B"],"damage_healed":0,"gold_gain":0,"player_choice":"Purged","damage_taken":0,"max_hp_gain":0,"max_hp_loss":0,"event_name":"Purifier","floor":5,"gold_loss":0},{"damage_healed":0,"gold_gain":0,"player_choice":"1 cards matched","damage_taken":0,"max_hp_gain":0,"max_hp_loss":0,"event_name":"Match and Keep!","floor":13,"gold_loss":0,"cards_obtained":["Zap"]},{"damage_healed":0,"gold_gain":0,"player_choice":"Smashed Altar","damage_taken":0,"max_hp_gain":0,"max_hp_loss":0,"event_name":"Forgotten Altar","floor":30,"gold_loss":0,"cards_obtained":["Decay"]},{"damage_healed":0,"gold_gain":0,"player_choice":"Upgraded","damage_taken":0,"max_hp_gain":0,"max_hp_loss":0,"event_name":"Upgrade Shrine","floor":31,"gold_loss":0,"cards_upgraded":["Storm"]}],"is_beta":false,"boss_relics":[{"not_picked":["Sozu","Tiny House"],"picked":"Inserter"},{"not_picked":["Velvet Choker","Runic Pyramid"],"picked":"Runic Dome"}],"items_purged_floors":[],"is_endless":false,"potions_floor_spawned":[1,11,16,19,20,24,25,27,35,39,48],"ascension_level":8}}