{"host":"vhvubw4jk4f204qs","time":1608526451,"event":{"mods":["AchievementEnabler","Act Like it!","BaseMod","Better Match","Better Note","BetterRewards","Colored Powertips","Downfall","GifTheSpireLib","Googly Eyes","Highlight Path","Jorbs Mod","Marisa????????","Minty Spire (QoL Compilation)","Permanent Neow","Prisma Mod","Quick Restart","Replay The Spire","StSLib","SuperFastMode","The IronCluck","The Servant 0.9.4","slay the spire mod where everything is the same but ironclad has a cowboy hat"],"gold_per_floor":[99,109,109,138,153,153,179,191,217,232,249,261,328,328,345,449,449,449,463,463,463,463],"floor_reached":20,"playtime":887,"items_purged":[],"score":186,"play_id":"06f0d8b4-25c5-4ce3-8d95-387685919fb7","local_time":"20201220235411","is_ascension_mode":false,"campfire_choices":[{"floor":1,"key":"DIG"},{"data":"Slimebound:PrepareCrush","floor":3,"key":"SMITH"},{"data":"Slimebound:CorrosiveSpit","floor":6,"key":"SMITH"},{"data":"Slimebound:MassFeed","floor":18,"key":"SMITH"}],"circlet_count":0,"master_deck":["Slimebound:Strike_Slimebound","Slimebound:Strike_Slimebound","Slimebound:Strike_Slimebound","Slimebound:Tackle","Slimebound:Defend_Slimebound","Slimebound:Defend_Slimebound","Slimebound:Defend_Slimebound","Slimebound:Defend_Slimebound","Slimebound:Split","Slimebound:CorrosiveSpit+1","Slimebound:PrepareCrush+1","Slimebound:PressTheAttack","Slimebound:SplitAcid","Slimebound:Prepare","Slimebound:ViciousTackle","Slimebound:SamplingLick","Slimebound:RainOfGoop","Slimebound:LivingWall","Slimebound:MassFeed+1","Slimebound:SplitMire","Slimebound:LeechEnergy","Slimebound:WasteNot","Slimebound:SlimeSpikes+1"],"relics":["Slimebound:AbsorbEndCombat","Ice Cream","Orichalcum","Vajra","Toy Ornithopter","Slimebound:AggressiveSlimeRelic","Replay:Grab Bag","Slimebound:TarBlob","Painkiller Herb","Runic Pyramid","Snecko Eye"],"acts_visited":["Exordium","TheCity"],"potions_floor_usage":[15,16,16,20],"damage_taken":[{"damage":4,"enemies":"Cultist","floor":2,"turns":3},{"damage":11,"enemies":"Replay:BlueRogue","floor":4,"turns":4},{"damage":8,"enemies":"2 Louse","floor":5,"turns":2},{"damage":12,"enemies":"Jaw Worm","floor":8,"turns":4},{"damage":21,"enemies":"Lagavulin","floor":9,"turns":4},{"damage":17,"enemies":"Exordium Wildlife","floor":10,"turns":4},{"damage":10,"enemies":"3 Louse","floor":11,"turns":3},{"damage":16,"enemies":"2 Fungi Beasts","floor":12,"turns":4},{"damage":23,"enemies":"Gremlin Gang","floor":15,"turns":4},{"damage":62,"enemies":"downfall:Silent","floor":16,"turns":5},{"damage":18,"enemies":"Spheric Guardian","floor":19,"turns":3},{"damage":16,"enemies":"Book of Stabbing","floor":20,"turns":2}],"seed_played":"4399630001260345375","potions_obtained":[{"floor":2,"key":"SpeedPotion"},{"floor":4,"key":"Weak Potion"},{"floor":9,"key":"Venom Potion"},{"floor":13,"key":"Regen Potion"},{"floor":13,"key":"SkillPotion"},{"floor":13,"key":"Toxic Potion"},{"floor":15,"key":"Guardian:BlockOnCardUsePotion"}],"is_trial":false,"path_per_floor":["R","M","R","E","M","R","T","M","E","M","M","M","?","T","M","B",null,"T","?","E"],"character_chosen":"SLIMEBOUND","items_purchased":[],"campfire_rested":0,"item_purchase_floors":[],"current_hp_per_floor":[60,60,60,53,53,53,53,60,54,49,51,43,43,43,60,33,60,60,64,48,48,48],"gold":463,"neow_bonus":"ONE_RANDOM_RARE_CARD","is_daily":false,"chose_seed":false,"campfire_upgraded":3,"win_rate":0.0,"timestamp":1608526451,"path_taken":["R","M","R","E","M","R","T","M","E","M","M","?","?","?","M","BOSS","T","?","E"],"items_purchased_type":[],"build_version":"2020-12-13","purchased_purges":0,"victory":false,"max_hp_per_floor":[60,60,60,60,60,60,60,60,60,60,60,60,60,60,60,60,60,60,64,64,64,64],"card_choices":[{"not_picked":["Slimebound:RainOfGoop","Slimebound:SlimeBarrage"],"picked":"Slimebound:PressTheAttack","floor":2},{"not_picked":["Slimebound:SlimeBrawl","Slimebound:FinishingTackle"],"picked":"Slimebound:SplitAcid","floor":4},{"not_picked":["Slimebound:SplitLeeching","Slimebound:LeechingTouch"],"picked":"Slimebound:Prepare","floor":5},{"not_picked":["Slimebound:FormOfPuddle","Slimebound:FirmFortitude"],"picked":"Slimebound:ViciousTackle","floor":8},{"not_picked":["Slimebound:Grow","Slimebound:PressTheAttack"],"picked":"Slimebound:SamplingLick","floor":9},{"not_picked":["Slimebound:GoopSpray","Slimebound:AcidTongue"],"picked":"Slimebound:RainOfGoop","floor":10},{"not_picked":["Slimebound:ViciousTackle","Slimebound:Schlurp"],"picked":"Slimebound:LivingWall","floor":11},{"not_picked":["Slimebound:SplitAcid","Slimebound:SplitBruiser"],"picked":"Slimebound:MassFeed","floor":12},{"not_picked":["Slimebound:LivingWall","Slimebound:SplitAcid"],"picked":"Slimebound:SplitMire","floor":13},{"not_picked":["Slimebound:Gluttony","Slimebound:SplitMire"],"picked":"Slimebound:LeechEnergy","floor":15},{"not_picked":["Slimebound:OozeBath","Slimebound:MassFeed"],"picked":"Slimebound:WasteNot","floor":16},{"not_picked":["Slimebound:ItLooksTasty","Slimebound:SplitAcid"],"picked":"Slimebound:SlimeSpikes+1","floor":19}],"player_experience":1039515,"relics_obtained":[{"floor":1,"key":"Ice Cream"},{"floor":4,"key":"Orichalcum"},{"floor":7,"key":"Vajra"},{"floor":9,"key":"Toy Ornithopter"},{"floor":14,"key":"Slimebound:AggressiveSlimeRelic"}],"event_choices":[],"is_beta":false,"boss_relics":[{"not_picked":["Empty Cage","Replay:Bronze Core"],"picked":"Replay:Grab Bag"},{"not_picked":["Velvet Choker","Abe\u0027s Treasure"],"picked":"Slimebound:TarBlob"},{"not_picked":["ChewingGum","Runic Dome"],"picked":"Painkiller Herb"},{"not_picked":["Kintsugi","Astrolabe"],"picked":"Runic Pyramid"},{"not_picked":["SlaversCollar","Pandora\u0027s Box"],"picked":"Snecko Eye"}],"items_purged_floors":[],"is_endless":false,"potions_floor_spawned":[2,4,9,15],"killed_by":"Book of Stabbing","ascension_level":0}}