{"host":"51f0ad793vly1w6u","time":1608536193,"event":{"mods":["BaseMod","Colored Map","DeckTracker","Minty Spire (QoL Compilation)","StSLib","SuperFastMode"],"gold_per_floor":[112,126,51,51,63,63,91,91,118,118,130,145,145,178,178,252,252,262,291,216,55,70,70,104,121,121,121,121,121,121,133,133,209,209,226,243,243,243,253,253,253,303,303,319,319,219,219,219],"floor_reached":47,"playtime":1015,"items_purged":["Strike_G","Defend_G"],"score":1012,"play_id":"0b109517-e9dd-4bc7-b6d7-da4f89e1deaf","local_time":"20201221163633","is_ascension_mode":true,"campfire_choices":[{"data":"Deadly Poison","floor":6.0,"key":"SMITH"},{"data":"Noxious Fumes","floor":10.0,"key":"SMITH"},{"data":"Neutralize","floor":13.0,"key":"SMITH"},{"data":"Footwork","floor":15.0,"key":"SMITH"},{"data":"Footwork","floor":23,"key":"SMITH"},{"floor":30,"key":"REST"},{"data":"Backflip","floor":32,"key":"SMITH"},{"floor":40,"key":"REST"},{"data":"Wraith Form v2","floor":45,"key":"SMITH"}],"circlet_count":0,"master_deck":["AscendersBane","Defend_G","Defend_G","Defend_G","Survivor","Neutralize+1","Crippling Poison+1","Deadly Poison+1","Noxious Fumes+1","Footwork+1","Corpse Explosion","Footwork+1","Reflex","Prepared+1","Backflip+1","Wraith Form v2+1","Phantasmal Killer+1","Corpse Explosion+1","Acrobatics","Footwork"],"relics":["Ring of the Snake","NeowsBlessing","Strawberry","Bag of Marbles","Bird Faced Urn","SacredBark","Red Mask","Lee\u0027s Waffle","Juzu Bracelet","Regal Pillow","Astrolabe","Eternal Feather"],"acts_visited":["Exordium","TheCity","TheBeyond"],"potions_floor_usage":[19,24,24,33,39,41],"damage_taken":[{"damage":0.0,"enemies":"Cultist","floor":1.0,"turns":1.0},{"damage":0.0,"enemies":"Small Slimes","floor":2.0,"turns":1.0},{"damage":0.0,"enemies":"Jaw Worm","floor":5.0,"turns":1.0},{"damage":8.0,"enemies":"Gremlin Nob","floor":7.0,"turns":3.0},{"damage":9.0,"enemies":"Large Slime","floor":11.0,"turns":6.0},{"damage":0.0,"enemies":"Gremlin Gang","floor":12.0,"turns":3.0},{"damage":5.0,"enemies":"Lagavulin","floor":14.0,"turns":5.0},{"damage":11.0,"enemies":"The Guardian","floor":16.0,"turns":9.0},{"damage":14.0,"enemies":"Shell Parasite","floor":18.0,"turns":5.0},{"damage":8,"enemies":"Masked Bandits","floor":19,"turns":2},{"damage":6,"enemies":"3 Byrds","floor":22,"turns":4},{"damage":13,"enemies":"Gremlin Leader","floor":24,"turns":8},{"damage":22,"enemies":"Snecko","floor":25,"turns":7},{"damage":1,"enemies":"Centurion and Healer","floor":31,"turns":6},{"damage":2,"enemies":"Champ","floor":33,"turns":13},{"damage":23,"enemies":"3 Shapes","floor":35,"turns":6},{"damage":41,"enemies":"3 Darklings","floor":36,"turns":4},{"damage":18,"enemies":"Sphere and 2 Shapes","floor":39,"turns":7},{"damage":35,"enemies":"Giant Head","floor":41,"turns":7},{"damage":27,"enemies":"Writhing Mass","floor":44,"turns":8},{"damage":43,"enemies":"Jaw Worm Horde","floor":47,"turns":4}],"seed_played":"-2136936517027912239","potions_obtained":[{"floor":1.0,"key":"Poison Potion"},{"floor":5.0,"key":"BlessingOfTheForge"},{"floor":7.0,"key":"Explosive Potion"},{"floor":16.0,"key":"Swift Potion"},{"floor":19,"key":"EssenceOfSteel"},{"floor":22,"key":"LiquidMemories"},{"floor":25,"key":"DistilledChaos"},{"floor":35,"key":"SmokeBomb"},{"floor":36,"key":"SkillPotion"}],"is_trial":false,"path_per_floor":["M","M","$","?","M","R","E","?","T","R","M","M","R","E","R","B",null,"M","?","?","$","M","R","E","M","T","?","?","?","R","M","R","B",null,"M","M","?","?","M","R","E","?","T","M","R","$","M"],"character_chosen":"THE_SILENT","items_purchased":["Lee\u0027s Waffle"],"campfire_rested":2,"item_purchase_floors":[21],"current_hp_per_floor":[59,59,59,59,59,59,58,58,58,58,49,49,49,44,44,37,64,54,46,46,80,74,74,67,51,51,28,28,28,68,73,73,77,83,68,33,33,33,25,64,37,37,37,20,32,32,0,0],"gold":219,"neow_bonus":"THREE_ENEMY_KILL","is_daily":false,"chose_seed":false,"campfire_upgraded":7,"win_rate":0.0,"timestamp":1608536193,"path_taken":["M","M","$","?","M","R","E","?","T","R","?","?","R","E","R","BOSS","M","?","?","$","M","R","E","M","T","?","?","?","R","M","R","BOSS","M","M","?","?","M","R","E","?","T","M","R","$","M"],"items_purchased_type":["Relic"],"build_version":"2020-12-13","purchased_purges":2,"victory":false,"max_hp_per_floor":[66,66,66,66,66,66,73,73,73,73,73,73,73,73,73,73,73,73,73,73,80,80,80,80,80,80,85,85,85,85,85,85,85,85,85,85,85,81,81,81,81,81,81,81,81,81,81,81],"card_choices":[{"not_picked":["Flechettes","Concentrate"],"picked":"Crippling Poison","floor":1.0},{"not_picked":["PiercingWail","Quick Slash"],"picked":"Dash","floor":2.0},{"not_picked":["Quick Slash","Caltrops"],"picked":"Deadly Poison","floor":5.0},{"not_picked":["Backstab","Underhanded Strike"],"picked":"Noxious Fumes","floor":7.0},{"not_picked":["Dash","Slice","All Out Attack"],"picked":"SKIP","floor":11.0},{"not_picked":["Endless Agony","All Out Attack","Dodge and Roll"],"picked":"SKIP","floor":12.0},{"not_picked":["Wraith Form v2","Bouncing Flask"],"picked":"Footwork","floor":14.0},{"not_picked":["Envenom","Doppelganger"],"picked":"Corpse Explosion","floor":16.0},{"not_picked":["Blade Dance+1","Quick Slash"],"picked":"Footwork","floor":18.0},{"not_picked":["Caltrops","Deadly Poison"],"picked":"Reflex","floor":22},{"not_picked":["Dagger Spray","Bane","Doppelganger"],"picked":"SKIP","floor":24},{"not_picked":["Dagger Spray","Bouncing Flask"],"picked":"Prepared+1","floor":25},{"not_picked":["Distraction","Blade Dance"],"picked":"Backflip","floor":31},{"not_picked":["Unload","Storm of Steel"],"picked":"Wraith Form v2","floor":33},{"not_picked":["Calculated Gamble","Slice"],"picked":"Acrobatics","floor":35},{"not_picked":["Backflip+1","PiercingWail"],"picked":"Footwork","floor":36},{"not_picked":["Cloak And Dagger","Flying Knee+1","Backstab"],"picked":"SKIP","floor":39},{"not_picked":["Outmaneuver+1","Backflip","Riddle With Holes+1"],"picked":"SKIP","floor":44}],"player_experience":1372147,"relics_obtained":[{"floor":7.0,"key":"Strawberry"},{"floor":9.0,"key":"Bag of Marbles"},{"floor":14.0,"key":"Bird Faced Urn"},{"floor":19,"key":"Red Mask"},{"floor":24,"key":"Juzu Bracelet"},{"floor":26,"key":"Regal Pillow"},{"floor":43,"key":"Eternal Feather"}],"event_choices":[{"damage_healed":0.0,"max_hp_gain":0.0,"max_hp_loss":0.0,"gold_gain":0.0,"event_name":"Living Wall","player_choice":"Grow","floor":4.0,"gold_loss":0.0,"damage_taken":0.0,"cards_upgraded":["Crippling Poison"]},{"cards_removed":["Strike_G"],"damage_healed":0.0,"max_hp_gain":0.0,"max_hp_loss":0.0,"gold_gain":0.0,"event_name":"Bonfire Elementals","player_choice":"Offered Basic","floor":8.0,"gold_loss":0.0,"damage_taken":0.0},{"damage_healed":0,"gold_gain":0,"player_choice":"Fought Bandits","damage_taken":0,"max_hp_gain":0,"max_hp_loss":0,"event_name":"Masked Bandits","floor":19,"gold_loss":0},{"cards_removed":["Strike_G"],"damage_healed":0,"gold_gain":0,"player_choice":"Gave Gold","damage_taken":0,"max_hp_gain":0,"max_hp_loss":0,"event_name":"Beggar","floor":20,"gold_loss":75},{"damage_healed":0,"gold_gain":0,"player_choice":"Shed Blood","damage_taken":28,"max_hp_gain":5,"max_hp_loss":0,"event_name":"Forgotten Altar","floor":27,"gold_loss":0},{"damage_healed":0,"gold_gain":0,"player_choice":"Ignored","damage_taken":0,"max_hp_gain":0,"max_hp_loss":0,"event_name":"Vampires","floor":28,"gold_loss":0},{"cards_removed":["Strike_G"],"damage_healed":0,"gold_gain":0,"player_choice":"Purged","damage_taken":0,"max_hp_gain":0,"max_hp_loss":0,"event_name":"Purifier","floor":29,"gold_loss":0},{"cards_removed":["Sucker Punch"],"damage_healed":0,"gold_gain":0,"player_choice":"Removed Attack","damage_taken":0,"max_hp_gain":0,"max_hp_loss":0,"event_name":"Falling","floor":37,"gold_loss":0},{"damage_healed":0,"gold_gain":0,"player_choice":"Max HP","damage_taken":0,"max_hp_gain":0,"max_hp_loss":4,"event_name":"Winding Halls","floor":38,"gold_loss":0},{"damage_healed":0,"gold_gain":50,"player_choice":"Pray","damage_taken":0,"max_hp_gain":0,"max_hp_loss":0,"event_name":"Golden Shrine","floor":42,"gold_loss":0}],"is_beta":false,"boss_relics":[{"not_picked":["Sozu","Cursed Key"],"picked":"SacredBark"},{"not_picked":["WristBlade","Snecko Eye"],"picked":"Astrolabe"}],"items_purged_floors":[3,46],"is_endless":false,"potions_floor_spawned":[1,5,7,16,19,22,25,35,36],"killed_by":"Jaw Worm Horde","ascension_level":20}}