{"host":"6gzy6nvr8uokwcne","time":1608584451,"event":{"mods":["2.2 Compatiblity","AchievementEnabler","Act Like it!","BaseMod","Hallownest","Marisa????????","Minty Spire (QoL Compilation)","Quick Restart","StSLib","The Alterego","The Cursed","The Disciple","The Dragon Tamer","The Necromancer","The Servant 0.9.4"],"gold_per_floor":[110,110,124,137,37,37,62,62,62,62,62],"floor_reached":10,"playtime":1124,"items_purged":[],"score":66,"play_id":"235a1075-1e76-4812-9ae2-fc0babfdab1b","local_time":"20201221140051","daily_mods":["Heirloom"],"is_ascension_mode":false,"campfire_choices":[{"floor":6,"key":"RECALL"},{"floor":8,"key":"REST"}],"circlet_count":0,"master_deck":["Strike_Br","Strike_Br","Strike_Br","Strike_Br","Defend_Br","Defend_Br","Defend_Br","Defend_Br","SecondHand","PatternShift","LockedMercury+1","LockedBlood","LockedTornado","Engulf"],"relics":["Chronometer","Turnip","Prayer Wheel"],"acts_visited":["Exordium"],"potions_floor_usage":[7,7,7],"damage_taken":[{"damage":1,"enemies":"2 Louse","floor":1,"turns":5},{"damage":0,"enemies":"Cultist","floor":3,"turns":6},{"damage":0,"enemies":"Jaw Worm","floor":4,"turns":7},{"damage":25,"enemies":"3 Sentries","floor":7,"turns":10},{"damage":74,"enemies":"Gremlin Nob","floor":10,"turns":5}],"seed_played":"7860097105512910035","potions_obtained":[{"floor":1,"key":"WardPotion"},{"floor":4,"key":"DistilledChaos"},{"floor":7,"key":"Ancient Potion"}],"is_trial":true,"path_per_floor":["M","?","M","M","$","R","E","R","T","E"],"character_chosen":"CHRONO_CLASS","items_purchased":["Engulf","AttackPotion"],"campfire_rested":1,"item_purchase_floors":[5,5],"current_hp_per_floor":[64,64,64,65,65,65,44,63,63,0,0],"gold":62,"neow_bonus":"","is_daily":false,"chose_seed":false,"campfire_upgraded":0,"win_rate":0.0,"timestamp":1608584451,"path_taken":["M","?","M","?","$","R","E","R","T","E"],"items_purchased_type":["Card","Potion"],"build_version":"2020-12-13","purchased_purges":0,"victory":false,"max_hp_per_floor":[65,65,65,65,65,65,65,65,65,65,65],"card_choices":[{"not_picked":["FormalWear","BlueShift"],"picked":"LockedMercury","floor":1},{"not_picked":["LockedAnchor","BlueShift"],"picked":"LockedBlood","floor":3},{"not_picked":["Accruing","LockedWhetstone"],"picked":"LockedTornado","floor":4},{"not_picked":["LockedTornado","Accruing","WindUp"],"picked":"SKIP","floor":7}],"player_experience":465057,"relics_obtained":[{"floor":7,"key":"Prayer Wheel"}],"event_choices":[{"damage_healed":0,"gold_gain":0,"player_choice":"Forge","damage_taken":0,"max_hp_gain":0,"max_hp_loss":0,"event_name":"Accursed Blacksmith","floor":2,"gold_loss":0,"cards_upgraded":["LockedMercury"]}],"is_beta":false,"boss_relics":[],"items_purged_floors":[],"is_endless":false,"potions_floor_spawned":[1,4,7],"killed_by":"Gremlin Nob","ascension_level":0}}