{"host":"vyt5ne9ydo1z9gg1","time":1608543941,"event":{"mods":["BaseMod","Curses Come First","DeckTracker","GifTheSpireLib","Minty Spire (QoL Compilation)","StSLib"],"gold_per_floor":[144,189,189,284,329,419,476,533,545,652,714,771,828,885,897,1209,1221,1278,570,615,690,735,825,825,870,870,915,965,1010,1100,1150,1150,1450,1450,1495,1093,1215,741,816,906,951,1001,1001,1126,1176,1221,1346,1436,1445,1445],"floor_reached":51,"playtime":2631,"items_purged":["Juggernaut","Shrug It Off"],"score":1203,"play_id":"dbc48e0f-65d9-4009-9792-8d11663a343d","local_time":"20201221204541","daily_mods":["Shiny","Vintage","Midas"],"is_ascension_mode":false,"campfire_choices":[{"floor":15.0,"key":"REST"},{"floor":24.0,"key":"REST"},{"floor":32.0,"key":"REST"},{"floor":49,"key":"REST"}],"circlet_count":0,"master_deck":["Double Tap","Demon Form","Bludgeon","Feed","Limit Break+1","Corruption","Barricade","Fiend Fire","Berserk","Impervious","Reaper","Exhume","Offering","Immolate","Impervious+1","Rage+1","Impervious+1","Inflame+1","Heavy Blade+1","Seeing Red+1","Madness+1","Inflame+1","Shrug It Off+1","Feel No Pain+1","Impervious+1","Madness+1","Madness+1","Metallicize+1"],"relics":["Burning Blood","Bottled Flame","Pen Nib","SsserpentHead","Tiny Chest","Singing Bowl","MawBank","StoneCalendar","Anchor","Bag of Preparation","Torii","PreservedInsect","Bronze Scales","Juzu Bracelet","Black Star","Ornamental Fan","Strange Spoon","Letter Opener","Molten Egg 2","Paper Frog","MealTicket","Frozen Egg 2","Art of War","Toxic Egg 2","Mummified Hand","Mercury Hourglass","Strawberry","Regal Pillow","Meat on the Bone","Omamori","Orichalcum","Runic Pyramid","Charon\u0027s Ashes","DollysMirror","Prayer Wheel","Happy Flower","Centennial Puzzle","Vajra","War Paint","Bottled Lightning","White Beast Statue","Gremlin Horn","Eternal Feather","Bottled Tornado","Dream Catcher","CeramicFish"],"acts_visited":["Exordium","TheCity","TheBeyond"],"potions_floor_usage":[],"damage_taken":[{"damage":20.0,"enemies":"Jaw Worm","floor":1.0,"turns":4.0},{"damage":6.0,"enemies":"Cultist","floor":2.0,"turns":4.0},{"damage":0.0,"enemies":"Small Slimes","floor":4.0,"turns":1.0},{"damage":13.0,"enemies":"Exordium Thugs","floor":5.0,"turns":2.0},{"damage":0.0,"enemies":"3 Sentries","floor":6.0,"turns":1.0},{"damage":0.0,"enemies":"Looter","floor":7.0,"turns":2.0},{"damage":0.0,"enemies":"2 Fungi Beasts","floor":8.0,"turns":1.0},{"damage":0.0,"enemies":"3 Louse","floor":10.0,"turns":1.0},{"damage":6.0,"enemies":"Red Slaver","floor":12.0,"turns":1.0},{"damage":7.0,"enemies":"Exordium Thugs","floor":13.0,"turns":3.0},{"damage":6.0,"enemies":"Looter","floor":14.0,"turns":1.0},{"damage":6.0,"enemies":"Slime Boss","floor":16.0,"turns":3.0},{"damage":6.0,"enemies":"Shell Parasite","floor":18.0,"turns":3.0},{"damage":6.0,"enemies":"Spheric Guardian","floor":20.0,"turns":3.0},{"damage":12.0,"enemies":"Snake Plant","floor":22.0,"turns":6.0},{"damage":12.0,"enemies":"Book of Stabbing","floor":23.0,"turns":5.0},{"damage":16.0,"enemies":"Centurion and Healer","floor":25.0,"turns":5.0},{"damage":0.0,"enemies":"3 Cultists","floor":27.0,"turns":2.0},{"damage":0.0,"enemies":"Sentry and Sphere","floor":29.0,"turns":1.0},{"damage":0.0,"enemies":"Slavers","floor":30.0,"turns":2.0},{"damage":14.0,"enemies":"Champ","floor":33.0,"turns":7.0},{"damage":7,"enemies":"3 Darklings","floor":35,"turns":4},{"damage":0,"enemies":"2 Orb Walkers","floor":37,"turns":3},{"damage":6,"enemies":"Giant Head","floor":40,"turns":4},{"damage":12,"enemies":"Orb Walker","floor":41,"turns":2},{"damage":6,"enemies":"Spire Growth","floor":46,"turns":3},{"damage":6,"enemies":"Reptomancer","floor":48,"turns":3},{"damage":6,"enemies":"Time Eater","floor":50,"turns":7}],"seed_played":"7329645460642280970","potions_obtained":[{"floor":1.0,"key":"Energy Potion"},{"floor":2.0,"key":"FearPotion"},{"floor":4.0,"key":"ColorlessPotion"},{"floor":10.0,"key":"SkillPotion"},{"floor":12.0,"key":"BloodPotion"},{"floor":18.0,"key":"FearPotion"},{"floor":25.0,"key":"FairyPotion"},{"floor":30.0,"key":"Dexterity Potion"},{"floor":35,"key":"SmokeBomb"},{"floor":46,"key":"SkillPotion"},{"floor":48,"key":"DistilledChaos"}],"is_trial":false,"path_per_floor":["M","M","?","M","M","E","M","M","T","M","?","M","M","M","R","B",null,"M","$","M","T","M","E","R","M","T","M","?","M","E","?","R","B",null,"M","$","?","$","T","E","M","?","T","T","?","M","T","E","R","B",null],"character_chosen":"IRONCLAD","items_purchased":["Strange Spoon","Letter Opener","Molten Egg 2","Shrug It Off","Inflame+1","Heavy Blade+1","Seeing Red+1","Madness+1","DollysMirror","Feel No Pain+1","Happy Flower","Impervious+1"],"campfire_rested":4,"item_purchase_floors":[19,19,19,19,36,36,36,36,36,38,38,38],"current_hp_per_floor":[69,69,69,75,71,77,83,86,86,86,86,86,89,89,89,89,89,89,89,89,89,87,87,91,91,91,101,101,101,104,104,104,104,104,107,107,107,107,107,109,103,103,103,103,89,101,101,111,111,111],"gold":1445,"neow_bonus":"","is_daily":true,"chose_seed":false,"campfire_upgraded":0,"win_rate":0.0,"timestamp":1608543941,"path_taken":["M","M","?","?","M","E","M","M","T","?","?","M","M","M","R","BOSS","M","?","M","?","M","E","R","M","T","M","?","M","E","?","R","BOSS","M","$","?","$","?","E","M","?","T","?","?","M","?","E","R","BOSS"],"items_purchased_type":["Relic","Relic","Relic","Card","Card","Card","Card","Card","Relic","Card","Relic","Card"],"build_version":"2020-12-13","purchased_purges":2,"victory":true,"max_hp_per_floor":[83,83,83,83,86,86,86,86,86,86,86,86,89,89,89,89,89,89,89,89,89,89,91,91,91,91,101,101,101,104,104,104,104,104,107,107,107,107,107,109,109,109,109,109,109,109,109,111,111,111],"card_choices":[{"not_picked":["Uppercut","Dark Embrace"],"picked":"Inflame","floor":6.0},{"not_picked":["Fiend Fire","Reaper"],"picked":"Impervious","floor":16.0},{"not_picked":["Body Slam+1","Reckless Charge+1","Thunderclap+1"],"picked":"Singing Bowl","floor":23.0},{"not_picked":["Havoc+1","Clash+1"],"picked":"Rage+1","floor":30.0},{"not_picked":["Double Tap+1","Immolate+1"],"picked":"Impervious+1","floor":33.0},{"not_picked":["Clothesline+1","Pommel Strike+1"],"picked":"Shrug It Off+1","floor":37},{"not_picked":["Headbutt+1","Intimidate+1","Iron Wave+1"],"picked":"Singing Bowl","floor":40},{"not_picked":["Reckless Charge+1","Second Wind+1","Flame Barrier+1"],"picked":"Singing Bowl","floor":48},{"not_picked":["Reckless Charge+1","Clothesline+1"],"picked":"Metallicize+1","floor":49}],"player_experience":101217,"relics_obtained":[{"floor":1.0,"key":"Bottled Flame"},{"floor":2.0,"key":"Pen Nib"},{"floor":4.0,"key":"Tiny Chest"},{"floor":5.0,"key":"Singing Bowl"},{"floor":6.0,"key":"MawBank"},{"floor":7.0,"key":"StoneCalendar"},{"floor":8.0,"key":"Anchor"},{"floor":9.0,"key":"Bag of Preparation"},{"floor":10.0,"key":"Torii"},{"floor":12.0,"key":"PreservedInsect"},{"floor":13.0,"key":"Bronze Scales"},{"floor":14.0,"key":"Juzu Bracelet"},{"floor":18.0,"key":"Ornamental Fan"},{"floor":20.0,"key":"Paper Frog"},{"floor":21.0,"key":"MealTicket"},{"floor":22.0,"key":"Frozen Egg 2"},{"floor":23.0,"key":"Art of War"},{"floor":23.0,"key":"Toxic Egg 2"},{"floor":25.0,"key":"Mummified Hand"},{"floor":26.0,"key":"Mercury Hourglass"},{"floor":27.0,"key":"Strawberry"},{"floor":29.0,"key":"Meat on the Bone"},{"floor":30.0,"key":"Omamori"},{"floor":30.0,"key":"Orichalcum"},{"floor":35,"key":"Charon\u0027s Ashes"},{"floor":37,"key":"Prayer Wheel"},{"floor":39,"key":"Centennial Puzzle"},{"floor":40,"key":"Vajra"},{"floor":40,"key":"War Paint"},{"floor":41,"key":"Bottled Lightning"},{"floor":43,"key":"White Beast Statue"},{"floor":44,"key":"Gremlin Horn"},{"floor":46,"key":"Eternal Feather"},{"floor":47,"key":"Bottled Tornado"},{"floor":48,"key":"Dream Catcher"},{"floor":48,"key":"CeramicFish"}],"event_choices":[{"damage_healed":0.0,"max_hp_gain":0.0,"max_hp_loss":0.0,"gold_gain":0.0,"event_name":"FaceTrader","player_choice":"Trade","floor":3.0,"gold_loss":0.0,"damage_taken":0.0,"relics_obtained":["SsserpentHead"]},{"cards_removed":["Brutality"],"damage_healed":0.0,"max_hp_gain":0.0,"max_hp_loss":0.0,"gold_gain":0.0,"event_name":"Purifier","player_choice":"Purged","floor":11.0,"gold_loss":0.0,"damage_taken":0.0},{"damage_healed":0.0,"max_hp_gain":0.0,"max_hp_loss":0.0,"gold_gain":0.0,"event_name":"The Mausoleum","player_choice":"Opened","floor":28.0,"gold_loss":0.0,"damage_taken":0.0,"relics_obtained":["Regal Pillow"],"cards_obtained":["Writhe"]},{"cards_removed":["Writhe"],"damage_healed":0.0,"max_hp_gain":0.0,"max_hp_loss":0.0,"gold_gain":0.0,"event_name":"Back to Basics","player_choice":"Elegance","floor":31.0,"gold_loss":0.0,"damage_taken":0.0},{"damage_healed":0,"gold_gain":0,"player_choice":"Fight","damage_taken":0,"max_hp_gain":0,"max_hp_loss":0,"event_name":"Mysterious Sphere","floor":37,"gold_loss":0},{"cards_removed":["Inflame"],"damage_healed":0,"gold_gain":0,"player_choice":"Card Removal","damage_taken":0,"max_hp_gain":0,"max_hp_loss":0,"event_name":"Wheel of Change","floor":42,"gold_loss":0},{"damage_healed":0,"gold_gain":0,"player_choice":"Embrace Madness","damage_taken":14,"max_hp_gain":0,"max_hp_loss":0,"event_name":"Winding Halls","floor":45,"gold_loss":0,"cards_obtained":["Madness","Madness"]}],"is_beta":false,"boss_relics":[{"not_picked":["Calling Bell","Runic Dome"],"picked":"Black Star"},{"not_picked":["Philosopher\u0027s Stone","Astrolabe"],"picked":"Runic Pyramid"}],"items_purged_floors":[19,38],"is_endless":false,"potions_floor_spawned":[1,2,4,10,12,18,25,30,35,40,46,48],"ascension_level":0}}