{"host":"wdiovb6uv7szux0m","time":1608536144,"event":{"mods":["BaseMod","Minty Spire (QoL Compilation)","StSLib","The Bug Knight","The Druid"],"gold_per_floor":[111,186,197,211,211,239,252,16,40,40,58,20,20,54,54,156,156,172,14,14,14,24,24,24],"floor_reached":23,"playtime":1622,"items_purged":["Strike_B"],"score":224,"play_id":"4e7358e1-6c84-4025-8129-41253048cd8f","local_time":"20201220223544","is_ascension_mode":false,"campfire_choices":[{"floor":13,"key":"REST"},{"floor":15,"key":"RECALL"}],"circlet_count":0,"master_deck":["Strike_B","Strike_B","Strike_B","Defend_B","Defend_B","Defend_B","Defend_B+1","Zap","Dualcast","Doom and Gloom+1","White Noise","BootSequence","Undo","Hello World","Biased Cognition","Self Repair","Static Discharge","Storm","Multi-Cast","Loop","Defragment","Auto Shields","Shame","Tempest+1"],"relics":["Cracked Core","NeowsBlessing","Anchor","Oddly Smooth Stone","Vajra","Black Star","Nilry\u0027s Codex","Nunchaku"],"acts_visited":["Exordium","TheCity"],"potions_floor_usage":[6,16,23],"damage_taken":[{"damage":0,"enemies":"Small Slimes","floor":1,"turns":1},{"damage":0,"enemies":"Cultist","floor":3,"turns":1},{"damage":0,"enemies":"Jaw Worm","floor":4,"turns":1},{"damage":0,"enemies":"Lagavulin","floor":6,"turns":5},{"damage":9,"enemies":"3 Louse","floor":7,"turns":3},{"damage":9,"enemies":"2 Fungi Beasts","floor":11,"turns":3},{"damage":18,"enemies":"3 Sentries","floor":14,"turns":5},{"damage":11,"enemies":"The Guardian","floor":16,"turns":6},{"damage":20,"enemies":"Spheric Guardian","floor":18,"turns":4},{"damage":20,"enemies":"2 Thieves","floor":22,"turns":3},{"damage":40,"enemies":"Book of Stabbing","floor":23,"turns":5}],"seed_played":"-3034020733028402065","potions_obtained":[{"floor":1,"key":"PowerPotion"},{"floor":4,"key":"FocusPotion"},{"floor":6,"key":"PowerPotion"},{"floor":11,"key":"LiquidMemories"}],"is_trial":false,"path_per_floor":["M","?","M","M","?","E","M","$","T","?","M","$","R","E","R","B",null,"M","$","?","?","M","E"],"character_chosen":"DEFECT","items_purchased":["Biased Cognition","Static Discharge","Defragment","Auto Shields"],"campfire_rested":1,"item_purchase_floors":[8,12,19,19],"current_hp_per_floor":[75,68,68,68,73,73,64,64,64,48,39,39,63,52,52,48,80,67,67,51,51,38,0,0],"gold":24,"neow_bonus":"THREE_ENEMY_KILL","is_daily":false,"chose_seed":false,"campfire_upgraded":0,"win_rate":0.0,"timestamp":1608536144,"path_taken":["M","?","M","?","?","E","M","$","T","?","M","$","R","E","R","BOSS","M","$","?","?","M","E"],"items_purchased_type":["Card","Card","Card","Card"],"build_version":"2020-12-13","purchased_purges":1,"victory":false,"max_hp_per_floor":[75,75,75,75,80,80,80,80,80,80,80,80,80,80,80,80,80,80,80,80,80,80,80,80],"card_choices":[{"not_picked":["Double Energy","Steam"],"picked":"Doom and Gloom","floor":1},{"not_picked":["Turbo","Consume"],"picked":"White Noise","floor":3},{"not_picked":["Chaos","Barrage"],"picked":"BootSequence","floor":4},{"not_picked":["Stack","Blizzard"],"picked":"Undo","floor":6},{"not_picked":["Sweeping Beam","Steam"],"picked":"Hello World","floor":7},{"not_picked":["Redo","White Noise"],"picked":"Self Repair","floor":11},{"not_picked":["Hello World","Stack"],"picked":"Storm","floor":14},{"not_picked":["Buffer","Machine Learning"],"picked":"Multi-Cast","floor":16},{"not_picked":["Go for the Eyes","Gash"],"picked":"Loop","floor":18},{"not_picked":["Doom and Gloom","Steam"],"picked":"Tempest+1","floor":22}],"player_experience":1532700,"relics_obtained":[{"floor":6,"key":"Anchor"},{"floor":9,"key":"Oddly Smooth Stone"},{"floor":14,"key":"Vajra"},{"floor":20,"key":"Nilry\u0027s Codex"}],"event_choices":[{"damage_healed":0,"gold_gain":75,"player_choice":"Touch","damage_taken":7,"max_hp_gain":0,"max_hp_loss":0,"event_name":"FaceTrader","floor":2,"gold_loss":0},{"damage_healed":0,"gold_gain":0,"player_choice":"Donut","damage_taken":0,"max_hp_gain":5,"max_hp_loss":0,"event_name":"Big Fish","floor":5,"gold_loss":0},{"damage_healed":0,"gold_gain":0,"player_choice":"Entered Light","damage_taken":16,"max_hp_gain":0,"max_hp_loss":0,"event_name":"Shining Light","floor":10,"gold_loss":0,"cards_upgraded":["Doom and Gloom","Defend_B"]},{"damage_healed":0,"gold_gain":0,"player_choice":"Obtained Book","damage_taken":16,"max_hp_gain":0,"max_hp_loss":0,"event_name":"Cursed Tome","floor":20,"gold_loss":0},{"damage_healed":0,"gold_gain":0,"player_choice":"Stole Relic","damage_taken":0,"relics_obtained":["Nunchaku"],"max_hp_gain":0,"max_hp_loss":0,"event_name":"Addict","floor":21,"gold_loss":0,"cards_obtained":["Shame"]}],"is_beta":false,"boss_relics":[{"not_picked":["Snecko Eye","Ectoplasm"],"picked":"Black Star"}],"items_purged_floors":[8],"is_endless":false,"potions_floor_spawned":[1,4,6,11],"killed_by":"Book of Stabbing","ascension_level":0}}