{"host":"llpusn9usp8rznkj","time":1608577022,"event":{"mods":["2.2 Compatiblity","Aspiration","BaseMod","Colored Map","Colored Powertips","Conspire","Hubris","Minty Spire (QoL Compilation)","Rare Cards Sparkle","Replay The Spire","StSLib","The Cursed"],"gold_per_floor":[117,117,130,55,65,65,93,93,93,110,110,55,55,5,5,5,5],"floor_reached":16,"playtime":446,"items_purged":[],"score":246,"play_id":"e08da2b3-4b3f-4102-b1a4-454c81e6d2f5","local_time":"20201221135702","is_ascension_mode":true,"campfire_choices":[{"data":"Neutralize","floor":6,"key":"SMITH"},{"data":"Prepared","floor":8,"key":"SMITH"},{"floor":15,"key":"REST"}],"circlet_count":0,"master_deck":["AscendersBane","Strike_G","Strike_G","Strike_G","Strike_G","Strike_G","Defend_G","Defend_G","Defend_G","Defend_G","Defend_G","Survivor+1","Neutralize+1","Prepared+1","Calculated Gamble+1","Backflip+1","Prepared+1","Blade Dance+1","PiercingWail+1","conspire:SpireCoStock+1"],"relics":["Ring of the Snake","NeowsBlessing","Toxic Egg 2","conspire:TopHat","Juzu Bracelet"],"acts_visited":["Exordium"],"potions_floor_usage":[7],"damage_taken":[{"damage":0,"enemies":"Small Slimes","floor":1,"turns":1},{"damage":0,"enemies":"2 Louse","floor":3,"turns":1},{"damage":0,"enemies":"Cultist","floor":5,"turns":1},{"damage":19,"enemies":"Lagavulin","floor":7,"turns":11},{"damage":31,"enemies":"Large Slime","floor":10,"turns":14},{"damage":0,"enemies":"Fading Forest","floor":16,"turns":1}],"seed_played":"-4282677526763295484","potions_obtained":[{"floor":1,"key":"Doom Potion"},{"floor":10,"key":"DuplicationPotion"}],"is_trial":false,"path_per_floor":["M","?","M","?","M","R","E","R","T","M","?","$","?","?","R","B"],"character_chosen":"THE_SILENT","items_purchased":["PiercingWail+1"],"campfire_rested":1,"item_purchase_floors":[12],"current_hp_per_floor":[59,59,59,59,59,59,40,40,40,9,9,9,9,9,28,28,28],"gold":5,"neow_bonus":"THREE_ENEMY_KILL","is_daily":false,"chose_seed":false,"campfire_upgraded":2,"win_rate":0.0,"timestamp":1608577022,"path_taken":["M","?","M","?","M","R","E","R","T","M","?","$","?","?","R","BOSS"],"items_purchased_type":["Card"],"build_version":"2020-12-13","purchased_purges":0,"victory":false,"max_hp_per_floor":[66,66,66,66,66,66,66,66,66,66,66,66,66,66,66,66,66],"card_choices":[{"not_picked":["Infinite Blades","Outmaneuver"],"picked":"Prepared","floor":1},{"not_picked":["Flying Knee","Footwork"],"picked":"Calculated Gamble+1","floor":3},{"not_picked":["Deflect+1","Finisher"],"picked":"Backflip+1","floor":5},{"not_picked":["hubris:SlightOfHand+1","Expertise+1"],"picked":"Prepared+1","floor":7},{"not_picked":["Catalyst+1","Dagger Throw"],"picked":"Blade Dance+1","floor":10}],"player_experience":1106256,"relics_obtained":[{"floor":7,"key":"conspire:TopHat"},{"floor":9,"key":"Juzu Bracelet"}],"event_choices":[{"cards_removed":["Injury"],"damage_healed":0,"gold_gain":0,"player_choice":"Card Removal","damage_taken":0,"max_hp_gain":0,"max_hp_loss":0,"event_name":"The Cleric","floor":4,"gold_loss":75},{"damage_healed":0,"gold_gain":0,"player_choice":"Forge","damage_taken":0,"max_hp_gain":0,"max_hp_loss":0,"event_name":"Accursed Blacksmith","floor":13,"gold_loss":0,"cards_upgraded":["Survivor"]},{"damage_healed":0,"gold_gain":0,"player_choice":"Invest 1","damage_taken":0,"max_hp_gain":0,"max_hp_loss":0,"event_name":"conspire:Investor","floor":14,"gold_loss":0}],"is_beta":false,"boss_relics":[],"items_purged_floors":[],"is_endless":false,"potions_floor_spawned":[1,10],"killed_by":"Fading Forest","ascension_level":20}}