{"host":"5gc11emcm5chfr5t","time":1608584025,"event":{"mods":["2.2 Compatiblity","AchievementEnabler","BaseMod","Bestiary","Better Note","Colored Map","Colored Powertips","Downfall","Googly Eyes","Minty Spire (QoL Compilation)","Rare Cards Sparkle","StSLib"],"gold_per_floor":[99,99,199,249,249,279,279,312,87,114,134,119,119,131,144,220,220,220,249,249,265,265,279,279,27,38,38,38],"floor_reached":27,"playtime":1175,"items_purged":[],"score":594,"play_id":"0ffcc4e6-2b05-475c-b704-97004ef359bf","local_time":"20201221155345","is_ascension_mode":true,"campfire_choices":[{"floor":1,"key":"RECALL"},{"floor":9,"key":"REST"},{"data":"sneckomod:SoulRoll","floor":18,"key":"SMITH"},{"floor":20,"key":"REST"},{"floor":22,"key":"REST"}],"circlet_count":0,"master_deck":["AscendersBane","sneckomod:Strike","sneckomod:Strike+1","sneckomod:Strike","sneckomod:Defend","sneckomod:Defend","sneckomod:Defend","sneckomod:TailWhip","sneckomod:SnekBite","sneckomod:Unknown","sneckomod:Unknown","sneckomod:UnknownEthereal","sneckomod:QuickMove","sneckomod:UnknownRareAttack","sneckomod:SoulRoll+1","sneckomod:SnakeSap","sneckomod:UnknownUncommonAttack","sneckomod:WideSting","sneckomod:UnknownCommonSkill","sneckomod:UnknownStrength","sneckomod:UnknownRarePower","CurseOfTheBell","sneckomod:IronFang","sneckomod:UnknownUncommonPower","sneckomod:SnakeSap","sneckomod:SlitherStrike","Sadistic Nature","sneckomod:UnknownExhaust"],"relics":["sneckomod:SneckoSoul","downfall:HeartsMalice","MealTicket","Art of War","downfall:HeartBlessingRed","downfall:HeartBlessingBlue","downfall:HeartBlessingGreen","Orichalcum","Calling Bell","Boot","Letter Opener","Calipers","Meat on the Bone","Mango"],"acts_visited":["Exordium","TheCity"],"potions_floor_usage":[10,15,16,16,19,21,21,26,27],"damage_taken":[{"damage":0,"enemies":"Small Slimes","floor":2,"turns":1},{"damage":0,"enemies":"2 Louse","floor":5,"turns":1},{"damage":0,"enemies":"Gremlin Nob","floor":6,"turns":1},{"damage":26,"enemies":"Lagavulin","floor":8,"turns":6},{"damage":41,"enemies":"Gremlin Nob","floor":10,"turns":5},{"damage":3,"enemies":"Jaw Worm","floor":11,"turns":3},{"damage":4,"enemies":"downfall:FleeingMerchant","floor":12,"turns":4},{"damage":2,"enemies":"3 Louse","floor":14,"turns":2},{"damage":17,"enemies":"Exordium Thugs","floor":15,"turns":6},{"damage":34,"enemies":"downfall:Watcher","floor":16,"turns":9},{"damage":56,"enemies":"Gremlin Leader","floor":19,"turns":9},{"damage":38,"enemies":"Shell Parasite","floor":21,"turns":7},{"damage":11,"enemies":"Chosen","floor":23,"turns":6},{"damage":15,"enemies":"downfall:FleeingMerchant","floor":25,"turns":4},{"damage":50,"enemies":"Centurion and Healer","floor":26,"turns":5},{"damage":62,"enemies":"Book of Stabbing","floor":27,"turns":5}],"seed_played":"-2729992217392317291","potions_obtained":[{"floor":8,"key":"SkillPotion"},{"floor":10,"key":"FearPotion"},{"floor":14,"key":"Weak Potion"},{"floor":15,"key":"SpeedPotion"},{"floor":19,"key":"EntropicBrew"},{"floor":26,"key":"Regen Potion"}],"is_trial":false,"path_per_floor":["R","M","?","?","M","E","T","E","R","E","M","$","?","M","M","B",null,"R","E","R","M","R","M","T","$","M","E"],"character_chosen":"THE_SNECKO","items_purchased":["Sadistic Nature","Dexterity Potion"],"campfire_rested":3,"item_purchase_floors":[25,25],"current_hp_per_floor":[75,76,76,76,76,77,77,51,89,48,46,57,62,61,45,16,82,82,26,57,32,63,64,78,78,41,0,0],"gold":38,"neow_bonus":"THREE_ENEMY_KILL","is_daily":false,"chose_seed":false,"campfire_upgraded":1,"win_rate":0.0,"timestamp":1608584025,"path_taken":["R","M","?","?","M","E","T","E","R","E","M","$","?","M","M","BOSS","R","E","R","M","R","M","T","$","M","E"],"items_purchased_type":["Card","Potion"],"build_version":"2020-12-13","purchased_purges":0,"victory":false,"max_hp_per_floor":[83,84,84,84,84,85,85,85,95,95,96,96,101,102,103,104,104,104,104,104,105,105,105,119,119,120,120,120],"card_choices":[{"not_picked":["sneckomod:UnknownX","sneckomod:UnknownVulnerable"],"picked":"sneckomod:UnknownEthereal","floor":2},{"not_picked":["sneckomod:UnknownCommonAttack","sneckomod:SoulDraw"],"picked":"sneckomod:QuickMove","floor":5},{"not_picked":["sneckomod:UnknownClassGUARDIAN","sneckomod:DiceBoulder"],"picked":"sneckomod:UnknownRareAttack","floor":6},{"not_picked":["sneckomod:UnknownVulnerable","sneckomod:UnknownClassTHE_CHAMP_GRAY"],"picked":"sneckomod:SoulRoll","floor":8},{"not_picked":["sneckomod:QuickBite","sneckomod:IronFang"],"picked":"sneckomod:SnakeSap","floor":10},{"not_picked":["sneckomod:Nope","sneckomod:UnknownBlock"],"picked":"sneckomod:UnknownUncommonAttack","floor":11},{"not_picked":["sneckomod:Nope","sneckomod:SerpentIdol"],"picked":"sneckomod:WideSting","floor":12},{"not_picked":["sneckomod:SerpentMind","sneckomod:DiceBlock"],"picked":"sneckomod:UnknownCommonSkill","floor":14},{"not_picked":["sneckomod:QuickBite","sneckomod:MixItUp"],"picked":"sneckomod:UnknownStrength","floor":15},{"not_picked":["sneckomod:MorePower","sneckomod:Transmogrify"],"picked":"sneckomod:UnknownRarePower","floor":16},{"not_picked":["sneckomod:Unknown1Cost","sneckomod:RainOfDice"],"picked":"sneckomod:IronFang","floor":19},{"not_picked":["sneckomod:Rotation","sneckomod:Unknown1Cost"],"picked":"sneckomod:UnknownUncommonPower","floor":21},{"not_picked":["sneckomod:Nope","sneckomod:UnknownBlock"],"picked":"sneckomod:SnakeSap","floor":23},{"not_picked":["sneckomod:UnknownCommonAttack","sneckomod:UnknownEthereal"],"picked":"sneckomod:SlitherStrike","floor":25},{"not_picked":["sneckomod:UnknownCommonAttack","sneckomod:Unknown1Cost"],"picked":"sneckomod:UnknownExhaust","floor":26}],"player_experience":464941,"relics_obtained":[{"floor":6,"key":"MealTicket"},{"floor":8,"key":"Art of War"},{"floor":10,"key":"Orichalcum"},{"floor":17,"key":"Boot"},{"floor":17,"key":"Letter Opener"},{"floor":17,"key":"Calipers"},{"floor":19,"key":"Meat on the Bone"},{"floor":24,"key":"Mango"}],"event_choices":[{"damage_healed":0,"gold_gain":0,"player_choice":"Donut","damage_taken":0,"max_hp_gain":5,"max_hp_loss":0,"event_name":"Big Fish","floor":13,"gold_loss":0}],"is_beta":false,"boss_relics":[{"not_picked":["Ectoplasm","Empty Cage"],"picked":"Calling Bell"}],"items_purged_floors":[],"is_endless":false,"potions_floor_spawned":[8,10,14,15,19,26],"killed_by":"Book of Stabbing","ascension_level":20}}