{"host":"29mhc2ja7u6lu5r0","time":1608562329,"event":{"mods":["AchievementEnabler","BaseMod","Block Reminder","Colored Map","Colored Powertips","Highlight Path","Minty Spire (QoL Compilation)","Quick Restart","SuperFastMode","slay the spire mod where everything is the same but ironclad has a cowboy hat"],"gold_per_floor":[113,263,274,286,286,286,316,316,316],"floor_reached":8,"playtime":360,"items_purged":[],"score":92,"play_id":"a79a10cb-7d98-4139-b3df-a33813124c38","local_time":"20201221175209","is_ascension_mode":true,"campfire_choices":[{"data":"Zap","floor":6,"key":"SMITH"}],"circlet_count":0,"master_deck":["AscendersBane","Strike_B","Strike_B","Strike_B","Strike_B","Defend_B","Defend_B","Defend_B","Defend_B","Zap+1","Dualcast","Core Surge","Coolheaded","Doubt","Cold Snap","Fission"],"relics":["Cracked Core","Pen Nib","Odd Mushroom"],"acts_visited":["Exordium"],"potions_floor_usage":[8,8],"damage_taken":[{"damage":4,"enemies":"Jaw Worm","floor":1,"turns":5},{"damage":0,"enemies":"2 Louse","floor":3,"turns":4},{"damage":13,"enemies":"Small Slimes","floor":4,"turns":5},{"damage":19,"enemies":"The Mushroom Lair","floor":7,"turns":5},{"damage":13,"enemies":"Lagavulin","floor":8,"turns":2}],"seed_played":"-7181638421644137662","potions_obtained":[{"floor":3,"key":"AttackPotion"},{"floor":7,"key":"Weak Potion"}],"is_trial":false,"path_per_floor":["M","?","M","M","?","R","?","E"],"character_chosen":"DEFECT","items_purchased":[],"campfire_rested":0,"item_purchase_floors":[],"current_hp_per_floor":[60,60,60,47,29,29,10,0,0],"gold":316,"neow_bonus":"ONE_RANDOM_RARE_CARD","is_daily":false,"chose_seed":false,"campfire_upgraded":1,"win_rate":0.0,"timestamp":1608562329,"path_taken":["M","?","M","M","?","R","?","E"],"items_purchased_type":[],"build_version":"2020-12-13","purchased_purges":0,"victory":false,"max_hp_per_floor":[71,71,71,71,71,71,71,71,71],"card_choices":[{"not_picked":["Recycle","Beam Cell"],"picked":"Coolheaded","floor":1},{"not_picked":["Compile Driver","Steam Power","Beam Cell"],"picked":"SKIP","floor":3},{"not_picked":["Steam","Stack"],"picked":"Cold Snap","floor":4},{"not_picked":["Beam Cell","Lockon"],"picked":"Fission","floor":7}],"player_experience":968570,"relics_obtained":[{"floor":7,"key":"Odd Mushroom"}],"event_choices":[{"damage_healed":0,"gold_gain":150,"player_choice":"AGREE","damage_taken":0,"max_hp_gain":0,"max_hp_loss":0,"event_name":"Liars Game","floor":2,"gold_loss":0,"cards_obtained":["Doubt"]},{"damage_healed":0,"gold_gain":0,"player_choice":"Success","damage_taken":18,"relics_obtained":["Pen Nib"],"max_hp_gain":0,"max_hp_loss":0,"event_name":"Scrap Ooze","floor":5,"gold_loss":0},{"damage_healed":0,"gold_gain":0,"player_choice":"Fought Mushrooms","damage_taken":0,"max_hp_gain":0,"max_hp_loss":0,"event_name":"Mushrooms","floor":7,"gold_loss":0}],"is_beta":false,"boss_relics":[],"items_purged_floors":[],"is_endless":false,"potions_floor_spawned":[3,7],"killed_by":"Lagavulin","ascension_level":20}}