{"host":"soyfmymeou4emntr","time":1608519705,"event":{"mods":["BaseMod","Minty Spire (QoL Compilation)","Relic Sorter","Relic Stats","StSLib"],"gold_per_floor":[110,127,41,58,58,58,73,113,113,113,134,178,178,219,219,219,219],"floor_reached":16,"playtime":899,"items_purged":[],"score":240,"play_id":"260e395b-af61-4075-a73b-44b99df45b05","local_time":"20201220200145","is_ascension_mode":true,"campfire_choices":[{"data":"Carnage","floor":6,"key":"SMITH"},{"floor":10,"key":"REST"},{"floor":15,"key":"REST"}],"circlet_count":0,"master_deck":["AscendersBane","Strike_R","Strike_R","Strike_R","Strike_R","Strike_R","Defend_R","Defend_R","Defend_R","Defend_R","Bash","Thunderclap","Flame Barrier+1","Whirlwind","Carnage+1","Anger","Reaper"],"relics":["Burning Blood","Oddly Smooth Stone","Golden Idol","Nunchaku","Letter Opener","Matryoshka","Orichalcum"],"acts_visited":["Exordium"],"potions_floor_usage":[7,14,16],"damage_taken":[{"damage":13,"enemies":"Jaw Worm","floor":1,"turns":4},{"damage":2,"enemies":"Small Slimes","floor":2,"turns":4},{"damage":6,"enemies":"Cultist","floor":4,"turns":3},{"damage":0,"enemies":"2 Fungi Beasts","floor":7,"turns":3},{"damage":39,"enemies":"Lagavulin","floor":8,"turns":7},{"damage":0,"enemies":"Large Slime","floor":11,"turns":4},{"damage":25,"enemies":"3 Sentries","floor":12,"turns":7},{"damage":27,"enemies":"Lagavulin","floor":14,"turns":7},{"damage":43,"enemies":"Hexaghost","floor":16,"turns":9}],"seed_played":"242247616876609100","potions_obtained":[{"floor":2,"key":"Weak Potion"},{"floor":4,"key":"Block Potion"},{"floor":11,"key":"LiquidMemories"}],"is_trial":false,"path_per_floor":["M","M","$","M","?","R","M","E","T","R","M","E","?","E","R","B"],"character_chosen":"IRONCLAD","items_purchased":["Whirlwind"],"campfire_rested":2,"item_purchase_floors":[3],"current_hp_per_floor":[61,65,65,65,65,65,68,35,35,55,61,42,42,23,43,0,0],"gold":219,"neow_bonus":"RANDOM_COMMON_RELIC","is_daily":false,"chose_seed":false,"campfire_upgraded":1,"win_rate":0.0,"timestamp":1608519705,"path_taken":["M","M","$","M","?","R","M","E","T","R","M","E","?","E","R","BOSS"],"items_purchased_type":["Card"],"build_version":"2020-12-13","purchased_purges":0,"victory":false,"max_hp_per_floor":[75,75,75,75,68,68,68,68,68,68,68,68,68,68,68,68,68],"relic_stats":{"Nunchaku":[5],"counters":[9,48],"Golden Idol":32,"Letter Opener":[0],"Orichalcum":[42],"obtain_stats":[{"Nunchaku":8,"Matryoshka":12,"Golden Idol":5,"Oddly Smooth Stone":0,"Letter Opener":9,"Orichalcum":14,"Burning Blood":0},{"Nunchaku":5,"Matryoshka":7,"Golden Idol":3,"Oddly Smooth Stone":0,"Letter Opener":5,"Orichalcum":8,"Burning Blood":0},{"Nunchaku":21,"Matryoshka":32,"Golden Idol":11,"Oddly Smooth Stone":0,"Letter Opener":21,"Orichalcum":39,"Burning Blood":0}],"Burning Blood":45},"card_choices":[{"not_picked":["Twin Strike","Wild Strike"],"picked":"Thunderclap","floor":1},{"not_picked":["Iron Wave","True Grit"],"picked":"Flame Barrier","floor":2},{"not_picked":["Perfected Strike","Sever Soul"],"picked":"Carnage","floor":4},{"not_picked":["Iron Wave","Flex"],"picked":"Anger","floor":7},{"not_picked":["Anger","Armaments"],"picked":"Reaper","floor":8},{"not_picked":["Cleave","Havoc","Sword Boomerang"],"picked":"SKIP","floor":11},{"not_picked":["Dropkick","Sever Soul","Searing Blow"],"picked":"SKIP","floor":12},{"not_picked":["Armaments","Rupture","Flex"],"picked":"SKIP","floor":14}],"player_experience":2603234,"relics_obtained":[{"floor":8,"key":"Nunchaku"},{"floor":9,"key":"Letter Opener"},{"floor":12,"key":"Matryoshka"},{"floor":14,"key":"Orichalcum"}],"event_choices":[{"damage_healed":0,"gold_gain":0,"player_choice":"Lose Max HP","damage_taken":0,"relics_obtained":["Golden Idol"],"max_hp_gain":0,"max_hp_loss":7,"event_name":"Golden Idol","floor":5,"gold_loss":0},{"damage_healed":0,"gold_gain":0,"player_choice":"Grow","damage_taken":0,"max_hp_gain":0,"max_hp_loss":0,"event_name":"Living Wall","floor":13,"gold_loss":0,"cards_upgraded":["Flame Barrier"]}],"is_beta":false,"boss_relics":[],"items_purged_floors":[],"is_endless":false,"potions_floor_spawned":[2,4,11],"killed_by":"Hexaghost","ascension_level":20}}