{"host":"ix2a18c4ohfsrslv","time":1608512458,"event":{"mods":["BaseMod","Better Third Choice","Downfall","Halation","Marisa????????","Minty Spire (QoL Compilation)","Replay The Spire","StSLib","The Bladedancer","The Blue Laboratory"],"gold_per_floor":[111,131,406,417,69,96,96,125,148,148,175,186,214,232,232,336,336,355,416,433,433,447,447,115,142,142,142,17,35,35,52,52,154,154,164,174,24,24,24,24,39,39,39],"floor_reached":42,"playtime":2386,"items_purged":["Regret","Strike_G","Strike_G","Strike_G"],"score":579,"play_id":"2136d470-1c83-4ea1-9575-3f901d612846","local_time":"20201220170058","is_ascension_mode":true,"campfire_choices":[{"floor":7,"key":"REST"},{"floor":10,"key":"REST"},{"floor":15,"key":"REST"},{"floor":23,"key":"REST"},{"data":"Poison Darts","floor":27,"key":"SMITH"},{"floor":30,"key":"REST"},{"floor":32,"key":"RECALL"}],"circlet_count":0,"master_deck":["Defend_G+1","Defend_G+1","Defend_G","Defend_G","Defend_G","Survivor","Neutralize","Acrobatics","Predator+1","Flying Knee+1","ReplayTheSpireMod:Speed Training","Poisoned Stab+1","Poison Darts+1","Deadly Poison","Die Die Die+1","Noxious Fumes","Burst+1","PiercingWail","Leg Sweep","Prepared","Tactician","Toxin Wave+1","Calculated Gamble+1","Bouncing Flask","ReplayTheSpireMod:Necrosis","AbeCurse"],"relics":["Empty Cage","Gremlin Food","ReplayTheSpireMod:TigerMarble","Whetstone","Snake Skull","ReplayTheSpireMod:Shallot","halation:PrussianBluePaint","ChewingGum","Replay:WaspNest","ClockworkSouvenir","Oddly Smooth Stone","Abe\u0027s Treasure","halation:PapillonHeart"],"acts_visited":["Exordium","TheCity","TheBeyond"],"potions_floor_usage":[6,6,13,22,25,33,33,40],"damage_taken":[{"damage":5,"enemies":"Cultist","floor":1,"turns":5},{"damage":6,"enemies":"Jaw Worm","floor":2,"turns":8},{"damage":4,"enemies":"Small Slimes","floor":4,"turns":4},{"damage":22,"enemies":"Lagavulin","floor":6,"turns":5},{"damage":18,"enemies":"Gremlin Nob","floor":8,"turns":4},{"damage":9,"enemies":"3 Sentries","floor":11,"turns":5},{"damage":0,"enemies":"Red Slaver","floor":12,"turns":3},{"damage":17,"enemies":"Lagavulin","floor":13,"turns":4},{"damage":0,"enemies":"3 Louse","floor":14,"turns":2},{"damage":0,"enemies":"Slime Boss","floor":16,"turns":6},{"damage":0,"enemies":"3 Byrds","floor":18,"turns":2},{"damage":0,"enemies":"Chosen","floor":20,"turns":4},{"damage":22,"enemies":"Snake Plant","floor":22,"turns":4},{"damage":16,"enemies":"Slavers","floor":25,"turns":6},{"damage":1,"enemies":"Centurion and Healer","floor":29,"turns":4},{"damage":0,"enemies":"Sentry and Sphere","floor":31,"turns":4},{"damage":9,"enemies":"Collector","floor":33,"turns":6},{"damage":0,"enemies":"3 Shapes","floor":35,"turns":2},{"damage":6,"enemies":"3 Darklings","floor":36,"turns":3},{"damage":0,"enemies":"Reptomancer","floor":40,"turns":2},{"damage":0,"enemies":"Spire Growth","floor":41,"turns":4},{"damage":80,"enemies":"Giant Head","floor":42,"turns":10}],"seed_played":"-3803590239376166232","potions_obtained":[{"floor":2,"key":"blueLaboratory:FruitPunch"},{"floor":12,"key":"SkillPotion"},{"floor":14,"key":"Explosive Potion"},{"floor":16,"key":"blueLaboratory:FruitPreserves"},{"floor":18,"key":"Languid Potion"},{"floor":21,"key":"Regen Potion"},{"floor":25,"key":"Ancient Potion"},{"floor":33,"key":"Elixir"}],"is_trial":false,"path_per_floor":["M","M","?","M","$","E","R","E","T","R","E","M","E","M","R","B",null,"M","?","M","?","M","R","$","E","T","R","$","M","R","M","R","B",null,"M","M","$","?","?","E","M","E"],"character_chosen":"THE_SILENT","items_purchased":["Gremlin Food","ReplayTheSpireMod:Speed Training","Strength Potion","ClockworkSouvenir","Tactician"],"campfire_rested":5,"item_purchase_floors":[5,5,5,24,24],"current_hp_per_floor":[65,59,59,55,55,35,56,38,38,59,50,50,33,33,54,54,72,72,44,44,44,34,55,55,47,47,47,47,46,67,67,67,58,72,72,66,66,66,66,66,66,0,0],"gold":39,"neow_bonus":"BOSS_RELIC","is_daily":false,"chose_seed":false,"campfire_upgraded":1,"win_rate":0.0,"timestamp":1608512458,"path_taken":["M","M","?","?","$","E","R","E","T","R","E","M","E","?","R","BOSS","M","?","?","?","?","R","?","E","T","R","$","M","R","M","R","BOSS","M","M","$","?","?","E","?","E"],"items_purchased_type":["Relic","Card","Potion","Relic","Card"],"build_version":"2020-12-13","purchased_purges":4,"victory":false,"max_hp_per_floor":[70,70,70,70,70,72,72,72,72,72,72,72,72,72,72,72,72,72,72,72,72,72,72,72,72,72,72,72,72,72,72,72,72,72,72,72,72,68,68,68,68,68,68],"card_choices":[{"not_picked":["Sneak Up","Prepared"],"picked":"Acrobatics","floor":1},{"not_picked":["Toxin Wave","Underhanded Strike"],"picked":"Predator","floor":2},{"not_picked":["Deflect","Dodge and Roll"],"picked":"Flying Knee","floor":4},{"not_picked":["Slice","Expertise"],"picked":"Poisoned Stab","floor":6},{"not_picked":["Eviscerate","Underhanded Strike"],"picked":"Poison Darts","floor":8},{"not_picked":["Prepared","PiercingWail"],"picked":"Deadly Poison","floor":11},{"not_picked":["Flechettes","Dodge and Roll","Underhanded Strike"],"picked":"SKIP","floor":12},{"not_picked":["Hidden Blade","Dagger Throw"],"picked":"Die Die Die","floor":13},{"not_picked":["Blade Dance","ReplayTheSpireMod:Shiv Toss"],"picked":"Noxious Fumes","floor":14},{"not_picked":["Replay:Bag of Tricks","Atom Bomb"],"picked":"Burst","floor":16},{"not_picked":["Poisoned Stab","Flying Knee"],"picked":"PiercingWail","floor":18},{"not_picked":["Dodge and Roll","Hidden Blade"],"picked":"Leg Sweep","floor":20},{"not_picked":["Deadly Poison+1","Masterful Stab"],"picked":"Prepared","floor":22},{"not_picked":["ReplayTheSpireMod:Speed Training","Quick Slash"],"picked":"Toxin Wave+1","floor":25},{"not_picked":["Dagger Spray","Slice"],"picked":"Calculated Gamble+1","floor":29},{"not_picked":["Acrobatics","Poisoned Stab"],"picked":"Bouncing Flask","floor":31},{"not_picked":["Envenom","Atom Bomb"],"picked":"ReplayTheSpireMod:Necrosis","floor":33},{"not_picked":["Backflip+1","Endless Agony","Tactician+1"],"picked":"SKIP","floor":35},{"not_picked":["Acrobatics+1","ReplayTheSpireMod:Exploit Weakness","Outmaneuver+1"],"picked":"SKIP","floor":36},{"not_picked":["Finisher+1","Riddle With Holes+1","Prepared+1"],"picked":"SKIP","floor":41}],"player_experience":97351,"relics_obtained":[{"floor":6,"key":"ReplayTheSpireMod:TigerMarble"},{"floor":8,"key":"Whetstone"},{"floor":9,"key":"Snake Skull"},{"floor":11,"key":"ReplayTheSpireMod:Shallot"},{"floor":13,"key":"halation:PrussianBluePaint"},{"floor":19,"key":"Replay:WaspNest"},{"floor":25,"key":"Oddly Smooth Stone"}],"event_choices":[{"damage_healed":0,"gold_gain":275,"player_choice":"Desecrate","damage_taken":0,"max_hp_gain":0,"max_hp_loss":0,"event_name":"Golden Shrine","floor":3,"gold_loss":0,"cards_obtained":["Regret"]},{"damage_healed":0,"gold_gain":0,"player_choice":"Got Potions","damage_taken":0,"max_hp_gain":0,"max_hp_loss":0,"event_name":"Lab","floor":21,"gold_loss":0},{"damage_healed":0,"gold_gain":0,"player_choice":"Ignored","damage_taken":0,"max_hp_gain":0,"max_hp_loss":0,"event_name":"betterThird:BetterPortal","floor":39,"gold_loss":0}],"is_beta":false,"boss_relics":[{"not_picked":["Fusion Hammer","halation:HeavySnake"],"picked":"ChewingGum"},{"not_picked":["Painkiller Herb","halation:CatFaceCupcake"],"picked":"Abe\u0027s Treasure"}],"items_purged_floors":[5,24,28,37],"is_endless":false,"potions_floor_spawned":[2,12,14,16,18,25,33],"killed_by":"Giant Head","ascension_level":2}}