{"host":"xuxmsn6olavvgi6l","time":1608589585,"event":{"mods":["AchievementEnabler","Act Like it!","BaseMod","Better Third Choice","BetterRewards","Colored Map","Colored Powertips","Hermit","Highlight Path","Hubris","Infinite Spire","Marisa????????","Minty Spire (QoL Compilation)","Rare Cards Sparkle","Replay The Spire","Shop Mod","StSLib","The Animator","The Bug Knight","The Construct","The Cursed","The Runesmith","The Servant 0.9.4"],"gold_per_floor":[119,119,119,119,133,163,163,188,233,251,262,262,276,276,276,375,375,393,440,456,466,466,466,477,502,502,502,521,533,376,392,392,521,521,583,583,583,642,642,712,783,855,855,474,525,525,525],"floor_reached":46,"playtime":2350,"items_purged":["hubris:Disease","Writhe"],"score":756,"play_id":"3f7838ee-1329-4298-9b3d-290ba174c759","local_time":"20201221162625","is_ascension_mode":false,"campfire_choices":[{"data":"HollowMod:MantisMark","floor":7.0,"key":"SMITH"},{"data":"HollowMod:FocusHealStart","floor":12.0,"key":"SMITH"},{"data":"HollowMod:GreatSlash","floor":15.0,"key":"SMITH"},{"data":"HollowMod:BlackTendrils","floor":23.0,"key":"SMITH"},{"data":"Writhe","floor":32.0,"key":"PURGE"}],"circlet_count":0,"master_deck":["HollowMod:NailStrikeStart+1","HollowMod:NailStrikeStart+1","HollowMod:NailStrikeStart","HollowMod:NailStrikeStart+1","HollowMod:QuickDashStart","HollowMod:QuickDashStart","HollowMod:QuickDashStart+1","HollowMod:QuickDashStart","HollowMod:FocusHealStart+1","HollowMod:PogoStrike","HollowMod:CloakDash+1","HollowMod:BlackTendrils+1","HollowMod:MantisMark+1","HollowMod:GreatSlash+1","HollowMod:MonarchWings","HollowMod:AbyssShriek+1","HollowMod:PureVessel","HollowMod:SiblingsSouls+1","Parasite","HollowMod:DashSlash+1","HollowMod:MantisMark+1","ReplayTheSpireMod:Faulty Equipment","Overencumbered","hubris:Greed","hubris:Greed","HollowMod:DashSlash+1","Writhe","HollowMod:HuntersJournal+1","HollowMod:LifebloodCocoon+1"],"relics":["HollowMod:VesselMask","NeowsBlessing","hubris:TenFootPole","hubris:ToyBattleship","Cursed Key","hubris:Stopwatch","Black Star","Toy Ornithopter","Toxic Egg 2","hubris:Teleporter","infinitespire:Broken Mirror","HornCleat","MutagenicStrength","MerchantsRug","Whetstone","infinitespire:EvilPickle","Bag of Preparation","ReplayTheSpireMod:Ninjato","Ice Cream","hubris:Towel","Replay:Accelerometer","Vajra","Iron Hammer"],"acts_visited":["Exordium","TheCity","TheBeyond"],"potions_floor_usage":[46],"damage_taken":[{"damage":0.0,"enemies":"Jaw Worm","floor":1.0,"turns":1.0},{"damage":0.0,"enemies":"2 Louse","floor":5.0,"turns":1.0},{"damage":0.0,"enemies":"Gremlin Nob","floor":6.0,"turns":1.0},{"damage":39.0,"enemies":"Lagavulin","floor":8.0,"turns":6.0},{"damage":0.0,"enemies":"Cultist","floor":10.0,"turns":3.0},{"damage":7.0,"enemies":"3 Louse","floor":11.0,"turns":3.0},{"damage":0.0,"enemies":"Red Slaver","floor":13.0,"turns":3.0},{"damage":34.0,"enemies":"HollowMod:FalseKnight","floor":16.0,"turns":9.0},{"damage":7.0,"enemies":"Shell Parasite","floor":18.0,"turns":6.0},{"damage":0.0,"enemies":"Chosen","floor":20.0,"turns":4.0},{"damage":20.0,"enemies":"Centurion and Healer","floor":21.0,"turns":6.0},{"damage":12.0,"enemies":"Snake Plant","floor":24.0,"turns":4.0},{"damage":71.0,"enemies":"Nightmare","floor":25.0,"turns":9.0},{"damage":0.0,"enemies":"Cultist and Chosen","floor":28.0,"turns":3.0},{"damage":0.0,"enemies":"Snecko","floor":29.0,"turns":3.0},{"damage":0.0,"enemies":"3 Cultists","floor":31.0,"turns":3.0},{"damage":36.0,"enemies":"Pondfish","floor":33.0,"turns":8.0},{"damage":0.0,"enemies":"3 Darklings","floor":35.0,"turns":2.0},{"damage":21.0,"enemies":"3 Shapes","floor":38.0,"turns":4.0},{"damage":8.0,"enemies":"Jaw Worm Horde","floor":40.0,"turns":3.0},{"damage":0.0,"enemies":"3 Darklings","floor":41.0,"turns":1.0},{"damage":15.0,"enemies":"Maw","floor":42.0,"turns":7.0},{"damage":0.0,"enemies":"Spire Growth","floor":45.0,"turns":4.0},{"damage":86,"enemies":"Nightmare","floor":46,"turns":6}],"seed_played":"-958117920258615490","potions_obtained":[{"floor":8.0,"key":"Languid Potion"},{"floor":10.0,"key":"LifebloodPotion"},{"floor":11.0,"key":"construct:ShiftPotion"},{"floor":14.0,"key":"DistilledChaos"},{"floor":20.0,"key":"Energy Potion"},{"floor":28.0,"key":"FearPotion"},{"floor":29.0,"key":"BlessingOfTheForge"},{"floor":41.0,"key":"construct:ShiftPotion"},{"floor":42.0,"key":"Dexterity Potion"},{"floor":45.0,"key":"Swift Potion"}],"is_trial":false,"path_per_floor":["M","?","?","?","M","E","R","E","T","M","M","R","M","?","R","B",null,"M","T","M","M","?","R","M","NM","T","?","M","M","$","M","R_BF","B",null,"M","?","?","M","?","M","M","M","T","$","M","NM"],"character_chosen":"THE_BUGKNIGHT","items_purchased":["HollowMod:MantisMark+1","MerchantsRug","Whetstone","Vajra","Iron Hammer"],"campfire_rested":0,"item_purchase_floors":[30,30,30,44,44],"current_hp_per_floor":[75,60,65,65,65,65,65,34,34,36,37,37,47,47,47,27,80,80,80,80,70,70,70,68,24,24,24,39,49,49,59,59,48,80,80,80,80,67,67,59,59,54,54,54,60,0,0],"gold":525,"neow_bonus":"THREE_ENEMY_KILL","is_daily":false,"chose_seed":false,"campfire_upgraded":4,"win_rate":0.0,"timestamp":1608589585,"path_taken":["M","?","?","?","M","E","R","E","T","?","M","R","M","?","R","BOSS","M","?","?","M","?","R","M","NM","T","?","M","M","$","M","R_BF","BOSS","M","?","?","M","?","M","M","?","T","$","M","NM"],"items_purchased_type":["Card","Relic","Relic","Relic","Relic"],"build_version":"2020-12-13","purchased_purges":2,"victory":false,"max_hp_per_floor":[75,75,80,80,80,80,80,80,80,80,80,80,80,80,80,80,80,80,80,80,80,80,80,80,80,80,80,80,80,80,80,80,80,80,80,80,80,80,80,80,80,80,80,80,80,80,80],"card_choices":[{"not_picked":["HollowMod:SiblingsSouls","HollowMod:ShapeofUnn"],"picked":"HollowMod:CloakDash","floor":1.0},{"not_picked":["HollowMod:Grubsong","HollowMod:DreamGate"],"picked":"HollowMod:BlackTendrils","floor":5.0},{"not_picked":["HollowMod:HowlingWraiths","HollowMod:LifebloodCore"],"picked":"HollowMod:MantisMark","floor":6.0},{"not_picked":["HollowMod:SiblingsSouls","HollowMod:SoulSplash","HollowMod:CoiledNail"],"picked":"SKIP","floor":8.0},{"not_picked":["HollowMod:SiblingsSouls","HollowMod:SoulSplash","HollowMod:CoiledNail"],"picked":"SKIP","floor":8.0},{"not_picked":["HollowMod:GoodIntentions","HollowMod:SharpenedNail","HollowMod:CrystalDash"],"picked":"SKIP","floor":10.0},{"not_picked":["HollowMod:SiblingsSouls","HollowMod:DreamGate","HollowMod:TaintedHusks"],"picked":"SKIP","floor":11.0},{"not_picked":["HollowMod:SoulVessel","HollowMod:SharpenedShadows"],"picked":"HollowMod:GreatSlash","floor":13.0},{"not_picked":["HollowMod:InfectedCysts","HollowMod:CornifersMapStart","HollowMod:FallenFury"],"picked":"SKIP","floor":18.0},{"not_picked":["HollowMod:CycloneSlash","HollowMod:HeavyBlow"],"picked":"HollowMod:MonarchWings","floor":20.0},{"not_picked":["HollowMod:SharpenedNail","HollowMod:HeavyBlow"],"picked":"HollowMod:AbyssShriek+1","floor":21.0},{"not_picked":["HollowMod:VengefulVoid","HollowMod:InfectedAttack+1"],"picked":"HollowMod:PureVessel","floor":24.0},{"not_picked":["HollowMod:SiblingsShadow+1","HollowMod:NewJinnsSoul+1"],"picked":"HollowMod:SiblingsSouls+1","floor":25.0},{"not_picked":["HollowMod:CycloneSlash+1","HollowMod:NewJinnsSoul+1"],"picked":"HollowMod:DashSlash+1","floor":28.0},{"not_picked":["HollowMod:InfectedCysts+1","HollowMod:SharpenedShadows","HollowMod:Grubsong"],"picked":"SKIP","floor":29.0},{"not_picked":["HollowMod:PureVessel","HollowMod:SiblingsSouls+1","HollowMod:NewLittleFool"],"picked":"SKIP","floor":31.0},{"not_picked":["hubris:Lust","Spreading Infection"],"picked":"ReplayTheSpireMod:Faulty Equipment","floor":34.0},{"not_picked":["hubris:Compulsion","animator:Curse_GriefSeed"],"picked":"Overencumbered","floor":34.0},{"not_picked":["Languid","Hallucinations"],"picked":"hubris:Greed","floor":34.0},{"not_picked":["HollowMod:Grubsong","HollowMod:SoulEater"],"picked":"HollowMod:DashSlash+1","floor":35.0},{"not_picked":["HollowMod:VengefulVoid+1","HollowMod:Weaversong","HollowMod:SoulStrike"],"picked":"SKIP","floor":38.0},{"not_picked":["HollowMod:ShadowDash+1","HollowMod:SoulEater+1"],"picked":"HollowMod:HuntersJournal+1","floor":40.0},{"not_picked":["HollowMod:CloakDash+1","HollowMod:SoulShaman+1"],"picked":"HollowMod:LifebloodCocoon+1","floor":41.0},{"not_picked":["HollowMod:SoulSplash+1","HollowMod:CloakDash+1","HollowMod:InfectedCysts"],"picked":"SKIP","floor":42.0},{"not_picked":["HollowMod:CornifersMapStart+1","HollowMod:DashSlash+1","HollowMod:SharpenedShadows"],"picked":"SKIP","floor":45.0}],"player_experience":1291852,"relics_obtained":[{"floor":6.0,"key":"hubris:TenFootPole"},{"floor":8.0,"key":"hubris:ToyBattleship"},{"floor":9.0,"key":"Replay:Baseball"},{"floor":19.0,"key":"Toy Ornithopter"},{"floor":25.0,"key":"hubris:Teleporter"},{"floor":25.0,"key":"infinitespire:Broken Mirror"},{"floor":26.0,"key":"HornCleat"},{"floor":43.0,"key":"Replay:Accelerometer"}],"event_choices":[{"damage_healed":75.0,"max_hp_gain":0.0,"max_hp_loss":75.0,"gold_gain":0.0,"event_name":"betterThird:BetterShining","player_choice":"Upgrade","floor":2.0,"gold_loss":0.0,"damage_taken":15.0,"cards_upgraded":["HollowMod:NailStrikeStart","HollowMod:QuickDashStart"]},{"damage_healed":0.0,"max_hp_gain":5.0,"max_hp_loss":0.0,"gold_gain":0.0,"event_name":"Big Fish","player_choice":"Donut","floor":3.0,"gold_loss":0.0,"damage_taken":0.0},{"damage_healed":0.0,"max_hp_gain":0.0,"max_hp_loss":0.0,"gold_gain":0.0,"event_name":"Accursed Blacksmith","player_choice":"Forge","floor":4.0,"gold_loss":0.0,"damage_taken":0.0,"cards_upgraded":["HollowMod:CloakDash"]},{"damage_healed":0.0,"max_hp_gain":0.0,"max_hp_loss":0.0,"gold_gain":0.0,"event_name":"Lab","player_choice":"Got Potions","floor":14.0,"gold_loss":0.0,"damage_taken":0.0},{"damage_healed":0.0,"max_hp_gain":0.0,"max_hp_loss":0.0,"gold_gain":0.0,"event_name":"The Mausoleum","player_choice":"Opened","floor":22.0,"gold_loss":0.0,"damage_taken":0.0,"relics_obtained":["Toxic Egg 2"],"cards_obtained":["Writhe"]},{"damage_healed":0.0,"max_hp_gain":0.0,"max_hp_loss":0.0,"gold_gain":0.0,"event_name":"Drug Dealer","player_choice":"Inject Mutagens","floor":27.0,"gold_loss":0.0,"damage_taken":0.0,"relics_obtained":["MutagenicStrength"]},{"damage_healed":20.0,"max_hp_gain":0.0,"max_hp_loss":0.0,"gold_gain":0.0,"event_name":"Winding Halls","player_choice":"Writhe","floor":36.0,"gold_loss":0.0,"damage_taken":0.0,"cards_obtained":["Writhe"]},{"damage_healed":0.0,"max_hp_gain":0.0,"max_hp_loss":0.0,"gold_gain":0.0,"event_name":"NoteForYourself","player_choice":"Ignored","floor":39.0,"gold_loss":0.0,"damage_taken":0.0}],"is_beta":false,"boss_relics":[{"not_picked":["ReplayTheSpireMod:DimensionalGlitch","hubris:RunicObelisk"],"picked":"Replay:Grab Bag"},{"not_picked":["Runic Dome","hubris:CrackedHourglass"],"picked":"hubris:VirtuousBlindfold"},{"not_picked":["Ectoplasm","Abe\u0027s Treasure"],"picked":"Cursed Key"},{"not_picked":["Calling Bell","Pandora\u0027s Box"],"picked":"hubris:Stopwatch"},{"not_picked":["Ring of Chaos","Replay:Drink Me"],"picked":"Black Star"},{"not_picked":["Replay:Bronze Core","Philosopher\u0027s Stone"],"picked":"Replay:Ancient Bell"},{"not_picked":["Juzu Bracelet","Art of War"],"picked":"Bag of Preparation"},{"not_picked":["Replay:Bottled Steam","Pear"],"picked":"ReplayTheSpireMod:Ninjato"},{"not_picked":["Girya","Bird Faced Urn"],"picked":"Ice Cream"}],"items_purged_floors":[30,44],"is_endless":true,"potions_floor_spawned":[8,10,11,20,24,28,29,41,42,45],"killed_by":"Nightmare","ascension_level":0}}