{"host":"poshtwjux72eqzmy","time":1608578718,"event":{"mods":["BaseMod","Bestiary","Block Reminder","Colored Powertips","Highlight Path","Minty Spire (QoL Compilation)","Quick Restart","Relic Stats","ojb\u0027s Info Mod"],"gold_per_floor":[119,119,172,172,184,184,215,215,215,215,250,10,39,49,49,123,123,141,141,159,169,188,220,236,269,319,319,332,346,371,45,45,119,119,134,147,165,0,0,28,41,75,100,115,154,154,154,197,197,197,197,197,197,42,75,75],"floor_reached":57,"playtime":10039,"items_purged":[],"score":3650,"play_id":"d7907407-8cef-45a6-87be-6037c33344c3","local_time":"20201221212518","is_ascension_mode":true,"campfire_choices":[{"data":"WheelKick","floor":6.0,"key":"SMITH"},{"data":"SashWhip","floor":8.0,"key":"SMITH"},{"data":"Halt","floor":10.0,"key":"SMITH"},{"data":"Protect","floor":15.0,"key":"SMITH"},{"floor":27.0,"key":"RECALL"},{"floor":32.0,"key":"REST"},{"floor":49.0,"key":"REST"},{"floor":53.0,"key":"REST"}],"circlet_count":0,"master_deck":["AscendersBane","Strike_P+1","Strike_P+1","Strike_P+1","Strike_P+1","Defend_P+1","Defend_P+1","Defend_P+1","Eruption+1","Vigilance+1","WheelKick+1","Halt+1","SashWhip+1","WaveOfTheHand+1","LessonLearned+1","FearNoEvil+1","BowlingBash+1","Protect+1","Scrawl+1","ClearTheMind+1","SandsOfTime+1","Wireheading+1","JustLucky+1","WheelKick+1","Scrawl+1","Protect+1","Omniscience+1","InnerPeace+1","TalkToTheHand+1","EmptyMind+1","Nirvana+1"],"relics":["Black Star","Calipers","Ornamental Fan","Incense Burner","CloakClasp","Frozen Egg 2","Yang","Orichalcum","InkBottle","Fusion Hammer","Bag of Marbles","Toxic Egg 2","Dead Branch","Gremlin Horn","Akabeko","Centennial Puzzle","GoldenEye","Busted Crown","Red Mask","Question Card","Singing Bowl","War Paint","Regal Pillow","Pantograph","Bag of Preparation","CeramicFish","Turnip","White Beast Statue","Nunchaku","Orrery","Unceasing Top","Vajra"],"acts_visited":["Exordium","TheCity","TheBeyond","TheEnding"],"potions_floor_usage":[56],"damage_taken":[{"damage":2.0,"enemies":"Jaw Worm","floor":1.0,"turns":7.0},{"damage":3.0,"enemies":"Small Slimes","floor":5.0,"turns":3.0},{"damage":16.0,"enemies":"Gremlin Nob","floor":7.0,"turns":3.0},{"damage":12.0,"enemies":"Lagavulin","floor":11.0,"turns":7.0},{"damage":4.0,"enemies":"3 Sentries","floor":13.0,"turns":5.0},{"damage":0.0,"enemies":"Cultist","floor":14.0,"turns":3.0},{"damage":0.0,"enemies":"Slime Boss","floor":16.0,"turns":7.0},{"damage":1.0,"enemies":"Shell Parasite","floor":18.0,"turns":13.0},{"damage":0.0,"enemies":"3 Byrds","floor":20.0,"turns":5.0},{"damage":0.0,"enemies":"3 Cultists","floor":21.0,"turns":6.0},{"damage":1.0,"enemies":"Snake Plant","floor":22.0,"turns":7.0},{"damage":0.0,"enemies":"Slavers","floor":23.0,"turns":12.0},{"damage":1.0,"enemies":"Shelled Parasite and Fungi","floor":24.0,"turns":6.0},{"damage":0.0,"enemies":"Book of Stabbing","floor":25.0,"turns":5.0},{"damage":0.0,"enemies":"Centurion and Healer","floor":28.0,"turns":1.0},{"damage":0.0,"enemies":"Snake Plant","floor":29.0,"turns":4.0},{"damage":0.0,"enemies":"Slavers","floor":30.0,"turns":6.0},{"damage":0.0,"enemies":"Collector","floor":33.0,"turns":7.0},{"damage":0.0,"enemies":"3 Shapes","floor":35.0,"turns":7.0},{"damage":0.0,"enemies":"3 Darklings","floor":36.0,"turns":5.0},{"damage":0.0,"enemies":"Transient","floor":37.0,"turns":6.0},{"damage":0.0,"enemies":"Giant Head","floor":40.0,"turns":7.0},{"damage":0.0,"enemies":"Sphere and 2 Shapes","floor":41.0,"turns":5.0},{"damage":0.0,"enemies":"Reptomancer","floor":42.0,"turns":6.0},{"damage":0.0,"enemies":"Writhing Mass","floor":44.0,"turns":6.0},{"damage":0.0,"enemies":"Giant Head","floor":45.0,"turns":7.0},{"damage":0.0,"enemies":"Nemesis","floor":48.0,"turns":5.0},{"damage":0.0,"enemies":"Donu and Deca","floor":50.0,"turns":12.0},{"damage":0.0,"enemies":"Awakened One","floor":51.0,"turns":12.0},{"damage":0.0,"enemies":"Shield and Spear","floor":55.0,"turns":18.0},{"damage":3,"enemies":"The Heart","floor":56,"turns":11}],"seed_played":"-5825667260695780194","potions_obtained":[{"floor":7.0,"key":"EntropicBrew"},{"floor":13.0,"key":"PowerPotion"},{"floor":22.0,"key":"Swift Potion"},{"floor":23.0,"key":"DuplicationPotion"},{"floor":29.0,"key":"Dexterity Potion"},{"floor":30.0,"key":"DistilledChaos"},{"floor":37.0,"key":"LiquidMemories"},{"floor":55.0,"key":"Weak Potion"}],"is_trial":false,"path_per_floor":["M","?","?","?","M","R","E","R","T","R","E","$","E","M","R","B",null,"M","?","M","M","M","E","M","E","T","R","M","M","E","$","R","B",null,"M","M","M","?","T","E","M","E","T","M","E","$","?","E","R","B","B",null,"R","$","E","B",null],"character_chosen":"WATCHER","items_purchased":["LessonLearned","FearNoEvil","GoldenEye","Orrery"],"campfire_rested":3,"item_purchase_floors":[12,12,31,54],"current_hp_per_floor":[59,48,48,48,45,45,29,29,29,29,17,17,13,13,13,13,54,53,53,53,53,52,52,51,51,51,51,51,51,51,51,68,68,68,68,68,68,68,68,70,72,72,72,72,72,72,72,72,72,72,72,72,72,80,82,79],"gold":75,"neow_bonus":"BOSS_RELIC","is_daily":false,"chose_seed":false,"campfire_upgraded":4,"win_rate":0.0,"timestamp":1608578718,"path_taken":["M","?","?","?","M","R","E","R","T","R","E","$","E","M","R","BOSS","M","?","M","M","?","E","M","E","T","R","M","M","E","$","R","BOSS","M","?","M","?","?","E","M","E","T","M","E","?","?","E","R","BOSS","BOSS","R","$","E","BOSS"],"items_purchased_type":["Card","Card","Relic","Relic"],"build_version":"2020-12-13","purchased_purges":0,"victory":true,"max_hp_per_floor":[68,68,68,68,68,68,68,68,68,68,68,68,68,68,68,68,68,68,68,68,68,68,68,68,68,68,68,68,68,68,68,68,68,68,68,68,68,68,68,70,72,72,72,72,72,72,72,72,72,72,72,72,72,80,82,82],"relic_stats":{"Regal Pillow":0,"Gremlin Horn":[19,22],"Singing Bowl":14,"counters":[31,214],"Dead Branch":[105],"CeramicFish":27,"Yang":[494],"CloakClasp":[825],"Bag of Preparation":[14],"Orichalcum":[90],"War Paint":[],"GoldenEye":[215],"Question Card":12,"Centennial Puzzle":[3],"Nunchaku":[17],"Busted Crown":30,"Ornamental Fan":[444],"Pantograph":0,"Turnip":[2],"Black Star":11,"obtain_stats":[{"Regal Pillow":42,"Calipers":2,"Gremlin Horn":25,"Singing Bowl":40,"CeramicFish":45,"Vajra":55,"Yang":11,"Incense Burner":7,"CloakClasp":9,"Bag of Preparation":43,"Centennial Puzzle":30,"Nunchaku":48,"Pantograph":42,"Fusion Hammer":17,"Red Mask":38,"Toxic Egg 2":23,"InkBottle":13,"Dead Branch":25,"Frozen Egg 2":11,"Orichalcum":13,"War Paint":40,"GoldenEye":31,"Question Card":39,"Akabeko":30,"White Beast Statue":48,"Busted Crown":34,"Ornamental Fan":7,"Orrery":54,"Turnip":45,"Black Star":0,"Bag of Marbles":23,"PureWater":0,"Unceasing Top":55},{"Regal Pillow":24,"Calipers":1,"Gremlin Horn":14,"Singing Bowl":22,"CeramicFish":26,"Vajra":30,"Yang":4,"Incense Burner":3,"CloakClasp":3,"Bag of Preparation":24,"Centennial Puzzle":17,"Nunchaku":27,"Pantograph":24,"Fusion Hammer":7,"Red Mask":21,"Toxic Egg 2":12,"InkBottle":5,"Dead Branch":14,"Frozen Egg 2":4,"Orichalcum":5,"War Paint":22,"GoldenEye":17,"Question Card":21,"Akabeko":17,"White Beast Statue":27,"Busted Crown":18,"Ornamental Fan":3,"Orrery":29,"Turnip":26,"Black Star":0,"Bag of Marbles":12,"PureWater":0,"Unceasing Top":30},{"Regal Pillow":143,"Calipers":7,"Gremlin Horn":89,"Singing Bowl":132,"CeramicFish":156,"Vajra":203,"Yang":20,"Incense Burner":13,"CloakClasp":13,"Bag of Preparation":143,"Centennial Puzzle":100,"Nunchaku":161,"Pantograph":143,"Fusion Hammer":35,"Red Mask":125,"Toxic Egg 2":78,"InkBottle":25,"Dead Branch":89,"Frozen Egg 2":20,"Orichalcum":25,"War Paint":132,"GoldenEye":100,"Question Card":125,"Akabeko":100,"White Beast Statue":161,"Busted Crown":107,"Ornamental Fan":13,"Orrery":185,"Turnip":156,"Black Star":0,"Bag of Marbles":78,"PureWater":0,"Unceasing Top":203}],"InkBottle":[84],"Unceasing Top":[0]},"card_choices":[{"not_picked":["Prostrate","SashWhip"],"picked":"WheelKick","floor":1.0},{"not_picked":["ClearTheMind","EmptyBody"],"picked":"Halt","floor":5.0},{"not_picked":["Omniscience","Fasting2"],"picked":"SashWhip","floor":7.0},{"not_picked":["Consecrate","ReachHeaven"],"picked":"WaveOfTheHand","floor":11.0},{"not_picked":["Ragnarok","JustLucky"],"picked":"BowlingBash","floor":13.0},{"not_picked":["Consecrate","PathToVictory"],"picked":"Protect","floor":14.0},{"not_picked":["Ragnarok","ConjureBlade"],"picked":"Scrawl","floor":16.0},{"not_picked":["WreathOfFlame","Pray","JustLucky"],"picked":"SKIP","floor":18.0},{"not_picked":["Consecrate","WindmillStrike","Prostrate"],"picked":"SKIP","floor":20.0},{"not_picked":["Weave","FearNoEvil+1"],"picked":"ClearTheMind+1","floor":21.0},{"not_picked":["EmptyBody","Evaluate+1","BowlingBash"],"picked":"SKIP","floor":22.0},{"not_picked":["FlurryOfBlows","JustLucky"],"picked":"SandsOfTime","floor":23.0},{"not_picked":["PathToVictory+1","Ragnarok","Evaluate+1"],"picked":"SKIP","floor":24.0},{"not_picked":["EmptyMind+1","Conclude"],"picked":"Wireheading+1","floor":25.0},{"not_picked":["Evaluate+1","Fasting2+1","FearNoEvil"],"picked":"SKIP","floor":28.0},{"not_picked":["Fasting2+1","EmptyBody+1"],"picked":"JustLucky+1","floor":29.0},{"not_picked":["SashWhip","Brilliance"],"picked":"WheelKick+1","floor":30.0},{"not_picked":["Ragnarok","Devotion+1"],"picked":"Scrawl+1","floor":33.0},{"not_picked":["FlurryOfBlows"],"picked":"SKIP","floor":35.0},{"not_picked":["PathToVictory+1"],"picked":"SKIP","floor":36.0},{"not_picked":[],"picked":"Protect+1","floor":37.0},{"not_picked":["EmptyBody+1","CrushJoints"],"picked":"Singing Bowl","floor":40.0},{"not_picked":["FollowUp","PathToVictory+1"],"picked":"Singing Bowl","floor":41.0},{"not_picked":["Protect+1"],"picked":"Omniscience+1","floor":42.0},{"not_picked":["Halt+1"],"picked":"InnerPeace+1","floor":44.0},{"not_picked":["BowlingBash"],"picked":"TalkToTheHand","floor":45.0},{"not_picked":["EmptyFist"],"picked":"EmptyMind+1","floor":48.0},{"not_picked":["CarveReality"],"picked":"Nirvana+1","floor":54.0},{"not_picked":["Study+1","BowlingBash"],"picked":"Singing Bowl","floor":54.0},{"not_picked":["WaveOfTheHand+1","FlurryOfBlows"],"picked":"Singing Bowl","floor":54.0},{"not_picked":["MentalFortress+1","Swivel+1"],"picked":"Singing Bowl","floor":54.0},{"not_picked":["Halt+1","FollowUp"],"picked":"Singing Bowl","floor":54.0},{"not_picked":["Study+1","Sanctity+1"],"picked":"Singing Bowl","floor":55.0}],"player_experience":985944,"relics_obtained":[{"floor":7.0,"key":"Ornamental Fan"},{"floor":7.0,"key":"Incense Burner"},{"floor":9.0,"key":"CloakClasp"},{"floor":11.0,"key":"Frozen Egg 2"},{"floor":11.0,"key":"Yang"},{"floor":13.0,"key":"Orichalcum"},{"floor":13.0,"key":"InkBottle"},{"floor":23.0,"key":"Bag of Marbles"},{"floor":23.0,"key":"Toxic Egg 2"},{"floor":25.0,"key":"Dead Branch"},{"floor":25.0,"key":"Gremlin Horn"},{"floor":30.0,"key":"Akabeko"},{"floor":30.0,"key":"Centennial Puzzle"},{"floor":39.0,"key":"Question Card"},{"floor":40.0,"key":"Singing Bowl"},{"floor":40.0,"key":"War Paint"},{"floor":42.0,"key":"Regal Pillow"},{"floor":42.0,"key":"Pantograph"},{"floor":43.0,"key":"Bag of Preparation"},{"floor":45.0,"key":"CeramicFish"},{"floor":45.0,"key":"Turnip"},{"floor":48.0,"key":"White Beast Statue"},{"floor":48.0,"key":"Nunchaku"},{"floor":55.0,"key":"Unceasing Top"},{"floor":55.0,"key":"Vajra"}],"event_choices":[{"damage_healed":0.0,"max_hp_gain":0.0,"max_hp_loss":0.0,"gold_gain":0.0,"event_name":"Scrap Ooze","player_choice":"Success","floor":2.0,"gold_loss":0.0,"damage_taken":11.0,"relics_obtained":["Calipers"]},{"damage_healed":0.0,"max_hp_gain":0.0,"max_hp_loss":0.0,"gold_gain":53.0,"event_name":"Golden Wing","player_choice":"Gained Gold","floor":3.0,"gold_loss":0.0,"damage_taken":0.0},{"damage_healed":0.0,"max_hp_gain":0.0,"max_hp_loss":0.0,"gold_gain":0.0,"event_name":"Living Wall","player_choice":"Grow","floor":4.0,"gold_loss":0.0,"damage_taken":0.0,"cards_upgraded":["Eruption"]},{"damage_healed":0.0,"max_hp_gain":0.0,"max_hp_loss":0.0,"gold_gain":0.0,"event_name":"Upgrade Shrine","player_choice":"Upgraded","floor":19.0,"gold_loss":0.0,"damage_taken":0.0,"cards_upgraded":["Scrawl"]},{"damage_healed":0.0,"max_hp_gain":0.0,"max_hp_loss":0.0,"gold_gain":0.0,"event_name":"Tomb of Lord Red Mask","player_choice":"Paid","floor":38.0,"gold_loss":165.0,"damage_taken":0.0,"relics_obtained":["Red Mask"]},{"cards_removed":["Defend_P"],"damage_healed":0.0,"max_hp_gain":0.0,"max_hp_loss":0.0,"gold_gain":0.0,"event_name":"Falling","player_choice":"Removed Skill","floor":47.0,"gold_loss":0.0,"damage_taken":0.0}],"is_beta":false,"boss_relics":[{"not_picked":["Sozu","VioletLotus"],"picked":"Fusion Hammer"},{"not_picked":["Runic Pyramid","Coffee Dripper"],"picked":"Busted Crown"}],"items_purged_floors":[],"is_endless":false,"potions_floor_spawned":[7,13,16,18,22,23,29,30,37,41,42,55],"ascension_level":20}}