{"host":"baymyijz6sxaqj5s","time":1608555629,"event":{"mods":["AchievementEnabler","BaseMod","Colored Map","Colored Powertips","DeckTracker","KOR Keyword Fix","Keyboard Shortcuts","Minty Spire (QoL Compilation)","StSLib","SuperFastMode"],"gold_per_floor":[119,134,149,74,74,74,74,92,167,67,84,95,124,124,124,124,124],"floor_reached":16,"playtime":440,"items_purged":["Strike_R","Strike_R"],"score":92,"play_id":"630e1efa-5dd8-4037-8710-669573e1ff13","local_time":"20201221220029","is_ascension_mode":false,"campfire_choices":[{"data":"Thunderclap","floor":6,"key":"SMITH"},{"floor":15,"key":"REST"}],"circlet_count":0,"master_deck":["Strike_R","Strike_R","Strike_R","Defend_R","Defend_R","Defend_R","Defend_R","Bash","Thunderclap+1","Sword Boomerang","Double Tap"],"relics":["Burning Blood","Tiny Chest","Mummified Hand","Odd Mushroom"],"acts_visited":["Exordium"],"potions_floor_usage":[16,16],"damage_taken":[{"damage":1,"enemies":"2 Louse","floor":1,"turns":3},{"damage":5,"enemies":"Small Slimes","floor":2,"turns":4},{"damage":3,"enemies":"Jaw Worm","floor":3,"turns":4},{"damage":11,"enemies":"2 Fungi Beasts","floor":8,"turns":4},{"damage":12,"enemies":"Looter","floor":11,"turns":4},{"damage":11,"enemies":"Blue Slaver","floor":12,"turns":4},{"damage":38,"enemies":"The Mushroom Lair","floor":13,"turns":4},{"damage":61,"enemies":"The Guardian","floor":16,"turns":12}],"seed_played":"-4209862415910154710","potions_obtained":[{"floor":2,"key":"FearPotion"},{"floor":12,"key":"Strength Potion"}],"is_trial":false,"path_per_floor":["M","M","M","$","?","R","?","M","T","$","M","M","?","?","R","B"],"character_chosen":"IRONCLAD","items_purchased":[],"campfire_rested":1,"item_purchase_floors":[],"current_hp_per_floor":[88,88,88,88,88,88,81,76,76,76,70,65,33,33,59,0,0],"gold":124,"neow_bonus":"TEN_PERCENT_HP_BONUS","is_daily":false,"chose_seed":false,"campfire_upgraded":1,"win_rate":0.0,"timestamp":1608555629,"path_taken":["M","M","M","$","?","R","?","M","T","$","M","?","?","?","R","BOSS"],"items_purchased_type":[],"build_version":"2020-12-13","purchased_purges":2,"victory":false,"max_hp_per_floor":[88,88,88,88,88,88,88,88,88,88,88,88,88,88,88,88,88],"card_choices":[{"not_picked":["True Grit","Whirlwind","Flex"],"picked":"SKIP","floor":1},{"not_picked":["Disarm","Iron Wave"],"picked":"Thunderclap","floor":2},{"not_picked":["Flex","Evolve","Iron Wave"],"picked":"SKIP","floor":3},{"not_picked":["Uppercut","Rampage"],"picked":"Sword Boomerang","floor":8},{"not_picked":["Havoc","Shockwave"],"picked":"Double Tap","floor":11},{"not_picked":["Pummel","Thunderclap","Anger"],"picked":"SKIP","floor":12}],"player_experience":169934,"relics_obtained":[{"floor":9,"key":"Mummified Hand"},{"floor":13,"key":"Odd Mushroom"}],"event_choices":[{"damage_healed":0,"gold_gain":0,"player_choice":"Ignored","damage_taken":0,"max_hp_gain":0,"max_hp_loss":0,"event_name":"Liars Game","floor":5,"gold_loss":0},{"damage_healed":0,"gold_gain":0,"player_choice":"Success","damage_taken":7,"relics_obtained":["Tiny Chest"],"max_hp_gain":0,"max_hp_loss":0,"event_name":"Scrap Ooze","floor":7,"gold_loss":0},{"damage_healed":0,"gold_gain":0,"player_choice":"Fought Mushrooms","damage_taken":0,"max_hp_gain":0,"max_hp_loss":0,"event_name":"Mushrooms","floor":13,"gold_loss":0},{"damage_healed":0,"gold_gain":0,"player_choice":"Ignored","damage_taken":0,"max_hp_gain":0,"max_hp_loss":0,"event_name":"Golden Idol","floor":14,"gold_loss":0}],"is_beta":false,"boss_relics":[],"items_purged_floors":[4,10],"is_endless":false,"potions_floor_spawned":[2,12],"killed_by":"The Guardian","ascension_level":0}}