{"host":"126yiuos2nq86se7","time":1608519938,"event":{"mods":["AchievementEnabler","Act Like it!","BaseMod","Colored Map","Colored Powertips","Friendly Minions","Highlight Path","Minty Spire (QoL Compilation)","StSLib","SuperFastMode","The Animator"],"gold_per_floor":[111,127,16,33,48,48,78,78,78,78,91,91,91,91,91,91,91],"floor_reached":16,"playtime":561,"items_purged":["Eruption"],"score":100,"play_id":"09773bf6-8cb4-4b06-b411-dd1ac9bf8133","local_time":"20201221140538","is_ascension_mode":false,"campfire_choices":[{"data":"Vigilance","floor":6,"key":"SMITH"},{"data":"Wallop","floor":8,"key":"SMITH"},{"data":"Wallop","floor":12,"key":"SMITH"},{"data":"Swivel","floor":15,"key":"SMITH"}],"circlet_count":0,"master_deck":["Strike_P","Strike_P","Strike_P","Defend_P","Defend_P","Defend_P","Defend_P","Vigilance+1","Wallop+1","Wallop+1","Evaluate+1","Swivel+1"],"relics":["PureWater","Yang","FossilizedHelix"],"acts_visited":["Exordium"],"potions_floor_usage":[7,7,7,16],"damage_taken":[{"damage":7,"enemies":"Jaw Worm","floor":1,"turns":6},{"damage":0,"enemies":"Small Slimes","floor":2,"turns":4},{"damage":5,"enemies":"Cultist","floor":4,"turns":4},{"damage":0,"enemies":"2 Fungi Beasts","floor":5,"turns":4},{"damage":1,"enemies":"Lagavulin","floor":7,"turns":3},{"damage":0,"enemies":"Gremlin Gang","floor":11,"turns":7},{"damage":60,"enemies":"Hexaghost","floor":16,"turns":17}],"seed_played":"-7315193465812259185","potions_obtained":[{"floor":0,"key":"Ambrosia"},{"floor":0,"key":"Explosive Potion"},{"floor":0,"key":"Fire Potion"},{"floor":7,"key":"SpeedPotion"}],"is_trial":false,"path_per_floor":["M","M","$","M","M","R","E","R","T","?","M","R","?","?","R","B"],"character_chosen":"WATCHER","items_purchased":["Wallop"],"campfire_rested":0,"item_purchase_floors":[3],"current_hp_per_floor":[65,65,65,60,60,60,59,59,59,59,59,59,59,59,59,0,0],"gold":91,"neow_bonus":"THREE_SMALL_POTIONS","is_daily":false,"chose_seed":false,"campfire_upgraded":4,"win_rate":0.0,"timestamp":1608519938,"path_taken":["M","M","$","M","M","R","E","R","T","?","M","R","?","?","R","BOSS"],"items_purchased_type":["Card"],"build_version":"2020-12-13","purchased_purges":1,"victory":false,"max_hp_per_floor":[72,72,72,72,72,72,72,72,72,72,72,72,72,72,72,72,72],"card_choices":[{"not_picked":["Halt","PathToVictory"],"picked":"Wallop","floor":1},{"not_picked":["Pray","Meditate","EmptyFist"],"picked":"SKIP","floor":2},{"not_picked":["FollowUp","Collect"],"picked":"Evaluate","floor":4},{"not_picked":["BowlingBash","MentalFortress"],"picked":"Swivel","floor":5},{"not_picked":["Worship","Protect","FollowUp"],"picked":"SKIP","floor":7},{"not_picked":["CrushJoints","Prostrate","PathToVictory"],"picked":"SKIP","floor":11}],"player_experience":1523520,"relics_obtained":[{"floor":7,"key":"Yang"},{"floor":9,"key":"FossilizedHelix"}],"event_choices":[{"cards_removed":["Strike_P"],"damage_healed":0,"gold_gain":0,"player_choice":"Forget","damage_taken":0,"max_hp_gain":0,"max_hp_loss":0,"event_name":"Living Wall","floor":10,"gold_loss":0},{"damage_healed":0,"gold_gain":0,"player_choice":"Searched \u00270\u0027 times","damage_taken":0,"max_hp_gain":0,"max_hp_loss":0,"event_name":"Dead Adventurer","floor":13,"gold_loss":0},{"damage_healed":0,"gold_gain":0,"player_choice":"Forge","damage_taken":0,"max_hp_gain":0,"max_hp_loss":0,"event_name":"Accursed Blacksmith","floor":14,"gold_loss":0,"cards_upgraded":["Evaluate"]}],"is_beta":false,"boss_relics":[],"items_purged_floors":[3],"is_endless":false,"potions_floor_spawned":[7],"killed_by":"Hexaghost","ascension_level":0}}