{"host":"igi9xpgoc000gxf5","time":1608588004,"event":{"mods":["BaseMod","Colored Powertips","Downfall","Googly Eyes","Minty Spire (QoL Compilation)","StSLib"],"gold_per_floor":[99,7,307,318,318,493,493,418,436,436,436,451,63,80,90,187,187,187,187,187],"floor_reached":19,"playtime":629,"items_purged":[],"score":155,"play_id":"cb13088a-e488-4355-ac18-cb2c765b36b7","local_time":"20201221230004","is_ascension_mode":false,"campfire_choices":[{"floor":1,"key":"RECALL"},{"data":"sneckomod:UnknownUncommonAttack","floor":8,"key":"SMITH"},{"floor":10,"key":"REST"},{"floor":18,"key":"REST"}],"circlet_count":0,"master_deck":["sneckomod:Strike","sneckomod:Strike","sneckomod:Defend","sneckomod:Defend","sneckomod:Defend","sneckomod:TailWhip","sneckomod:SnekBite","sneckomod:Unknown","sneckomod:Unknown","sneckomod:ImprovisedAttack","sneckomod:UnknownUncommonAttack+1","Slimebound:Icky","Slimebound:Icky","sneckomod:UnknownCommonSkill","Doubt","sneckomod:UnknownUncommonSkill","sneckomod:UnknownUncommonAttack","sneckomod:SoulDraw","sneckomod:Nope","sneckomod:DiceBlock","sneckomod:UnknownClassBLUE","sneckomod:UnknownVulnerable","sneckomod:UnknownRarePower"],"relics":["sneckomod:SneckoSoul","Lantern","Bag of Marbles","downfall:HeartBlessingRed","Matryoshka","Boot","Ancient Tea Set","Fusion Hammer"],"acts_visited":["Exordium","TheCity"],"potions_floor_usage":[16,16,19],"damage_taken":[{"damage":0,"enemies":"downfall:FleeingMerchant","floor":2,"turns":4},{"damage":17,"enemies":"Small Slimes","floor":4,"turns":3},{"damage":6,"enemies":"2 Louse","floor":9,"turns":1},{"damage":1,"enemies":"Jaw Worm","floor":12,"turns":2},{"damage":8,"enemies":"downfall:FleeingMerchant","floor":13,"turns":4},{"damage":6,"enemies":"3 Louse","floor":14,"turns":2},{"damage":0,"enemies":"Red Slaver","floor":15,"turns":2},{"damage":58,"enemies":"downfall:Defect","floor":16,"turns":6},{"damage":113,"enemies":"Gremlin Leader","floor":19,"turns":4}],"seed_played":"6208155449976387357","potions_obtained":[{"floor":4,"key":"Block Potion"},{"floor":12,"key":"Fire Potion"},{"floor":15,"key":"Swift Potion"},{"floor":16,"key":"champ:CounterPotion"}],"is_trial":false,"path_per_floor":["R","$","?","M","?","?","T","R","M","R","T","M","$","M","M","B",null,"R","E"],"character_chosen":"THE_SNECKO","items_purchased":["sneckomod:UnknownUncommonAttack","Boot","Ancient Tea Set","sneckomod:Nope","sneckomod:DiceBlock"],"campfire_rested":2,"item_purchase_floors":[2,13,13,13,13],"current_hp_per_floor":[90,91,91,75,75,75,75,75,70,93,93,93,85,80,81,28,97,97,0,0],"gold":187,"neow_bonus":"RANDOM_COMMON_RELIC","is_daily":false,"chose_seed":false,"campfire_upgraded":1,"win_rate":0.0,"timestamp":1608588004,"path_taken":["R","$","?","M","?","?","T","R","M","R","?","?","$","M","M","BOSS","R","E"],"items_purchased_type":["Card","Relic","Relic","Card","Card"],"build_version":"2020-12-13","purchased_purges":0,"victory":false,"max_hp_per_floor":[90,91,91,92,92,92,92,92,93,93,93,94,94,95,96,97,97,97,97,97],"card_choices":[{"not_picked":["sneckomod:UnknownExhaust","sneckomod:UnknownUncommonAttack"],"picked":"sneckomod:ImprovisedAttack","floor":2},{"not_picked":["sneckomod:RainOfDice","sneckomod:DefensiveFlair"],"picked":"sneckomod:UnknownCommonSkill","floor":4},{"not_picked":["sneckomod:TrashToTreasure","sneckomod:SnakeSap"],"picked":"sneckomod:UnknownUncommonSkill","floor":9},{"not_picked":["sneckomod:SoulCleanse","sneckomod:UnknownCommonSkill"],"picked":"sneckomod:UnknownUncommonAttack","floor":12},{"not_picked":["sneckomod:DiceBlock","sneckomod:TrashToTreasure"],"picked":"sneckomod:SoulDraw","floor":13},{"not_picked":["sneckomod:SoulDraw","sneckomod:UnknownClassGREEN"],"picked":"sneckomod:UnknownClassBLUE","floor":14},{"not_picked":["sneckomod:UnknownCommonAttack","sneckomod:Nope"],"picked":"sneckomod:UnknownVulnerable","floor":15},{"not_picked":["sneckomod:SerpentMind","sneckomod:UnknownRareAttack"],"picked":"sneckomod:UnknownRarePower","floor":16}],"player_experience":889282,"relics_obtained":[{"floor":7,"key":"Bag of Marbles"},{"floor":11,"key":"Matryoshka"}],"event_choices":[],"is_beta":false,"boss_relics":[{"not_picked":["SacredBark","Coffee Dripper"],"picked":"Fusion Hammer"}],"items_purged_floors":[],"is_endless":false,"potions_floor_spawned":[4,12,15,16],"killed_by":"Gremlin Leader","ascension_level":0}}