{"host":"0azimyi6n3ugndj4","time":1608563763,"event":{"mods":["BaseMod","Bestiary","Conspire","Curses Come First","Defuse TimeMaze Blight","Hyrulean Relics","Infinite Spire","Minty Spire (QoL Compilation)","Relic Sorter","Relic Stats","Replay The Spire","StSLib","SuperFastMode","Uncapped","¡¼?Úª?ø«¡½REMEMod"],"gold_per_floor":[144,183,216,216,246,246,246],"floor_reached":6,"playtime":141,"items_purged":[],"score":151,"play_id":"5d98c076-aeae-4464-8f14-7fed7953b304","local_time":"20201222001603","daily_mods":["Insanity","Chimera","Specialized","Vintage","ControlledChaos","Allstar","Diverse","Colorless Cards","Heirloom","Time Dilation","Binary","Elite Swarm","Lethality","Midas","Uncertain Future"],"is_ascension_mode":true,"campfire_choices":[],"circlet_count":0,"master_deck":["Demon Form","Wraith Form v2","Echo Form","DevaForm","AscendersBane","Bash","Survivor","Zap","Eruption+1","Strike_R","Strike_G","Strike_B","Defend_R","Defend_G","Defend_P","ReplaySort","FollowUp","BasicCrystalCard","Cleave","JustLucky","Expertise","Prostrate","Redo","BasicCrystalCard","Good Instincts","Flame Barrier","ReplayTheSpireMod:GoodbyeWorld","Anger","BasicCrystalCard","Prostrate","Warcry","Steam","Capacitor","ReplayTheSpireMod:Stacked","Evaluate","Streamline","Replay:Hum","Wild Strike","Go for the Eyes","Weave","FearNoEvil+1","Replay:ManipulateFuture","Replay:BluntJabs","Outmaneuver","Quick Slash","Replay:AtTheReady","Blood for Blood","SashWhip","Hologram","Dodge and Roll","Replay:AtTheReady","Ball Lightning","Barrage","Bandage Up","FollowUp","EmptyMind","Expertise","Body Slam","Dodge and Roll","Sneak Up","Defy Death","ThirdEye","Compile Driver","Protect","DeceiveReality","Twin Strike","Twin Strike","Twin Strike","Twin Strike","Twin Strike","Discovery","The Bomb","Dramatic Entrance","Apotheosis","Enlightenment","Spot Weakness","Decay"],"relics":["Burning Blood","Frozen Eye","REME_ComplimentaryCards","conspire:Boomerang","Whetstone","InkBottle","conspire:TopHat","Boot"],"acts_visited":["Exordium"],"potions_floor_usage":[],"damage_taken":[{"damage":3,"enemies":"Cultist","floor":1,"turns":4},{"damage":23,"enemies":"conspire:RoseBush","floor":2,"turns":3},{"damage":15,"enemies":"Small Slimes","floor":3,"turns":6},{"damage":18,"enemies":"2 Fungi Beasts","floor":5,"turns":4},{"damage":66,"enemies":"Gremlin Nob","floor":6,"turns":3}],"seed_played":"6305061504095471991","potions_obtained":[{"floor":1,"key":"LiquidBronze"},{"floor":5,"key":"Languid Potion"}],"is_trial":true,"path_per_floor":["M","M","M","?","M","E"],"character_chosen":"IRONCLAD","items_purchased":[],"campfire_rested":0,"item_purchase_floors":[],"current_hp_per_floor":[71,54,49,49,41,0,0],"gold":246,"neow_bonus":"","is_daily":false,"chose_seed":false,"campfire_upgraded":0,"win_rate":0.0,"timestamp":1608563763,"path_taken":["M","M","M","?","?","E"],"items_purchased_type":[],"build_version":"2020-12-13","purchased_purges":0,"victory":false,"max_hp_per_floor":[75,75,75,75,75,75,75],"relic_stats":{"counters":[5,20],"Whetstone":["Eruption","FearNoEvil"],"Boot":[8],"obtain_stats":[{"Frozen Eye":0,"conspire:Boomerang":0,"Whetstone":1,"Boot":5,"Burning Blood":0,"InkBottle":2,"conspire:TopHat":3,"REME_ComplimentaryCards":0},{"Frozen Eye":0,"conspire:Boomerang":0,"Whetstone":1,"Boot":4,"Burning Blood":0,"InkBottle":2,"conspire:TopHat":3,"REME_ComplimentaryCards":0},{"Frozen Eye":0,"conspire:Boomerang":0,"Whetstone":4,"Boot":17,"Burning Blood":0,"InkBottle":7,"conspire:TopHat":13,"REME_ComplimentaryCards":0}],"Burning Blood":24,"InkBottle":[5]},"card_choices":[],"player_experience":1488549,"relics_obtained":[{"floor":1,"key":"Whetstone"},{"floor":2,"key":"InkBottle"},{"floor":3,"key":"conspire:TopHat"},{"floor":5,"key":"Boot"}],"event_choices":[{"damage_healed":0,"gold_gain":0,"player_choice":"Cursed","damage_taken":0,"max_hp_gain":0,"max_hp_loss":0,"event_name":"Wheel of Change","floor":4,"gold_loss":0,"cards_obtained":["Decay"]}],"is_beta":false,"boss_relics":[],"items_purged_floors":[],"is_endless":false,"potions_floor_spawned":[1,5],"killed_by":"Gremlin Nob","ascension_level":20}}