{"host":"nwjx7hbomubpmo86","time":1608578649,"event":{"mods":["AchievementEnabler","BaseMod","Better Note","Better Third Choice","Downfall","Hermit","Hubris","Minty Spire (QoL Compilation)","Replay The Spire","StSLib","The Blackbeard","The Necromancer","slay the spire mod where everything is the same but ironclad has a cowboy hat"],"gold_per_floor":[113,130,130,130,140,140,157,175,175,175,187,137,157,19123,19123,19223,19223,19239,19239,19252,19267,19281,19308,19308,19308,19308],"floor_reached":24,"playtime":1129,"items_purged":["expansioncontent:Flail"],"score":212,"play_id":"32ba1a0a-3e1a-4585-ae9e-87d317a403e2","local_time":"20201221202409","is_ascension_mode":false,"campfire_choices":[{"data":"blackbeard:InfiniteBarrage","floor":6.0,"key":"SMITH"},{"data":"blackbeard:Cutlass","floor":10.0,"key":"SMITH"},{"data":"blackbeard:BoostMorale","floor":15.0,"key":"SMITH"}],"circlet_count":0,"master_deck":["blackbeard:BlackbeardStrike","blackbeard:BlackbeardStrike","blackbeard:BlackbeardStrike","blackbeard:BlackbeardStrike","blackbeard:IntimidatingStrike","blackbeard:BlackbeardDefend","blackbeard:BlackbeardDefend","blackbeard:BlackbeardDefend","blackbeard:BlackbeardDefend","blackbeard:Cutlass+1","blackbeard:GoldenCannonball","blackbeard:InfiniteBarrage+1","blackbeard:RearmingStrike","blackbeard:CaptainsCabin","blackbeard:Salvager","blackbeard:Provisioning","blackbeard:PowderKeg","blackbeard:GoldenStrike","blackbeard:BoostMorale+1","blackbeard:WeaponMastery","blackbeard:Halberd","blackbeard:DoubleCannonball","Master of Strategy","blackbeard:GoldenRain","blackbeard:TerrorOfTheSeas","blackbeard:Provisioning","blackbeard:Scrap+1","blackbeard:Sword+1","blackbeard:ArmorUp","blackbeard:InfiniteBarrage"],"relics":["blackbeard:LoadTheCannons","hubris:Towel","WarpedTongs","Blue Candle","BargainBundle","hubris:Potato","Happy Flower","blackbeard:Karategi","Eternal Feather"],"acts_visited":["Exordium","TheCity"],"potions_floor_usage":[21,21,21,22,22,23,23,23,23,23,24,24,24],"damage_taken":[{"damage":3.0,"enemies":"Small Slimes","floor":1.0,"turns":3.0},{"damage":0.0,"enemies":"2 Louse","floor":2.0,"turns":2.0},{"damage":4.0,"enemies":"Cultist","floor":5.0,"turns":3.0},{"damage":0.0,"enemies":"Looter","floor":7.0,"turns":2.0},{"damage":12.0,"enemies":"Red Slaver","floor":8.0,"turns":3.0},{"damage":1.0,"enemies":"2 Fungi Beasts","floor":11.0,"turns":3.0},{"damage":2.0,"enemies":"3 Louse","floor":13.0,"turns":2.0},{"damage":4.0,"enemies":"The Guardian","floor":16.0,"turns":5.0},{"damage":16.0,"enemies":"3 Byrds","floor":18.0,"turns":5.0},{"damage":10.0,"enemies":"2 Thieves","floor":20.0,"turns":2.0},{"damage":6,"enemies":"Shelled Parasite and Fungi","floor":21,"turns":2},{"damage":5,"enemies":"Cultist and Chosen","floor":22,"turns":4},{"damage":29,"enemies":"Book of Stabbing","floor":23,"turns":5},{"damage":30,"enemies":"Sentry and Sphere","floor":24,"turns":3}],"seed_played":"-1348121185189860494","potions_obtained":[{"floor":1.0,"key":"Swift Potion"},{"floor":7.0,"key":"Energy Potion"},{"floor":8.0,"key":"Strength Potion"},{"floor":11.0,"key":"Energy Potion"},{"floor":21,"key":"Block Potion"},{"floor":22,"key":"Regen Potion"},{"floor":23,"key":"Strength Potion"}],"is_trial":false,"path_per_floor":["M","M","?","?","M","R","M","M","T","R","M","?","M","$","R","B",null,"M","?","M","M","M","E","M"],"character_chosen":"BLACKBEARD_CLASS","items_purchased":["blackbeard:GoldenStrike","BargainBundle","blackbeard:BoostMorale","blackbeard:WeaponMastery","blackbeard:Halberd","blackbeard:DoubleCannonball","Master of Strategy","expansioncontent:Flail","hubris:Potato","Happy Flower"],"campfire_rested":0,"item_purchase_floors":[14,14,14,14,14,14,14,14,14,14],"current_hp_per_floor":[79,79,79,79,75,75,75,63,63,63,62,62,60,60,60,56,82,66,66,56,50,45,30,0,0,0],"gold":19308,"neow_bonus":"TEN_PERCENT_HP_BONUS","is_daily":false,"chose_seed":false,"campfire_upgraded":3,"win_rate":0.0,"timestamp":1608578649,"path_taken":["M","M","?","?","M","R","M","M","T","R","?","?","M","$","R","BOSS","M","?","?","M","M","E","M"],"items_purchased_type":["Card","Relic","Card","Card","Card","Card","Card","Card","Relic","Relic"],"build_version":"2020-12-13","purchased_purges":1,"victory":false,"max_hp_per_floor":[82,82,82,82,82,82,82,82,82,82,82,82,82,82,82,82,82,82,82,82,82,82,82,82,82,82],"card_choices":[{"not_picked":["blackbeard:CaptainsCabin","blackbeard:GoldenStrike"],"picked":"blackbeard:GoldenCannonball","floor":1.0},{"not_picked":["blackbeard:BeatUp","blackbeard:Toast"],"picked":"blackbeard:InfiniteBarrage","floor":2.0},{"not_picked":["blackbeard:DoubleBottom","blackbeard:TacticalRetreat"],"picked":"blackbeard:RearmingStrike","floor":5.0},{"not_picked":["blackbeard:DeadlyArsenal","blackbeard:Recklessness"],"picked":"blackbeard:CaptainsCabin","floor":7.0},{"not_picked":["blackbeard:GoldenStrike","blackbeard:DoubleBottom"],"picked":"blackbeard:Salvager","floor":8.0},{"not_picked":["blackbeard:PirateEarring","blackbeard:Dagger"],"picked":"blackbeard:Provisioning","floor":11.0},{"not_picked":["blackbeard:Shrapnel","blackbeard:Fencing"],"picked":"blackbeard:PowderKeg","floor":13.0},{"not_picked":["blackbeard:WeaponMastery","blackbeard:Salvager"],"picked":"blackbeard:GoldenRain","floor":16.0},{"not_picked":["blackbeard:Dagger","blackbeard:TacticalRetreat"],"picked":"blackbeard:TerrorOfTheSeas","floor":18.0},{"not_picked":["blackbeard:BeatUp","blackbeard:RearmingStrike"],"picked":"blackbeard:Scrap+1","floor":20.0},{"not_picked":["blackbeard:Anchor+1","blackbeard:TerrorOfTheSeas"],"picked":"blackbeard:Sword+1","floor":21},{"not_picked":["blackbeard:Toast","blackbeard:WiseDefense"],"picked":"blackbeard:ArmorUp","floor":22},{"not_picked":["blackbeard:Shrapnel","blackbeard:Spear"],"picked":"blackbeard:InfiniteBarrage","floor":23}],"player_experience":575040,"relics_obtained":[{"floor":9.0,"key":"Blue Candle"},{"floor":23,"key":"Eternal Feather"}],"event_choices":[{"damage_healed":0.0,"max_hp_gain":0.0,"max_hp_loss":0.0,"gold_gain":0.0,"event_name":"Accursed Blacksmith","player_choice":"Rummage","floor":4.0,"gold_loss":0.0,"damage_taken":0.0,"relics_obtained":["WarpedTongs"],"cards_obtained":["Pain"]},{"cards_removed":["Pain"],"damage_healed":0.0,"max_hp_gain":0.0,"max_hp_loss":0.0,"gold_gain":0.0,"event_name":"The Cleric","player_choice":"Card Removal","floor":12.0,"gold_loss":50.0,"damage_taken":0.0},{"damage_healed":0.0,"max_hp_gain":0.0,"max_hp_loss":0.0,"gold_gain":0.0,"event_name":"Duplicator","player_choice":"Copied","floor":19.0,"gold_loss":0.0,"damage_taken":0.0,"cards_obtained":["blackbeard:Provisioning"]}],"is_beta":false,"boss_relics":[{"not_picked":["Philosopher\u0027s Stone","SlaversCollar"],"picked":"blackbeard:Karategi"}],"items_purged_floors":[14],"is_endless":false,"potions_floor_spawned":[1,7,8,11,21,22,23],"killed_by":"Sentry and Sphere","ascension_level":0}}