{"host":"h7xtspmc2x3i8s2i","time":1608512628,"event":{"mods":["2.2 Compatiblity","AchievementEnabler","Act Like it!","AlwaysNeverKeys","Aspiration","Astrologer","BaseMod","Beaked The Cultist","Better Match","Better Sensory Stone","Better Third Choice","Better Vampires","BetterRewards","Challenge The Spire","Colored Map","Colored Powertips","Colorless Booster Pack","Curses Come First","Defuse TimeMaze Blight","Dio Mod","Downfall","Duelist Mod","EXCEPTION","Energized Spire","Friendly Minions","GifTheSpireLib","Gold Saver","Gremlin Skip","Halation","Hubris","Jedi Mod","Key Reminder","Marked Mod","Minty Spire (QoL Compilation)","Pale of the Ancients","Permanent Neow","Random Character Button","Random Character Mod","Rare Cards Sparkle","Relic Filter","Relic Stats","Replay The Spire","SacredBarkPlus","Shop Mod","Somnambulant","Spicy Shops","Spikes Relics","Spire Birthday Party","StSLib","Steal the Spire","Stuff the Spire","SuperFastMode","The Awakened One except there are too many feathers","The Blue Laboratory","The Cursed","The Death Knight","The Dragon Tamer","The Edgeheg","The Hierophant","The Problem Sleuth","The Wild Card","Transform Curses","Unceasing Turn Reminder","everything is the same but u backflip on backflip","slay the spire mod where everything is the same but ironclad has a cowboy hat","vexMod"],"gold_per_floor":[1048,1062,1093,1300,1300,1300,1348,1367,1292,1320,1334,1350,1350,1350,1364,1465,1465,1255,1255,1273,1273,1306,22,22,45,76,76,88,14,14,34,52,234,234,234,256,273,273,273,302,302,329,329,407,507,520,520,520,534,534],"floor_reached":51,"playtime":4515,"items_purged":["Guardian:Strike_Guardian"],"score":1075,"play_id":"b31b75fa-f762-4c9d-bc9c-246738927f07","local_time":"20201220200348","is_ascension_mode":true,"campfire_choices":[{"floor":1.0,"key":"RECALL"},{"data":"Guardian:CurlUp","floor":9.0,"key":"SMITH"},{"data":"Guardian:Planning","floor":27,"key":"SMITH"},{"data":"Guardian:BronzeOrb","floor":35,"key":"SMITH"},{"data":"Guardian:FuturePlans","floor":39,"key":"SMITH"}],"circlet_count":0,"master_deck":["Guardian:Strike_Guardian","Guardian:Strike_Guardian","Guardian:Defend_Guardian","Guardian:Defend_Guardian","Guardian:Defend_Guardian","Guardian:Defend_Guardian","Guardian:CurlUp+1","Guardian:TwinSlam","Guardian:Planning+1","Guardian:TemporalStrike","Guardian:TemporalShield","Guardian:Planning","Guardian:BronzeOrb+1","Guardian:TemporalShield","Guardian:Planning","Guardian:FuturePlans+1","Guardian:BronzeOrb+1","Guardian:BronzeOrb+1","Guardian:Incinerate+1","Guardian:TemporalShield+1","Guardian:TemporalShield+1","Master of Strategy+1","Guardian:TemporalStrike+1","Guardian:Reroute","Guardian:Recover+1","Assess+1","Guardian:TemporalStrike+1","Guardian:StasisStrike+1","Guardian:GatlingBeam+1","Guardian:ShieldCharger+1","Guardian:Incinerate+1","Replay:SS_forest_2","Guardian:Gem_Cyan","Guardian:Preprogram+1","Guardian:Gem_Lightblue","Guardian:Gem_Purple","Guardian:ShieldCharger","CBP: BitesTheDust","jedi:cleanse+1","Guardian:DecasProtection+1"],"relics":["Guardian:ModeShifter","Golden Egg","StuffTheSpire:EmeraldSignet","Potion Belt","downfall:HeartBlessingRed","hubris:TinFlute","energizedSpire:MagnifyingGlass","downfall:HeartBlessingGreen","downfall:HeartBlessingBlue","Replay:Accelerometer","halation:PrussianBluePaint","StuffTheSpire:HeavyRock","Bag of Marbles","GiantMaggot","Medical Kit","Akabeko","Smiling Mask","vexMod:ConsolationPrize","theSleuth:SaltedMelon","theSleuth:SaltedMelon","Replay:Bronze Core","RollingBoulder","Blue Doll","ReplayFunnel","hubris:Towel","jedi:heavyjacket","Toy Ornithopter"],"acts_visited":["Exordium","TheCity","TheBeyond"],"potions_floor_usage":[10,15,16,29,33,37,46],"damage_taken":[{"damage":0.0,"enemies":"Jaw Worm","floor":2.0,"turns":6.0},{"damage":8.0,"enemies":"3 Sentries","floor":3.0,"turns":9.0},{"damage":0.0,"enemies":"2 Louse","floor":8.0,"turns":3.0},{"damage":16,"enemies":"Lagavulin","floor":10,"turns":11},{"damage":0,"enemies":"Small Slimes","floor":11,"turns":4},{"damage":0,"enemies":"Exordium Wildlife","floor":12,"turns":4},{"damage":0,"enemies":"Gremlin Gang","floor":15,"turns":6},{"damage":24,"enemies":"downfall:Ironclad","floor":16,"turns":13},{"damage":2,"enemies":"Shell Parasite","floor":20,"turns":7},{"damage":0,"enemies":"theDuelist:KaibaA2","floor":22,"turns":15},{"damage":0,"enemies":"downfall:FleeingMerchant","floor":23,"turns":4},{"damage":2,"enemies":"Book of Stabbing","floor":26,"turns":6},{"damage":0,"enemies":"Sentry and Sphere","floor":28,"turns":5},{"damage":0,"enemies":"downfall:FleeingMerchant","floor":29,"turns":4},{"damage":0,"enemies":"Centurion and Healer","floor":31,"turns":6},{"damage":0,"enemies":"Snake Plant","floor":32,"turns":4},{"damage":79,"enemies":"downfall:Defect","floor":33,"turns":17},{"damage":11,"enemies":"3 Shapes","floor":36,"turns":14},{"damage":0,"enemies":"Orb Walker","floor":37,"turns":3},{"damage":0,"enemies":"Nemesis","floor":40,"turns":11},{"damage":0,"enemies":"Reptomancer","floor":42,"turns":12},{"damage":45,"enemies":"Giant Head","floor":44,"turns":13},{"damage":0,"enemies":"downfall:LadyInBlue","floor":45,"turns":9},{"damage":0,"enemies":"Maw","floor":46,"turns":11},{"damage":0,"enemies":"Jaw Worm Horde","floor":49,"turns":8},{"damage":0,"enemies":"downfall:Silent","floor":50,"turns":23}],"seed_played":"6146678700076317570","potions_obtained":[{"floor":0.0,"key":"GamblersBrew"},{"floor":0.0,"key":"Cursed Concoction"},{"floor":0.0,"key":"Guardian:StasisDiscoveryPotion"},{"floor":2.0,"key":"AttackPotion"},{"floor":3.0,"key":"hexamod:EctoCoolerPotion"},{"floor":10,"key":"blueLaboratory:CorrosionFlask"},{"floor":15,"key":"Adrenaline Potion"},{"floor":20,"key":"Energy Potion"},{"floor":26,"key":"Weak Potion"},{"floor":31,"key":"jedi:holywater"},{"floor":32,"key":"BlessingOfTheForge"},{"floor":36,"key":"ColorlessPotion"},{"floor":45,"key":"blueLaboratory:RecallPotion"},{"floor":46,"key":"Strength Potion"}],"is_trial":false,"path_per_floor":["R","M","E","?","?","?","T","M","R","E","M","M","?","T","M","B",null,"R_BF","?","M","?","E","$","T","T","E","R","M","$","?","M","M","B",null,"R","M","M","?","R","E","T","E","?","E","?","M","?","?","M","B",null],"character_chosen":"GUARDIAN","items_purchased":["Guardian:BronzeOrb","Guardian:Incinerate","Guardian:TemporalShield","halation:PrussianBluePaint","StuffTheSpire:HeavyRock","Bag of Marbles","GiantMaggot","Medical Kit","Master of Strategy","Assess"],"campfire_rested":0,"item_purchase_floors":[23,23,23,23,23,23,23,23,23,29],"current_hp_per_floor":[80,80,72,40,37,45,45,45,45,29,33,33,33,33,39,15,80,90,90,88,88,88,88,88,88,86,86,86,86,86,86,88,11,90,92,81,81,81,83,83,83,91,91,48,50,57,57,57,57,75],"gold":534,"neow_bonus":"THREE_SMALL_POTIONS","is_daily":false,"chose_seed":false,"campfire_upgraded":4,"win_rate":0.0,"timestamp":1608512628,"path_taken":["R","M","E","?","?","?","T","?","R","E","?","M","?","?","M","BOSS","R_BF","?","M","?","E","$","T","?","E","R","?","$","?","M","M","BOSS","R","M","M","?","R","E","T","E","?","E","?","?","?","?","M","BOSS"],"items_purchased_type":["Card","Card","Card","Relic","Relic","Relic","Relic","Relic","Card","Card"],"build_version":"2020-12-13","purchased_purges":1,"victory":true,"max_hp_per_floor":[80,80,80,80,80,80,80,80,80,80,80,80,80,80,80,80,80,90,90,90,90,90,90,90,90,90,90,90,90,90,90,90,90,90,92,92,92,92,94,94,94,94,94,94,94,94,94,94,94,94],"relic_stats":{"counters":[26,228],"Medical Kit":[46],"Smiling Mask":25,"obtain_stats":[{"ReplayFunnel":42,"Golden Egg":3,"Replay:Accelerometer":22,"downfall:HeartBlessingGreen":18,"Blue Doll":41,"StuffTheSpire:EmeraldSignet":5,"Smiling Mask":25,"downfall:HeartBlessingBlue":18,"halation:PrussianBluePaint":23,"StuffTheSpire:HeavyRock":23,"Replay:Bronze Core":34,"RollingBoulder":40,"hubris:TinFlute":10,"Potion Belt":7,"theSleuth:SaltedMelon":30,"downfall:HeartBlessingRed":9,"GiantMaggot":23,"vexMod:ConsolationPrize":26,"Guardian:ModeShifter":0,"hubris:Towel":43,"Medical Kit":23,"Akabeko":24,"keyreminder:keyreminder":1,"jedi:heavyjacket":44,"energizedSpire:MagnifyingGlass":17,"Bag of Marbles":23,"Toy Ornithopter":45},{"ReplayFunnel":21,"Golden Egg":2,"Replay:Accelerometer":10,"downfall:HeartBlessingGreen":8,"Blue Doll":20,"StuffTheSpire:EmeraldSignet":2,"Smiling Mask":11,"downfall:HeartBlessingBlue":8,"halation:PrussianBluePaint":11,"StuffTheSpire:HeavyRock":11,"Replay:Bronze Core":17,"RollingBoulder":20,"hubris:TinFlute":4,"Potion Belt":2,"theSleuth:SaltedMelon":14,"downfall:HeartBlessingRed":3,"GiantMaggot":11,"vexMod:ConsolationPrize":12,"Guardian:ModeShifter":0,"hubris:Towel":21,"Medical Kit":11,"Akabeko":11,"keyreminder:keyreminder":0,"jedi:heavyjacket":22,"energizedSpire:MagnifyingGlass":8,"Bag of Marbles":11,"Toy Ornithopter":23},{"ReplayFunnel":164,"Golden Egg":15,"Replay:Accelerometer":78,"downfall:HeartBlessingGreen":56,"Blue Doll":152,"StuffTheSpire:EmeraldSignet":15,"Smiling Mask":82,"downfall:HeartBlessingBlue":56,"halation:PrussianBluePaint":82,"StuffTheSpire:HeavyRock":82,"Replay:Bronze Core":124,"RollingBoulder":152,"hubris:TinFlute":29,"Potion Belt":15,"theSleuth:SaltedMelon":97,"downfall:HeartBlessingRed":18,"GiantMaggot":82,"vexMod:ConsolationPrize":88,"Guardian:ModeShifter":0,"hubris:Towel":164,"Medical Kit":82,"Akabeko":82,"keyreminder:keyreminder":0,"jedi:heavyjacket":177,"energizedSpire:MagnifyingGlass":56,"Bag of Marbles":82,"Toy Ornithopter":186}],"Toy Ornithopter":5},"card_choices":[{"not_picked":["Guardian:Reroute","Guardian:PrimingBeam"],"picked":"Guardian:Planning","floor":2.0},{"not_picked":["Guardian:Reroute","Guardian:FloatingOrbs"],"picked":"Guardian:TemporalStrike","floor":3.0},{"not_picked":["Guardian:ShieldCharger","Guardian:SentryBeam"],"picked":"Guardian:TemporalShield","floor":4.0},{"not_picked":["Guardian:ConstructionForm","Guardian:CrystalBeam"],"picked":"Guardian:Gem_Purple","floor":8.0},{"not_picked":["Guardian:TemporalShield","Guardian:MultiBeam"],"picked":"Guardian:Planning","floor":10},{"not_picked":["Guardian:ShieldCharger","Guardian:PrismaticBeam"],"picked":"Guardian:Gem_Yellow","floor":11},{"not_picked":["Guardian:Suspension","Guardian:ChargeCore"],"picked":"Guardian:BronzeOrb","floor":12},{"not_picked":["Guardian:ShieldCharger","Guardian:Gem_Red"],"picked":"Guardian:TemporalShield","floor":15},{"not_picked":["Guardian:RevengeProtocol","Guardian:GemFinder"],"picked":"Guardian:Gem_Synthetic","floor":16},{"not_picked":["Guardian:ArmoredProtocol","Guardian:PrimingBeam+1"],"picked":"Guardian:Planning","floor":20},{"not_picked":["Guardian:Suspension+1","Guardian:ChargeCore"],"picked":"Guardian:FuturePlans","floor":22},{"not_picked":["Guardian:TemporalStrike","Guardian:Gem_Cyan"],"picked":"Guardian:BronzeOrb","floor":23},{"not_picked":["Guardian:Gem_Purple","Guardian:TemporalShield+1"],"picked":"Guardian:TemporalStrike+1","floor":26},{"not_picked":["Guardian:PiercingHide+1","Guardian:WalkerClaw"],"picked":"Guardian:Reroute","floor":28},{"not_picked":["Guardian:WalkerClaw","Guardian:Gem_Red"],"picked":"Guardian:Recover+1","floor":29},{"not_picked":["Guardian:TemporalShield+1","Guardian:PiercingHide+1"],"picked":"Guardian:TemporalStrike+1","floor":31},{"not_picked":["Guardian:Planning","Guardian:Repulse"],"picked":"Guardian:StasisStrike","floor":32},{"not_picked":["Guardian:FastForward","Guardian:HyperBeam_Guardian"],"picked":"Guardian:GatlingBeam","floor":33},{"not_picked":["Guardian:Recover","Guardian:Gem_Lightblue"],"picked":"Guardian:ShieldCharger+1","floor":36},{"not_picked":["Guardian:TemporalStrike+1","Guardian:ChargeCore+1"],"picked":"Guardian:Incinerate+1","floor":37},{"not_picked":["expansioncontent:HyperBeam","Replay:SS_hec_1"],"picked":"Replay:SS_forest_2","floor":38},{"not_picked":["Guardian:Harden+1","Guardian:RollAttack"],"picked":"Guardian:Gem_Cyan","floor":40},{"not_picked":["Guardian:DonusPower+1","Guardian:TemporalShield+1"],"picked":"Guardian:Preprogram+1","floor":42},{"not_picked":["Guardian:GuardianWhirl+1","Guardian:PolyBeam"],"picked":"Guardian:Gem_Lightblue","floor":44},{"not_picked":["Guardian:Gem_Cyan","Guardian:EvasiveProtocol+1"],"picked":"Guardian:Gem_Purple","floor":45},{"not_picked":["Guardian:ExploitGems","Guardian:ShieldSpikes+1"],"picked":"Guardian:ShieldCharger","floor":46},{"not_picked":["StuffTheSpire:Recharge","PanicButton"],"picked":"CBP: BitesTheDust","floor":48},{"not_picked":["Purity","The Bomb"],"picked":"jedi:cleanse","floor":48},{"not_picked":["Guardian:WalkerClaw+1","Guardian:Gem_Crimson"],"picked":"Guardian:DecasProtection+1","floor":49}],"player_experience":544594,"relics_obtained":[{"floor":3.0,"key":"Golden Egg"},{"floor":7.0,"key":"Potion Belt"},{"floor":10,"key":"hubris:TinFlute"},{"floor":22,"key":"Replay:Accelerometer"},{"floor":24,"key":"Akabeko"},{"floor":25,"key":"Smiling Mask"},{"floor":26,"key":"vexMod:ConsolationPrize"},{"floor":40,"key":"RollingBoulder"},{"floor":41,"key":"Blue Doll"},{"floor":42,"key":"ReplayFunnel"},{"floor":44,"key":"jedi:heavyjacket"},{"floor":45,"key":"Toy Ornithopter"}],"event_choices":[{"cards_removed":["Guardian:Strike_Guardian"],"damage_healed":0,"gold_gain":0,"player_choice":"Removed Attack","damage_taken":0,"max_hp_gain":0,"max_hp_loss":0,"event_name":"Falling","floor":47,"gold_loss":0},{"damage_healed":0,"gold_gain":3,"player_choice":"1","damage_taken":0,"max_hp_gain":0,"max_hp_loss":0,"event_name":"betterStone:BetterStone","floor":48,"gold_loss":0}],"is_beta":false,"boss_relics":[{"not_picked":["aspiration:PoetsPen","vexMod:MysteryBossChallenge"],"picked":"energizedSpire:MagnifyingGlass"},{"not_picked":["halation:MonkeysPaw","Calling Bell"],"picked":"Replay:Bronze Core"}],"items_purged_floors":[29],"is_endless":false,"potions_floor_spawned":[2,3,10,15,20,26,31,32,36,46],"ascension_level":1}}