{"host":"e8rlfedn69rz2s07","time":1608589357,"event":{"mods":["Act Like it!","BaseMod","Conspire","Hubris","Infinite Spire","Minty Spire (QoL Compilation)","Permanent Neow","Relic Stats","Replay The Spire","Shop Mod","StSLib","The Jungle"],"gold_per_floor":[111,111,36,47,47,86,86,105,105,105,126,126,151,151,151,151,151],"floor_reached":16,"playtime":655,"items_purged":["Normality"],"score":200,"play_id":"a694edbe-8ac2-4183-8df5-c57956df348e","local_time":"20201222002237","is_ascension_mode":true,"campfire_choices":[{"floor":7,"key":"REST"},{"data":"Crippling Poison","floor":10,"key":"SMITH"},{"floor":15,"key":"REST"}],"circlet_count":0,"master_deck":["AscendersBane","Strike_G","Strike_G","Strike_G","Strike_G","Defend_G","Defend_G","Defend_G","Defend_G","Defend_G","Survivor","Neutralize+1","Quick Slash","Skewer","Crippling Poison+1","Dagger Spray","Backflip"],"relics":["Ring of the Snake","Golden Idol","hubris:DisguiseKit","Frozen Egg 2"],"acts_visited":["Exordium"],"potions_floor_usage":[16],"damage_taken":[{"damage":4.0,"enemies":"Small Slimes","floor":1.0,"turns":4.0},{"damage":0.0,"enemies":"2 Louse","floor":4.0,"turns":3.0},{"damage":63.0,"enemies":"3 Sentries","floor":6.0,"turns":15.0},{"damage":0,"enemies":"Cultist","floor":8,"turns":4},{"damage":12,"enemies":"Large Slime","floor":11,"turns":6},{"damage":0,"enemies":"Blue Slaver","floor":13,"turns":7},{"damage":39,"enemies":"The Guardian","floor":16,"turns":15}],"seed_played":"-7088367223394106645","potions_obtained":[{"floor":13,"key":"LifebloodPotion"}],"is_trial":false,"path_per_floor":["M","?","$","M","?","E","R","M","T","R","M","?","M","?","R","B"],"character_chosen":"THE_SILENT","items_purchased":[],"campfire_rested":2,"item_purchase_floors":[],"current_hp_per_floor":[67,67,67,67,67,4,25,25,25,25,13,13,13,13,34,0,0],"gold":151,"neow_bonus":"TWENTY_PERCENT_HP_BONUS","is_daily":false,"chose_seed":false,"campfire_upgraded":1,"win_rate":0.0,"timestamp":1608589357,"path_taken":["M","?","$","M","?","E","R","M","T","R","M","?","?","?","R","BOSS"],"items_purchased_type":[],"build_version":"2020-12-13","purchased_purges":1,"victory":false,"max_hp_per_floor":[78,78,78,78,71,71,71,71,71,71,71,71,71,71,71,71,71],"relic_stats":{"counters":[7,54],"Golden Idol":29,"obtain_stats":[{"hubris:DisguiseKit":6,"Golden Idol":5,"Frozen Egg 2":9,"Ring of the Snake":0},{"hubris:DisguiseKit":3,"Golden Idol":2,"Frozen Egg 2":4,"Ring of the Snake":0},{"hubris:DisguiseKit":22,"Golden Idol":7,"Frozen Egg 2":26,"Ring of the Snake":0}],"Ring of the Snake":[14]},"card_choices":[{"not_picked":["Underhanded Strike","ReplayTheSpireMod:The Works"],"picked":"Quick Slash","floor":1.0},{"not_picked":["Terror","Concentrate"],"picked":"Skewer","floor":4.0},{"not_picked":["Prepared","Backflip"],"picked":"Crippling Poison","floor":6},{"not_picked":["Cloak And Dagger","Dodge and Roll","Sword Boomerang"],"picked":"Dagger Spray","floor":8},{"not_picked":["Cloak And Dagger","Outmaneuver","hubris:ReadiedAction"],"picked":"Backflip","floor":11},{"not_picked":["Expertise","Eviscerate","Underhanded Strike","Abandon"],"picked":"SKIP","floor":13}],"player_experience":905401,"relics_obtained":[{"floor":6,"key":"hubris:DisguiseKit"},{"floor":9,"key":"Frozen Egg 2"}],"event_choices":[{"damage_healed":0.0,"max_hp_gain":0.0,"max_hp_loss":0.0,"gold_gain":0.0,"event_name":"Living Wall","player_choice":"Grow","floor":2.0,"gold_loss":0.0,"damage_taken":0.0,"cards_upgraded":["Neutralize"]},{"damage_healed":0.0,"max_hp_gain":0.0,"max_hp_loss":7.0,"gold_gain":0.0,"event_name":"Golden Idol","player_choice":"Lose Max HP","floor":5.0,"gold_loss":0.0,"damage_taken":0.0,"relics_obtained":["Golden Idol"]},{"cards_removed":["Strike_G"],"damage_healed":0,"gold_gain":0,"player_choice":"Purged","damage_taken":0,"max_hp_gain":0,"max_hp_loss":0,"event_name":"Purifier","floor":12,"gold_loss":0},{"damage_healed":0,"gold_gain":0,"player_choice":"Fled","damage_taken":0,"max_hp_gain":0,"max_hp_loss":0,"event_name":"Scrap Ooze","floor":14,"gold_loss":0}],"is_beta":false,"boss_relics":[],"items_purged_floors":[3],"is_endless":false,"potions_floor_spawned":[13],"killed_by":"The Guardian","ascension_level":20}}