{"host":"sst22apzgpn07t8v","time":1608558467,"event":{"mods":["Act Like it!","BaseMod","Downfall","Hallownest","HololiveMod","KinomotoSakuraMod(ñÿîVñ{?)","Lobotomy","LobotomyExtend","Minty Spire (QoL Compilation)","Quick Restart","Replay The Spire","Shop Mod","StSLib","The Cursed","The Hayseed","[IsaacMod]à»éTêÎìÉ"],"gold_per_floor":[118,118,128,105,116,116,133,133,133,150,160,160,26,26,26,129,129,146,166,166,178,189,189,207,207,207,226,109,126,142,153,153,254,254,274,274,214,230,280,305,305,325,393,239,257,257,275,17,17,17,17],"floor_reached":50,"playtime":3267,"items_purged":["Shame"],"score":520,"play_id":"20687157-292e-4c1e-a1a4-fb0a551798ee","local_time":"20201221214747","is_ascension_mode":false,"campfire_choices":[{"data":"TheSimpletonMod:BuzzBomb","floor":6,"key":"SMITH"},{"data":"TheSimpletonMod:VineRipen","floor":8,"key":"SMITH"},{"data":"TheSimpletonMod:RootDown","floor":12,"key":"SMITH"},{"data":"Apotheosis","floor":23,"key":"SMITH"},{"data":"TheSimpletonMod:BirdFeeder","floor":25,"key":"SMITH"},{"floor":32,"key":"REST"},{"floor":46,"key":"REST"},{"floor":49,"key":"REST"}],"circlet_count":0,"master_deck":["TheSimpletonMod:Strike_TheSimpleton","TheSimpletonMod:Defend_TheSimpleton","TheSimpletonMod:Defend_TheSimpleton","TheSimpletonMod:Defend_TheSimpleton","TheSimpletonMod:Defend_TheSimpleton","TheSimpletonMod:Haymaker","TheSimpletonMod:ReapAndSow","DoctorFetus","BlackAim","TheSimpletonMod:BuzzBomb+1","Beak","TheSimpletonMod:VineRipen+1","TheSimpletonMod:SaladShooter","TheSimpletonMod:Potatoes","TheSimpletonMod:Swelter","TheSimpletonMod:VineRipen","TheSimpletonMod:RootDown+1","TheSimpletonMod:Potatoes","Apotheosis+1","TheSimpletonMod:Rake","TheSimpletonMod:BirdFeeder+1","TheSimpletonMod:Potatoes+1","TheSimpletonMod:RootDown","TheSimpletonMod:Potatoes+1","TheSimpletonMod:KeenEdge","TheSimpletonMod:HitTheSack","TheSimpletonMod:ControlledBurn","TheSimpletonMod:BuzzBomb+1","TheSimpletonMod:Ferment","TheSimpletonMod:CullingStrike","TheSimpletonMod:Photosynthesis","TheSimpletonMod:HitTheSack","TheSimpletonMod:Swelter","TheSimpletonMod:DoubleBarrel","TheSimpletonMod:Germinate","TheSimpletonMod:Innovate+1","TheSimpletonMod:CloseScrape+1","TheSimpletonMod:ControlledBurn","Panache","Chrysalis","Swift Strike+1","TheSimpletonMod:VineRipen+1","TheSimpletonMod:PestManagement+1","TheSimpletonMod:OnionBloom","TheSimpletonMod:DoubleBarrel+1","TheSimpletonMod:Sunchoke+1"],"relics":["TheSimpletonMod:SpudOfTheInnocent","TheSimpletonMod:NightSoil","TheSimpletonMod:TheHarvester","HushsDoor","EdensBlessing","GuppysTail","Leech","ReplayTheSpireMod:CursedCoin","Counterbalance","ChewingGum","Enchiridion","LetterFromLob","TheBible","Sozu","Turnip","Molten Egg 2","PillsDrop","Chemical X","Pen Nib"],"acts_visited":["Exordium","TheCity","TheBeyond"],"potions_floor_usage":[21,29,33,40,40,45],"damage_taken":[{"damage":2,"enemies":"Small Slimes","floor":1,"turns":4},{"damage":1,"enemies":"Cultist","floor":3,"turns":3},{"damage":5,"enemies":"2 Louse","floor":5,"turns":2},{"damage":10,"enemies":"Looter","floor":7,"turns":3},{"damage":5,"enemies":"Lots of Slimes","floor":10,"turns":2},{"damage":11,"enemies":"3 Louse","floor":11,"turns":3},{"damage":41,"enemies":"Fading Forest","floor":16,"turns":11},{"damage":0,"enemies":"Shell Parasite","floor":18,"turns":4},{"damage":4,"enemies":"Chosen","floor":19,"turns":3},{"damage":7,"enemies":"Snake Plant","floor":21,"turns":6},{"damage":32,"enemies":"Centurion and Healer","floor":22,"turns":4},{"damage":3,"enemies":"Sentry and Sphere","floor":24,"turns":3},{"damage":31,"enemies":"Snake Plant","floor":27,"turns":5},{"damage":7,"enemies":"Snecko","floor":29,"turns":3},{"damage":10,"enemies":"Cultist and Chosen","floor":30,"turns":3},{"damage":20,"enemies":"Chosen and Byrds","floor":31,"turns":4},{"damage":9,"enemies":"Champ","floor":33,"turns":10},{"damage":10,"enemies":"3 Shapes","floor":35,"turns":4},{"damage":16,"enemies":"3 Darklings","floor":38,"turns":3},{"damage":0,"enemies":"Mind Bloom Boss Battle","floor":39,"turns":4},{"damage":16,"enemies":"Giant Head","floor":40,"turns":7},{"damage":32,"enemies":"Spire Growth","floor":42,"turns":4},{"damage":1,"enemies":"Transient","floor":45,"turns":5},{"damage":9,"enemies":"Sphere and 2 Shapes","floor":47,"turns":3},{"damage":97,"enemies":"Time Eater","floor":50,"turns":9}],"seed_played":"-5975531539144707806","potions_obtained":[{"floor":3,"key":"Fire Potion"},{"floor":10,"key":"Block Potion"},{"floor":11,"key":"Fire Potion"},{"floor":27,"key":"LifebloodPotion"},{"floor":29,"key":"LifebloodPotion"},{"floor":33,"key":"SkillPotion"}],"is_trial":false,"path_per_floor":["M","?","M","$","M","R","M","R","T","M","M","R","$","?","R","B",null,"M","M","?","M","M","R","M","R","T","M","$","M","M","M","R","B",null,"M","?","?","M","?","E","?","M","T","$","M","R","M","$","R","B"],"character_chosen":"THE_SIMPLETON","items_purchased":["TheSimpletonMod:SaladShooter","TheSimpletonMod:Potatoes","ReplayTheSpireMod:CursedCoin","Apotheosis","TheSimpletonMod:BuzzBomb+1","Chemical X","Pen Nib","TheSimpletonMod:DoubleBarrel+1","TheSimpletonMod:Sunchoke+1"],"campfire_rested":3,"item_purchase_floors":[4,13,13,13,28,44,48,48,48],"current_hp_per_floor":[75,75,75,75,70,70,64,64,64,60,51,51,51,48,48,19,75,75,75,59,63,50,50,61,61,61,44,44,39,31,14,36,53,75,66,66,66,52,59,49,39,20,20,20,36,58,51,51,73,0,0],"gold":17,"neow_bonus":"ONE_RARE_RELIC","is_daily":false,"chose_seed":false,"campfire_upgraded":5,"win_rate":0.0,"timestamp":1608558467,"path_taken":["M","?","M","$","M","R","M","R","T","?","M","R","$","?","R","BOSS","M","?","?","M","M","R","M","R","T","M","$","?","?","M","R","BOSS","M","?","?","?","?","E","?","M","T","?","M","R","M","$","R","BOSS"],"items_purchased_type":["Card","Card","Relic","Card","Card","Relic","Relic","Card","Card"],"build_version":"2020-12-13","purchased_purges":1,"victory":false,"max_hp_per_floor":[75,75,75,75,75,75,75,75,75,75,75,75,75,75,75,75,75,75,75,75,75,75,75,75,75,75,75,75,75,75,75,75,75,75,75,75,75,75,75,75,75,75,75,75,75,75,75,75,75,75,75],"card_choices":[{"not_picked":[],"picked":"DoctorFetus","floor":0},{"not_picked":["TheSimpletonMod:SlashAndBurn","TheSimpletonMod:SeedCoat"],"picked":"TheSimpletonMod:BuzzBomb","floor":1},{"not_picked":["TheSimpletonMod:KeenEdge","TheSimpletonMod:CullingStrike"],"picked":"TheSimpletonMod:VineRipen","floor":3},{"not_picked":["TheSimpletonMod:BumperCrop","TheSimpletonMod:SoilSample"],"picked":"TheSimpletonMod:Potatoes","floor":5},{"not_picked":["TheSimpletonMod:Ferment","Bomb"],"picked":"TheSimpletonMod:Swelter","floor":7},{"not_picked":["Bomb","TheSimpletonMod:Fertilaser"],"picked":"TheSimpletonMod:VineRipen","floor":10},{"not_picked":["TheSimpletonMod:CropRotation","TheSimpletonMod:Sunseed"],"picked":"TheSimpletonMod:RootDown","floor":11},{"not_picked":["TheSimpletonMod:Asparagus","TheSimpletonMod:SaltTheEarth"],"picked":"TheSimpletonMod:BirdFeeder","floor":16},{"not_picked":["TheSimpletonMod:SlashAndBurn","TheSimpletonMod:Mulch"],"picked":"TheSimpletonMod:Potatoes+1","floor":18},{"not_picked":["TheSimpletonMod:SlashAndBurn","TheSimpletonMod:Potatoes"],"picked":"TheSimpletonMod:RootDown","floor":19},{"not_picked":["TheSimpletonMod:PestManagement","TheSimpletonMod:RootDown"],"picked":"TheSimpletonMod:Potatoes+1","floor":21},{"not_picked":["TheSimpletonMod:Rototilling","TheSimpletonMod:Potatoes"],"picked":"TheSimpletonMod:KeenEdge","floor":22},{"not_picked":["TheSimpletonMod:SaladShooter","TheSimpletonMod:CullingStrike"],"picked":"TheSimpletonMod:HitTheSack","floor":24},{"not_picked":["TheSimpletonMod:Pruning","TheSimpletonMod:Aerate"],"picked":"TheSimpletonMod:ControlledBurn","floor":27},{"not_picked":["TheSimpletonMod:RootDown","TheSimpletonMod:SpiceUp"],"picked":"TheSimpletonMod:Ferment","floor":29},{"not_picked":["TheSimpletonMod:Sunseed","TheSimpletonMod:Aerate"],"picked":"TheSimpletonMod:CullingStrike","floor":30},{"not_picked":["TheSimpletonMod:Sunseed","TheSimpletonMod:PestManagement"],"picked":"TheSimpletonMod:Photosynthesis","floor":31},{"not_picked":["TheSimpletonMod:SaltTheEarth","TheSimpletonMod:ErosionControl"],"picked":"TheSimpletonMod:HitTheSack","floor":33},{"not_picked":["TheSimpletonMod:Rake","TheSimpletonMod:SoilSample+1"],"picked":"TheSimpletonMod:Swelter","floor":35},{"not_picked":["TheSimpletonMod:SeedCoat","TheSimpletonMod:SlashAndBurn+1"],"picked":"TheSimpletonMod:Innovate+1","floor":38},{"not_picked":["TheSimpletonMod:DoubleBarrel","TheSimpletonMod:CullingStrike"],"picked":"TheSimpletonMod:CloseScrape+1","floor":39},{"not_picked":["TheSimpletonMod:Mulch+1","TheSimpletonMod:DoubleBarrel+1"],"picked":"TheSimpletonMod:ControlledBurn","floor":40},{"not_picked":["expansioncontent:DonusPower","ReplayTheSpireMod:Necrogeddon+1"],"picked":"Panache","floor":41},{"not_picked":["expansioncontent:Corrupt","Crow Ritual"],"picked":"Chrysalis","floor":41},{"not_picked":["expansioncontent:StudyTheSpire","expansioncontent:DonusPower"],"picked":"Swift Strike+1","floor":41},{"not_picked":["TheSimpletonMod:CloseScrape+1","TheSimpletonMod:SpiceUp+1"],"picked":"TheSimpletonMod:VineRipen+1","floor":42},{"not_picked":["TheSimpletonMod:Pruning","TheSimpletonMod:StockTheCellar"],"picked":"TheSimpletonMod:PestManagement+1","floor":45},{"not_picked":["TheSimpletonMod:Rototilling+1","TheSimpletonMod:Surplus"],"picked":"TheSimpletonMod:OnionBloom","floor":47}],"player_experience":196266,"relics_obtained":[{"floor":9,"key":"Leech"},{"floor":20,"key":"Enchiridion"},{"floor":24,"key":"LetterFromLob"},{"floor":26,"key":"TheBible"},{"floor":39,"key":"Turnip"},{"floor":40,"key":"Molten Egg 2"},{"floor":43,"key":"PillsDrop"}],"event_choices":[{"cards_removed":["TheSimpletonMod:Strike_TheSimpleton"],"damage_healed":0,"gold_gain":0,"player_choice":"Took Card","damage_taken":0,"max_hp_gain":0,"max_hp_loss":0,"event_name":"NoteForYourself","floor":2,"gold_loss":0,"cards_obtained":["Beak"]},{"damage_healed":0,"gold_gain":0,"player_choice":"Success","damage_taken":3,"relics_obtained":["Counterbalance"],"max_hp_gain":0,"max_hp_loss":0,"event_name":"Scrap Ooze","floor":14,"gold_loss":0},{"damage_healed":0,"gold_gain":0,"player_choice":"Obtained Book","damage_taken":16,"max_hp_gain":0,"max_hp_loss":0,"event_name":"Cursed Tome","floor":20,"gold_loss":0},{"damage_healed":0,"gold_gain":0,"player_choice":"Ignored","damage_taken":0,"max_hp_gain":0,"max_hp_loss":0,"event_name":"Tomb of Lord Red Mask","floor":36,"gold_loss":0},{"damage_healed":0,"gold_gain":0,"cards_transformed":["TheSimpletonMod:Strike_TheSimpleton","TheSimpletonMod:Strike_TheSimpleton"],"player_choice":"Transformed Cards","damage_taken":0,"max_hp_gain":0,"max_hp_loss":0,"event_name":"Designer","floor":37,"gold_loss":60,"cards_obtained":["TheSimpletonMod:DoubleBarrel","TheSimpletonMod:Germinate"]},{"damage_healed":0,"gold_gain":0,"player_choice":"Fight","damage_taken":0,"max_hp_gain":0,"max_hp_loss":0,"event_name":"MindBloom","floor":39,"gold_loss":0},{"damage_healed":0,"gold_gain":0,"player_choice":"Memory 3","damage_taken":10,"max_hp_gain":0,"max_hp_loss":0,"event_name":"SensoryStone","floor":41,"gold_loss":0}],"is_beta":false,"boss_relics":[{"not_picked":["Snecko Eye","Replay:Wanted Poster"],"picked":"ChewingGum"},{"not_picked":[]},{"not_picked":["Astrolabe","Black Star"],"picked":"Sozu"},{"not_picked":[]}],"items_purged_floors":[13],"is_endless":false,"potions_floor_spawned":[3,10,11,18,27,29,31,33,38,39,42],"killed_by":"Time Eater","ascension_level":0}}