{"host":"cc187","time":1608512840,"event":{"mods":["AchievementEnabler","BaseMod","Bestiary","Colored Map","Colored Powertips","Highlight Path","Keyboard Shortcuts","Minty Spire (QoL Compilation)","Quick Restart","Rare Cards Sparkle","Relic Stats","StSLib","SuperFastMode","Synergy Search","ojb\u0027s Info Mod"],"gold_per_floor":[119,44,44,119,132,165,165,165,165],"floor_reached":8,"playtime":141,"items_purged":[],"score":150,"play_id":"416340e9-2f81-4e97-98f6-6aa6eaae0f84","local_time":"20201221010720","is_ascension_mode":true,"campfire_choices":[{"data":"Blade Dance","floor":7,"key":"SMITH"}],"circlet_count":0,"master_deck":["AscendersBane","Strike_G","Strike_G","Strike_G","Strike_G","Defend_G","Defend_G","Defend_G","Defend_G","Defend_G","Survivor","Neutralize","Blade Dance+1","Escape Plan","Dodge and Roll"],"relics":["Ring of the Snake","NeowsBlessing","Regal Pillow"],"acts_visited":["Exordium"],"potions_floor_usage":[8,8],"damage_taken":[{"damage":0,"enemies":"Cultist","floor":1,"turns":1},{"damage":0,"enemies":"Jaw Worm","floor":5,"turns":1},{"damage":0,"enemies":"3 Sentries","floor":6,"turns":1},{"damage":55,"enemies":"Gremlin Nob","floor":8,"turns":4}],"seed_played":"622703504562234527","potions_obtained":[{"floor":5,"key":"CunningPotion"},{"floor":6,"key":"EssenceOfSteel"}],"is_trial":false,"path_per_floor":["M","?","?","?","M","E","R","E"],"character_chosen":"THE_SILENT","items_purchased":[],"campfire_rested":0,"item_purchase_floors":[],"current_hp_per_floor":[59,59,59,48,48,48,48,0,0],"gold":165,"neow_bonus":"THREE_ENEMY_KILL","is_daily":false,"chose_seed":false,"campfire_upgraded":1,"win_rate":0.0,"timestamp":1608512840,"path_taken":["M","?","?","?","?","E","R","E"],"items_purchased_type":[],"build_version":"2020-12-18","purchased_purges":0,"victory":false,"max_hp_per_floor":[66,66,66,66,66,66,66,66,66],"relic_stats":{"Regal Pillow":0,"counters":[4,7],"obtain_stats":[{"Regal Pillow":6,"NeowsBlessing":0,"Ring of the Snake":0},{"Regal Pillow":3,"NeowsBlessing":0,"Ring of the Snake":0},{"Regal Pillow":3,"NeowsBlessing":0,"Ring of the Snake":0}],"Ring of the Snake":[8]},"card_choices":[{"not_picked":["Dagger Spray","Terror"],"picked":"Blade Dance","floor":1},{"not_picked":["Prepared","Tactician"],"picked":"Escape Plan","floor":5},{"not_picked":["Outmaneuver","Grand Finale"],"picked":"Dodge and Roll","floor":6}],"player_experience":821987,"relics_obtained":[{"floor":6,"key":"Regal Pillow"}],"event_choices":[{"cards_removed":["Strike_G"],"damage_healed":0,"gold_gain":0,"player_choice":"Card Removal","damage_taken":0,"max_hp_gain":0,"max_hp_loss":0,"event_name":"The Cleric","floor":2,"gold_loss":75},{"damage_healed":0,"gold_gain":0,"player_choice":"Ignored","damage_taken":0,"max_hp_gain":0,"max_hp_loss":0,"event_name":"Liars Game","floor":3,"gold_loss":0},{"damage_healed":0,"gold_gain":75,"player_choice":"Gather Gold","damage_taken":11,"max_hp_gain":0,"max_hp_loss":0,"event_name":"World of Goop","floor":4,"gold_loss":0}],"is_beta":true,"boss_relics":[],"items_purged_floors":[],"is_endless":false,"potions_floor_spawned":[5,6],"killed_by":"Gremlin Nob","ascension_level":18}}