{"host":"5jn3rki867005t18","time":1608554800,"event":{"mods":["2.2 Compatiblity","AchievementEnabler","BaseMod","Colored Map","DeckTracker","Minty Spire (QoL Compilation)","Permanent Neow","Rare Cards Sparkle","StSLib","SuperFastMode"],"gold_per_floor":[116,116,291,310,326,351,351,366,420,420,440,281,357,434,434,434,434],"floor_reached":16,"playtime":486,"items_purged":["Strike_R"],"score":92,"play_id":"9151746e-3099-4a36-9b10-1362f15ebd67","local_time":"20201221214640","is_ascension_mode":false,"campfire_choices":[{"data":"Body Slam","floor":7.0,"key":"SMITH"},{"data":"Iron Wave","floor":10.0,"key":"SMITH"},{"floor":15,"key":"REST"}],"circlet_count":0,"master_deck":["Strike_R","Strike_R","Strike_R","Strike_R","Defend_R","Defend_R","Defend_R","Defend_R","Bash","Clothesline","Doubt","Clash","Body Slam+1","Dropkick","Iron Wave+1","Twin Strike","Good Instincts","Cleave"],"relics":["Burning Blood","Golden Idol","Nunchaku","Letter Opener","Bottled Lightning"],"acts_visited":["Exordium"],"potions_floor_usage":[16],"damage_taken":[{"damage":2.0,"enemies":"2 Louse","floor":1.0,"turns":3.0},{"damage":8.0,"enemies":"Jaw Worm","floor":4.0,"turns":4.0},{"damage":10.0,"enemies":"Cultist","floor":5.0,"turns":5.0},{"damage":25.0,"enemies":"Red Slaver","floor":6.0,"turns":5.0},{"damage":0.0,"enemies":"2 Fungi Beasts","floor":8.0,"turns":3.0},{"damage":7.0,"enemies":"Blue Slaver","floor":11.0,"turns":3.0},{"damage":24.0,"enemies":"3 Sentries","floor":13.0,"turns":9.0},{"damage":57,"enemies":"Hexaghost","floor":16,"turns":9}],"seed_played":"4496654180207588952","potions_obtained":[{"floor":5.0,"key":"SpeedPotion"},{"floor":6.0,"key":"PowerPotion"},{"floor":8.0,"key":"AttackPotion"}],"is_trial":false,"path_per_floor":["M","?","?","M","M","M","R","M","T","R","M","$","?","T","R","B"],"character_chosen":"IRONCLAD","items_purchased":["Good Instincts"],"campfire_rested":1,"item_purchase_floors":[12],"current_hp_per_floor":[88,66,66,64,60,41,41,47,47,47,46,46,28,28,54,0,0],"gold":434,"neow_bonus":"TEN_PERCENT_HP_BONUS","is_daily":false,"chose_seed":false,"campfire_upgraded":2,"win_rate":0.0,"timestamp":1608554800,"path_taken":["M","?","?","M","M","M","R","M","T","R","M","?","?","?","R","BOSS"],"items_purchased_type":["Card"],"build_version":"2020-12-13","purchased_purges":1,"victory":false,"max_hp_per_floor":[88,88,88,88,88,88,88,88,88,88,88,88,88,88,88,88,88],"card_choices":[{"not_picked":["Whirlwind","Havoc"],"picked":"Clothesline","floor":1.0},{"not_picked":["Sword Boomerang","Ghostly Armor"],"picked":"Clash","floor":4.0},{"not_picked":["Perfected Strike","Headbutt"],"picked":"Body Slam","floor":5.0},{"not_picked":["Sword Boomerang","Thunderclap"],"picked":"Dropkick","floor":6.0},{"not_picked":["Twin Strike","Intimidate"],"picked":"Iron Wave","floor":8.0},{"not_picked":["Searing Blow","Sword Boomerang"],"picked":"Twin Strike","floor":11.0},{"not_picked":["Wild Strike","Perfected Strike"],"picked":"Cleave","floor":13}],"player_experience":41807,"relics_obtained":[{"floor":9.0,"key":"Nunchaku"},{"floor":13,"key":"Letter Opener"},{"floor":14,"key":"Bottled Lightning"}],"event_choices":[{"damage_healed":0.0,"max_hp_gain":0.0,"max_hp_loss":0.0,"gold_gain":0.0,"event_name":"Golden Idol","player_choice":"Take Damage","floor":2.0,"gold_loss":0.0,"damage_taken":22.0,"relics_obtained":["Golden Idol"]},{"damage_healed":0.0,"max_hp_gain":0.0,"max_hp_loss":0.0,"gold_gain":175.0,"event_name":"Liars Game","player_choice":"AGREE","floor":3.0,"gold_loss":0.0,"damage_taken":0.0,"cards_obtained":["Doubt"]},{"damage_healed":0.0,"max_hp_gain":0.0,"max_hp_loss":0.0,"gold_gain":0.0,"event_name":"Dead Adventurer","player_choice":"Searched \u00271\u0027 times","floor":13.0,"gold_loss":0.0,"damage_taken":0.0}],"is_beta":false,"boss_relics":[],"items_purged_floors":[12],"is_endless":false,"potions_floor_spawned":[5,6,8],"killed_by":"Hexaghost","ascension_level":0}}