{"host":"wghdsg8ym2wc7ov9","time":1608512410,"event":{"mods":["AchievementEnabler","BaseMod","Better Altar","Better Note","Colored Map","Hermit","Highlight Path","Jorbs\u0027s Wanderer Trilogy","Minty Spire (QoL Compilation)","Random Character Button","Relic Stats","Shop Mod","StSLib","The Bug Knight","The Cursed","The Hierophant","The Servant 0.9.4"],"gold_per_floor":[126,150,163,220,220,251,251,273,573,573,573,597,597,22,22,119,119,146,163,192,214,250,295,295,395,395,395,395,421,68,84,84,193,193,209,234,303,331,345,345,378,394,394,4,39,53,53,53,53,53,53,53,6,6,6],"floor_reached":54,"playtime":27807,"items_purged":[],"score":795,"play_id":"47ff4733-7d3d-42b7-93e4-24e5239f75df","local_time":"20201220170010","is_ascension_mode":false,"campfire_choices":[{"data":"stsjorbsmod:Rediscovery","floor":7.0,"key":"SMITH"},{"data":"stsjorbsmod:FranticSearch","floor":10.0,"key":"SMITH"},{"floor":13.0,"key":"RECALL"},{"data":"stsjorbsmod:FindFamiliar","floor":15.0,"key":"SMITH"},{"data":"stsjorbsmod:Mending","floor":24.0,"key":"SMITH"},{"data":"ForeignInfluence","floor":32.0,"key":"SMITH"},{"data":"stsjorbsmod:ChatteringStrike","floor":40.0,"key":"SMITH"},{"data":"stsjorbsmod:MirrorImage","floor":47,"key":"SMITH"},{"data":"1","floor":49,"key":"LIFT"},{"data":"2","floor":52,"key":"LIFT"}],"circlet_count":0,"master_deck":["stsjorbsmod:ForbiddenGrimoire+1","stsjorbsmod:FreshAdventure+1","stsjorbsmod:EyeOfTheStorm+1","stsjorbsmod:Mindworm+1","stsjorbsmod:FranticSearch+1","stsjorbsmod:LocateObject+1","stsjorbsmod:BlackTentacles+1","stsjorbsmod:Rediscovery+1","stsjorbsmod:SmithingStrike+1","stsjorbsmod:FranticSearch+1","stsjorbsmod:FindFamiliar+1","stsjorbsmod:UnseenServant+1","stsjorbsmod:TrueStrike+1","stsjorbsmod:IvoryTower+1","stsjorbsmod:WeightOfMemory+1","stsjorbsmod:ArcaneWeapon+1","stsjorbsmod:Mending+1","stsjorbsmod:WanderingMind+1","stsjorbsmod:Firebolt+1","stsjorbsmod:RefuseToForget+1","ForeignInfluence+1","stsjorbsmod:Mania+1","stsjorbsmod:FracturedMind+1","stsjorbsmod:Prestidigitation+1","stsjorbsmod:DeathThroes+1","stsjorbsmod:Materialize+1","stsjorbsmod:MirrorImage+1","stsjorbsmod:Trauma+1","stsjorbsmod:SchoolsOfMagic+1","stsjorbsmod:LoseGrip+1","stsjorbsmod:ParryingBlow+1","stsjorbsmod:FlameWard+1","stsjorbsmod:MageArmor+1","stsjorbsmod:Banish+1","stsjorbsmod:HoldMonster+1","stsjorbsmod:Thorns+1","stsjorbsmod:ArcaneWeapon+1","stsjorbsmod:Prestidigitation+1","stsjorbsmod:Materialize+1","stsjorbsmod:Counterspell+1","stsjorbsmod:Materialize+1","stsjorbsmod:Feast+1","stsjorbsmod:ChatteringStrike+1","stsjorbsmod:Prestidigitation+1","stsjorbsmod:BookOfTongues+1","stsjorbsmod:Stalwart+1","stsjorbsmod:HedgeWizard+1","stsjorbsmod:FranticSearch+1","stsjorbsmod:MageArmor+1","stsjorbsmod:TrueStrike+1","stsjorbsmod:SchoolsOfMagic+1","stsjorbsmod:WeightOfMemory+1","stsjorbsmod:Mending+1","stsjorbsmod:Prepare"],"relics":["stsjorbsmod:GrimoireRelic","GremlinMask","Bag of Marbles","Old Coin","Thread and Needle","Toolbox","Black Star","HollowMod:LifeEnderRelic","Prayer Wheel","stsjorbsmod:MindPalaceRelic","Pandora\u0027s Box","Turnip","stsjorbsmod:MindGlassRelic","Lizard Tail","Girya","Dream Catcher","Mark of the Bloom"],"acts_visited":["Exordium","TheCity","TheBeyond","TheEnding"],"potions_floor_usage":[41,50],"damage_taken":[{"damage":4.0,"enemies":"2 Louse","floor":1.0,"turns":3.0},{"damage":0.0,"enemies":"Cultist","floor":2.0,"turns":4.0},{"damage":0.0,"enemies":"Small Slimes","floor":3.0,"turns":2.0},{"damage":2.0,"enemies":"Gremlin Gang","floor":4.0,"turns":7.0},{"damage":12.0,"enemies":"HollowMod:MossKnight","floor":6.0,"turns":8.0},{"damage":0.0,"enemies":"Looter","floor":8.0,"turns":3.0},{"damage":11.0,"enemies":"Large Slime","floor":12.0,"turns":4.0},{"damage":48.0,"enemies":"Hexaghost","floor":16.0,"turns":8.0},{"damage":7.0,"enemies":"2 Thieves","floor":18.0,"turns":3.0},{"damage":0.0,"enemies":"Spheric Guardian","floor":19.0,"turns":3.0},{"damage":21.0,"enemies":"Snake Plant","floor":20.0,"turns":3.0},{"damage":16.0,"enemies":"Sentry and Sphere","floor":21.0,"turns":5.0},{"damage":1.0,"enemies":"Centurion and Healer","floor":22.0,"turns":4.0},{"damage":11.0,"enemies":"Slavers","floor":23.0,"turns":5.0},{"damage":0.0,"enemies":"Snecko","floor":29.0,"turns":3.0},{"damage":1.0,"enemies":"Chosen and Byrds","floor":31.0,"turns":3.0},{"damage":13.0,"enemies":"Collector","floor":33.0,"turns":6.0},{"damage":3.0,"enemies":"3 Darklings","floor":35.0,"turns":3.0},{"damage":20.0,"enemies":"Orb Walker","floor":36.0,"turns":4.0},{"damage":35.0,"enemies":"2 Orb Walkers","floor":37.0,"turns":7.0},{"damage":1.0,"enemies":"Sphere and 2 Shapes","floor":38.0,"turns":5.0},{"damage":10.0,"enemies":"Maw","floor":39.0,"turns":8.0},{"damage":12,"enemies":"Jaw Worm Horde","floor":41,"turns":3},{"damage":0,"enemies":"Sphere and 2 Shapes","floor":42,"turns":5},{"damage":11,"enemies":"Reptomancer","floor":45,"turns":5},{"damage":6,"enemies":"4 Shapes","floor":46,"turns":4},{"damage":54,"enemies":"Time Eater","floor":50,"turns":7},{"damage":29,"enemies":"Shield and Spear","floor":54,"turns":3}],"seed_played":"1411595234043375787","potions_obtained":[{"floor":1.0,"key":"Ancient Potion"},{"floor":6.0,"key":"stsjorbsmod:BurningPotion"},{"floor":16.0,"key":"LiquidMemories"},{"floor":18.0,"key":"stsjorbsmod:LiquidVirtue"},{"floor":19.0,"key":"AttackPotion"},{"floor":20.0,"key":"SkillPotion"},{"floor":23.0,"key":"DuplicationPotion"},{"floor":27.0,"key":"PowerPotion"},{"floor":27.0,"key":"Regen Potion"},{"floor":39.0,"key":"stsjorbsmod:BurningPotion"},{"floor":42,"key":"CultistPotion"}],"is_trial":false,"path_per_floor":["M","M","M","M","?","E","R","M","T","R","?","M","R","$","R","B",null,"M","M","M","M","M","E","R","?","T","?","?","M","$","M","R","B",null,"M","M","?","M","M","R","M","M","T","$","E","M","R","?","R","B",null,"R","$","E"],"character_chosen":"WANDERER","items_purchased":["Thread and Needle","Toolbox","stsjorbsmod:FindFamiliar","stsjorbsmod:UnseenServant","stsjorbsmod:TrueStrike","stsjorbsmod:MindPalaceRelic","stsjorbsmod:Prestidigitation","Lizard Tail","stsjorbsmod:MageArmor","stsjorbsmod:TrueStrike","stsjorbsmod:Prepare"],"campfire_rested":0,"item_purchase_floors":[14,14,14,14,14,30,30,44,44,44,53],"current_hp_per_floor":[72,74,76,76,76,64,64,66,66,66,66,57,57,57,57,9,76,72,75,56,51,65,64,64,64,64,64,64,73,73,76,76,73,84,88,71,62,75,73,73,79,92,92,92,84,82,82,82,82,28,28,28,28,0,0],"gold":6,"neow_bonus":"TEN_PERCENT_HP_BONUS","is_daily":false,"chose_seed":false,"campfire_upgraded":7,"win_rate":0.0,"timestamp":1608512410,"path_taken":["M","M","M","M","?","E","R","?","T","R","?","?","R","$","R","BOSS","M","M","M","M","M","E","R","?","T","?","?","M","$","M","R","BOSS","M","M","?","M","M","R","M","M","T","$","E","M","R","?","R","BOSS","R","$","E"],"items_purchased_type":["Relic","Relic","Card","Card","Card","Relic","Card","Relic","Card","Card","Card"],"build_version":"2020-12-13","purchased_purges":0,"victory":false,"max_hp_per_floor":[74,74,76,76,76,76,76,76,76,76,76,76,76,76,76,76,76,76,76,76,78,82,82,82,82,82,82,82,82,82,82,82,84,84,88,88,88,88,88,88,88,92,92,92,92,92,92,92,92,92,92,92,92,92,92],"relic_stats":{"Lizard Tail":0,"Dream Catcher":0,"Mark of the Bloom":94,"counters":[28,128],"Prayer Wheel":9,"Pandora\u0027s Box":["stsjorbsmod:Trauma","stsjorbsmod:SchoolsOfMagic","stsjorbsmod:LoseGrip","stsjorbsmod:ParryingBlow","stsjorbsmod:FlameWard","stsjorbsmod:MageArmor","stsjorbsmod:Banish","stsjorbsmod:HoldMonster"],"Turnip":[13],"Black Star":2,"obtain_stats":[{"Girya":45,"Mark of the Bloom":48,"HollowMod:LifeEnderRelic":23,"stsjorbsmod:GrimoireRelic":0,"GremlinMask":5,"Thread and Needle":14,"stsjorbsmod:MindPalaceRelic":30,"Old Coin":9,"Lizard Tail":44,"Dream Catcher":45,"Toolbox":14,"Prayer Wheel":23,"Pandora\u0027s Box":34,"Turnip":37,"Bag of Marbles":6,"Black Star":17,"stsjorbsmod:MindGlassRelic":43},{"Girya":25,"Mark of the Bloom":26,"HollowMod:LifeEnderRelic":14,"stsjorbsmod:GrimoireRelic":0,"GremlinMask":4,"Thread and Needle":7,"stsjorbsmod:MindPalaceRelic":15,"Old Coin":6,"Lizard Tail":24,"Dream Catcher":25,"Toolbox":7,"Prayer Wheel":14,"Pandora\u0027s Box":17,"Turnip":20,"Bag of Marbles":5,"Black Star":8,"stsjorbsmod:MindGlassRelic":24},{"Girya":114,"Mark of the Bloom":118,"HollowMod:LifeEnderRelic":62,"stsjorbsmod:GrimoireRelic":0,"GremlinMask":16,"Thread and Needle":31,"stsjorbsmod:MindPalaceRelic":65,"Old Coin":27,"Lizard Tail":109,"Dream Catcher":114,"Toolbox":31,"Prayer Wheel":62,"Pandora\u0027s Box":74,"Turnip":88,"Bag of Marbles":24,"Black Star":39,"stsjorbsmod:MindGlassRelic":109}]},"card_choices":[{"not_picked":["stsjorbsmod:Index","stsjorbsmod:Channel"],"picked":"stsjorbsmod:Mindworm","floor":1.0},{"not_picked":["stsjorbsmod:OldPocket","stsjorbsmod:BlackTentacles"],"picked":"stsjorbsmod:FranticSearch","floor":2.0},{"not_picked":["stsjorbsmod:TollTheDead","stsjorbsmod:RefuseToForget"],"picked":"stsjorbsmod:LocateObject","floor":3.0},{"not_picked":["stsjorbsmod:TollTheDead","stsjorbsmod:Rest"],"picked":"stsjorbsmod:BlackTentacles","floor":4.0},{"not_picked":["stsjorbsmod:RayOfFrost","stsjorbsmod:MirrorImage"],"picked":"stsjorbsmod:Rediscovery","floor":6.0},{"not_picked":["stsjorbsmod:LocateObject","stsjorbsmod:Patron"],"picked":"stsjorbsmod:SmithingStrike","floor":8.0},{"not_picked":["stsjorbsmod:BlackTentacles","stsjorbsmod:WeightOfMemory"],"picked":"stsjorbsmod:FranticSearch","floor":12.0},{"not_picked":["stsjorbsmod:GatherPower","stsjorbsmod:Pyromancy"],"picked":"stsjorbsmod:IvoryTower","floor":16.0},{"not_picked":["stsjorbsmod:ChatteringStrike+1","stsjorbsmod:Message"],"picked":"stsjorbsmod:WeightOfMemory","floor":18.0},{"not_picked":["stsjorbsmod:DoubleCheck","stsjorbsmod:ChainLightning"],"picked":"stsjorbsmod:ArcaneWeapon","floor":19.0},{"not_picked":["stsjorbsmod:Message","stsjorbsmod:Materialize+1"],"picked":"stsjorbsmod:Mending","floor":20.0},{"not_picked":["stsjorbsmod:Mania+1","stsjorbsmod:Will"],"picked":"stsjorbsmod:WanderingMind","floor":21.0},{"not_picked":["stsjorbsmod:Will","stsjorbsmod:RayOfFrost"],"picked":"stsjorbsmod:Firebolt","floor":22.0},{"not_picked":["stsjorbsmod:RayOfFrost","stsjorbsmod:DisguiseSelf"],"picked":"stsjorbsmod:RefuseToForget","floor":23.0},{"not_picked":["stsjorbsmod:SchoolsOfMagic+1","stsjorbsmod:TrueStrike"],"picked":"stsjorbsmod:Mania","floor":29.0},{"not_picked":["stsjorbsmod:WanderingMind","stsjorbsmod:Mania"],"picked":"stsjorbsmod:FracturedMind","floor":29.0},{"not_picked":["stsjorbsmod:TinyHut","stsjorbsmod:BookOfTongues"],"picked":"stsjorbsmod:DeathThroes","floor":31.0},{"not_picked":["stsjorbsmod:Hurt","stsjorbsmod:Firebolt"],"picked":"stsjorbsmod:Materialize","floor":31.0},{"not_picked":["stsjorbsmod:Fear","stsjorbsmod:PurgeMind"],"picked":"stsjorbsmod:MirrorImage","floor":33.0},{"not_picked":["stsjorbsmod:Will+1","stsjorbsmod:FracturedMind+1"],"picked":"stsjorbsmod:Thorns+1","floor":35.0},{"not_picked":["stsjorbsmod:RayOfFrost","stsjorbsmod:BurningFlask+1"],"picked":"stsjorbsmod:ArcaneWeapon+1","floor":35.0},{"not_picked":["stsjorbsmod:ParryingBlow","stsjorbsmod:Hibernate"],"picked":"stsjorbsmod:Prestidigitation","floor":36.0},{"not_picked":["stsjorbsmod:MistyStep","stsjorbsmod:ChainLightning+1"],"picked":"stsjorbsmod:Materialize+1","floor":36.0},{"not_picked":["stsjorbsmod:RefuseToForget","stsjorbsmod:Channel"],"picked":"stsjorbsmod:Counterspell","floor":37.0},{"not_picked":["stsjorbsmod:TrueStrike","stsjorbsmod:Patron+1"],"picked":"stsjorbsmod:Materialize+1","floor":38.0},{"not_picked":["stsjorbsmod:ChatteringStrike+1","stsjorbsmod:Hibernate+1"],"picked":"stsjorbsmod:Feast","floor":38.0},{"not_picked":["stsjorbsmod:OldPocket","stsjorbsmod:Introspection"],"picked":"stsjorbsmod:ChatteringStrike","floor":39.0},{"not_picked":["stsjorbsmod:Counterspell","stsjorbsmod:Firebolt+1"],"picked":"stsjorbsmod:Prestidigitation","floor":39.0},{"not_picked":["stsjorbsmod:DoubleCheck+1","stsjorbsmod:FaerieFire+1"],"picked":"stsjorbsmod:BookOfTongues","floor":41},{"not_picked":["stsjorbsmod:ChatteringStrike","stsjorbsmod:Hibernate"],"picked":"stsjorbsmod:Stalwart","floor":41},{"not_picked":["stsjorbsmod:TinyHut+1","stsjorbsmod:Aid+1"],"picked":"stsjorbsmod:HedgeWizard+1","floor":42},{"not_picked":["stsjorbsmod:MagicMissiles+1","stsjorbsmod:Index"],"picked":"stsjorbsmod:FranticSearch","floor":42},{"not_picked":["stsjorbsmod:ParryingBlow+1","stsjorbsmod:Prestidigitation"],"picked":"stsjorbsmod:SchoolsOfMagic+1","floor":45},{"not_picked":["stsjorbsmod:DisguiseSelf","stsjorbsmod:ArcaneWeapon"],"picked":"stsjorbsmod:WeightOfMemory","floor":46},{"not_picked":["stsjorbsmod:WanderingMind","stsjorbsmod:WeightOfMemory"],"picked":"stsjorbsmod:Mending+1","floor":46}],"player_experience":453373,"relics_obtained":[{"floor":6.0,"key":"Bag of Marbles"},{"floor":9.0,"key":"Old Coin"},{"floor":23.0,"key":"HollowMod:LifeEnderRelic"},{"floor":23.0,"key":"Prayer Wheel"},{"floor":37.0,"key":"Turnip"},{"floor":43,"key":"stsjorbsmod:MindGlassRelic"},{"floor":45,"key":"Girya"},{"floor":45,"key":"Dream Catcher"}],"event_choices":[{"damage_healed":0.0,"max_hp_gain":0.0,"max_hp_loss":0.0,"gold_gain":0.0,"event_name":"FaceTrader","player_choice":"Trade","floor":5.0,"gold_loss":0.0,"damage_taken":0.0,"relics_obtained":["GremlinMask"]},{"damage_healed":0.0,"max_hp_gain":0.0,"max_hp_loss":0.0,"gold_gain":0.0,"event_name":"Accursed Blacksmith","player_choice":"Forge","floor":11.0,"gold_loss":0.0,"damage_taken":0.0,"cards_upgraded":["stsjorbsmod:Mindworm"]},{"damage_healed":0.0,"max_hp_gain":0.0,"max_hp_loss":0.0,"gold_gain":100.0,"event_name":"Golden Shrine","player_choice":"Pray","floor":25.0,"gold_loss":0.0,"damage_taken":0.0},{"damage_healed":0.0,"max_hp_gain":0.0,"max_hp_loss":0.0,"gold_gain":0.0,"event_name":"Lab","player_choice":"Got Potions","floor":27.0,"gold_loss":0.0,"damage_taken":0.0},{"cards_removed":["stsjorbsmod:WanderingMind"],"damage_healed":0.0,"max_hp_gain":0.0,"max_hp_loss":0.0,"gold_gain":0.0,"event_name":"betterNote:BetterNote","player_choice":"Take \u0026 Give","floor":28.0,"gold_loss":0.0,"damage_taken":0.0,"cards_obtained":["ForeignInfluence"]},{"damage_healed":0.0,"max_hp_gain":0.0,"max_hp_loss":0.0,"gold_gain":0.0,"event_name":"Mysterious Sphere","player_choice":"Fight","floor":37.0,"gold_loss":0.0,"damage_taken":0.0},{"damage_healed":0,"gold_gain":0,"player_choice":"Upgrade","damage_taken":0,"relics_obtained":["Mark of the Bloom"],"max_hp_gain":0,"max_hp_loss":0,"event_name":"MindBloom","floor":48,"gold_loss":0,"cards_upgraded":["stsjorbsmod:FreshAdventure","stsjorbsmod:EyeOfTheStorm","stsjorbsmod:LocateObject","stsjorbsmod:BlackTentacles","stsjorbsmod:SmithingStrike","stsjorbsmod:FranticSearch","stsjorbsmod:UnseenServant","stsjorbsmod:TrueStrike","stsjorbsmod:IvoryTower","stsjorbsmod:WeightOfMemory","stsjorbsmod:ArcaneWeapon","stsjorbsmod:WanderingMind","stsjorbsmod:Firebolt","stsjorbsmod:RefuseToForget","stsjorbsmod:Mania","stsjorbsmod:FracturedMind","stsjorbsmod:Prestidigitation","stsjorbsmod:DeathThroes","stsjorbsmod:Materialize","stsjorbsmod:Trauma","stsjorbsmod:SchoolsOfMagic","stsjorbsmod:LoseGrip","stsjorbsmod:ParryingBlow","stsjorbsmod:FlameWard","stsjorbsmod:MageArmor","stsjorbsmod:Banish","stsjorbsmod:HoldMonster","stsjorbsmod:Prestidigitation","stsjorbsmod:Counterspell","stsjorbsmod:Feast","stsjorbsmod:Prestidigitation","stsjorbsmod:BookOfTongues","stsjorbsmod:Stalwart","stsjorbsmod:FranticSearch","stsjorbsmod:MageArmor","stsjorbsmod:TrueStrike","stsjorbsmod:WeightOfMemory"]}],"is_beta":false,"boss_relics":[{"not_picked":["Velvet Choker","Calling Bell"],"picked":"Black Star"},{"not_picked":["Astrolabe","Tiny House"],"picked":"Pandora\u0027s Box"}],"items_purged_floors":[],"is_endless":false,"potions_floor_spawned":[1,6,16,18,19,20,23,36,39,42,45,46],"killed_by":"Shield and Spear","ascension_level":0}}