{"host":"6rmw1q50jy0xmvyl","time":1608553991,"event":{"mods":["BaseMod","BetterRewards","Clockwork Mod","Colored Map","Duelist Mod","Minty Spire (QoL Compilation)","Remove Card Discount Mod","StSLib","??????REMEMod"],"gold_per_floor":[136,136,150,169,229,229,263,263,263,23,55,55,90,101,101,178,178,191,191,191,243,97,97,126,126,152,552,569,569,585,615,615,757,757,790,838,838,838,906,957,957,987,1287,1287,566,367,472,523,535,567],"floor_reached":51,"playtime":4922,"items_purged":["theDuelist:CastleWalls","theDuelist:CastleWalls","theDuelist:Sparks","theDuelist:Sparks","theDuelist:VampireCurse"],"score":2142,"play_id":"bb683c03-93a6-4835-bfbf-dab6d8d5f8de","local_time":"20201221133310","is_ascension_mode":true,"campfire_choices":[{"floor":6,"key":"REST"},{"floor":12,"key":"REST"},{"data":"theDuelist:RelinquishedFusion","floor":15,"key":"SMITH"},{"data":"theDuelist:SpiralSpearStrike","floor":23,"key":"SMITH"},{"data":"theDuelist:GravityLash","floor":25,"key":"SMITH"},{"floor":32,"key":"REST"},{"data":"theDuelist:SpiralSpearStrike+1","floor":41,"key":"SMITH"},{"data":"theDuelist:ImperialOrder","floor":49,"key":"SMITH"}],"circlet_count":0,"master_deck":["AscendersBane","theDuelist:BeaverWarrior","theDuelist:BeaverWarrior","theDuelist:FinalFlame","theDuelist:GiantSoldier","theDuelist:GiantSoldier","theDuelist:ScrapFactory","theDuelist:RelinquishedFusion+1","theDuelist:ObeliskTormentor","theDuelist:Invigoration","theDuelist:GravityLash+1","theDuelist:SpiralSpearStrike+2","theDuelist:HappyLover+1","theDuelist:GemArmadillo","theDuelist:FusionFire","theDuelist:FairyBox+1","theDuelist:SparkBlaster","theDuelist:Nameless:Greed:AncientGearBox","theDuelist:Nameless:Power:BerserkerCrush","theDuelist:Nameless:Magic:DragonTreasure","theDuelist:Predaponics+1","theDuelist:SpiritHarp+1","theDuelist:BerserkerCrush","theDuelist:SolarWindJammer+1","theDuelist:ImperialOrder+1","theDuelist:OrbMetronome+1","Parasite"],"relics":["theDuelist:MillenniumPuzzle","theDuelist:CardPoolRelic","theDuelist:CardPoolBasicRelic","theDuelist:BoosterPackPoolRelic","theDuelist:CardPoolAddRelic","theDuelist:CardPoolMinusRelic","theDuelist:CardPoolSaveRelic","theDuelist:CardPoolOptionsRelic","REME_ComplimentaryCards","Medical Kit","Juzu Bracelet","theDuelist:MillenniumPrayerbook","theDuelist:MillenniumRod","Toolbox","Potion Belt","Incense Burner","theDuelist:NamelessWarRelicC","CaptainsWheel","REME_IWantAll","Champion Belt","Chemical X","Bag of Marbles","Blood Vial","Old Coin","theDuelist:KaibaToken","HoveringKite","Torii","Bronze Scales","theDuelist:MillenniumCoin","theDuelist:MillenniumArmor","War Paint","Toxic Egg 2","Blood Vial","MawBank"],"acts_visited":["Exordium","TheCity","TheBeyond"],"potions_floor_usage":[3,7,18,27,28,35,50,50,50,50],"damage_taken":[{"damage":23,"enemies":"Small Slimes","floor":1,"turns":6},{"damage":0,"enemies":"Jaw Worm","floor":3,"turns":2},{"damage":0,"enemies":"2 Louse","floor":4,"turns":4},{"damage":0,"enemies":"Gremlin Nob","floor":7,"turns":3},{"damage":0,"enemies":"3 Sentries","floor":11,"turns":4},{"damage":0,"enemies":"Lagavulin","floor":13,"turns":4},{"damage":0,"enemies":"2 Fungi Beasts","floor":14,"turns":3},{"damage":0,"enemies":"The Guardian","floor":16,"turns":5},{"damage":5,"enemies":"Chosen","floor":18,"turns":2},{"damage":0,"enemies":"Chosen","floor":21,"turns":7},{"damage":1,"enemies":"Slavers","floor":24,"turns":3},{"damage":9,"enemies":"Colosseum Slavers","floor":27,"turns":3},{"damage":0,"enemies":"Colosseum Nobs","floor":27,"turns":5},{"damage":0,"enemies":"Spheric Guardian","floor":28,"turns":3},{"damage":13,"enemies":"Snecko","floor":30,"turns":4},{"damage":0,"enemies":"Collector","floor":33,"turns":6},{"damage":0,"enemies":"3 Shapes","floor":35,"turns":4},{"damage":25,"enemies":"3 Darklings","floor":36,"turns":5},{"damage":13,"enemies":"2 Orb Walkers","floor":39,"turns":3},{"damage":0,"enemies":"Nemesis","floor":40,"turns":9},{"damage":0,"enemies":"Jaw Worm Horde","floor":42,"turns":4},{"damage":0,"enemies":"Giant Head","floor":47,"turns":9},{"damage":0,"enemies":"Writhing Mass","floor":48,"turns":4},{"damage":11,"enemies":"Donu and Deca","floor":50,"turns":5}],"seed_played":"-8179717126775483845","potions_obtained":[{"floor":1,"key":"theDuelist:SealedPack"},{"floor":4,"key":"theDuelist:FlamingBottle"},{"floor":11,"key":"theDuelist:FreezingPotion"},{"floor":16,"key":"theDuelist:EarthBottle"},{"floor":27,"key":"theDuelist:OrbBottle"},{"floor":33,"key":"theDuelist:FireBottle"},{"floor":39,"key":"AttackPotion"},{"floor":40,"key":"theDuelist:WhiteBottle"},{"floor":42,"key":"FearPotion"},{"floor":47,"key":"LiquidMemories"}],"is_trial":false,"path_per_floor":["M","?","M","M","?","R","E","?","T","$","E","R","E","M","R","B",null,"M","$","?","?","$","R","E","R","T","?","M","?","M","?","R","B",null,"M","M","?","?","?","E","R","M","T","?","$","?","E","M","R","B",null],"character_chosen":"THE_DUELIST","items_purchased":["Medical Kit","Juzu Bracelet","theDuelist:ObeliskTormentor","theDuelist:Invigoration","Toolbox","theDuelist:GemArmadillo","Chemical X","War Paint","Toxic Egg 2","theDuelist:SolarWindJammer+1","theDuelist:ImperialOrder","theDuelist:OrbMetronome+1"],"campfire_rested":3,"item_purchase_floors":[0,0,0,0,10,10,22,45,45,45,45,45],"current_hp_per_floor":[29,29,29,29,29,53,53,53,53,53,53,77,77,77,77,77,79,74,74,90,90,90,90,89,89,89,83,85,85,74,49,82,84,104,106,83,83,83,72,74,74,76,76,76,76,76,80,84,84,77],"gold":579,"neow_bonus":"","is_daily":false,"chose_seed":false,"campfire_upgraded":5,"win_rate":0.0,"timestamp":1608553990,"path_taken":["M","?","M","M","?","R","E","?","T","$","E","R","E","M","R","BOSS","M","$","?","?","$","R","E","R","T","?","M","?","M","?","R","BOSS","M","M","?","?","?","E","R","M","T","?","$","?","E","M","R","BOSS"],"items_purchased_type":["Relic","Relic","Card","Card","Relic","Card","Relic","Relic","Relic","Card","Card","Card"],"build_version":"2020-12-13","purchased_purges":5,"victory":true,"max_hp_per_floor":[80,80,80,80,80,80,80,80,80,80,80,80,80,80,80,80,80,80,80,90,90,90,90,90,90,90,90,90,90,90,110,110,110,110,110,110,110,110,110,110,110,110,110,110,110,110,110,110,110,110],"card_choices":[{"not_picked":["theDuelist:StarBlast","theDuelist:FuryFire"],"picked":"theDuelist:GravityLash","floor":1},{"not_picked":["theDuelist:Wildfire","theDuelist:PineappleBlast","theDuelist:FeatherShot"],"picked":"SKIP","floor":3},{"not_picked":["theDuelist:SwordDeepSeated","theDuelist:BigKoala","theDuelist:BlackPendant","theDuelist:MythicalBeast"],"picked":"theDuelist:SpiralSpearStrike","floor":4},{"not_picked":["theDuelist:ForbiddenLance","theDuelist:BattleFootballer","theDuelist:LegendarySword","theDuelist:GravityLash"],"picked":"theDuelist:HappyLover","floor":7},{"not_picked":["theDuelist:LegendarySword","theDuelist:ForbiddenLance","theDuelist:InstantFusion","theDuelist:Raigeki"],"picked":"theDuelist:FusionFire","floor":11},{"not_picked":["theDuelist:RainbowNeos","theDuelist:HappyLover","theDuelist:Eva","theDuelist:RainbowKuriboh","theDuelist:RainbowOverdragon"],"picked":"SKIP","floor":13},{"not_picked":["theDuelist:CoreBlaster","theDuelist:DarkBurningAttack","theDuelist:WormApocalypse","theDuelist:DoubleTool","theDuelist:Downbeat"],"picked":"SKIP","floor":14},{"not_picked":["theDuelist:Hinotama","theDuelist:Tuningware","theDuelist:CombinationAttack","theDuelist:AfterTheStorm"],"picked":"theDuelist:FairyBox","floor":18},{"not_picked":["theDuelist:LightningVortex+1","theDuelist:DarkFactory+1","theDuelist:GravityAxe","theDuelist:Electrowhip"],"picked":"theDuelist:SparkBlaster","floor":24},{"not_picked":["theDuelist:DarklordSuperbia","theDuelist:EarthquakeGiant","theDuelist:GaiaMidNightSun","theDuelist:GilfordLegend","theDuelist:LightningDarts"],"picked":"SKIP","floor":28},{"not_picked":["theDuelist:MeteorDestruction","theDuelist:DoubleTool","theDuelist:CoreBlaster","theDuelist:CombinationAttack","theDuelist:InfernoFireBlast+1"],"picked":"SKIP","floor":30},{"not_picked":["theDuelist:Ojamassimilation","theDuelist:EgoBoost+1","theDuelist:CrystalBlessing+1","theDuelist:SilverApples"],"picked":"theDuelist:Predaponics+1","floor":35},{"not_picked":["theDuelist:RainbowNeos+1","theDuelist:WhiteMagicalHat","theDuelist:OnslaughtFireKings+1","theDuelist:SpellShatteringArrow"],"picked":"theDuelist:SpiritHarp+1","floor":36},{"not_picked":["theDuelist:Hinotama","theDuelist:CombinationAttack","theDuelist:OjamaCountry+1","theDuelist:MagnumShield+1"],"picked":"theDuelist:BerserkerCrush","floor":40},{"not_picked":["theDuelist:MythicalBeast+1","theDuelist:RainbowNeos+1","theDuelist:BigKoala","theDuelist:HappyLover","theDuelist:Tuningware+1"],"picked":"SKIP","floor":42},{"not_picked":["theDuelist:CoreBlaster","theDuelist:DarkBurningAttack+1","theDuelist:RainbowNeos","theDuelist:SpiritHarp+1","theDuelist:MagicalStone+1"],"picked":"SKIP","floor":47},{"not_picked":["theDuelist:SilentDoom","theDuelist:AfterTheStorm+1","theDuelist:Electrowhip+1","theDuelist:ElectromagneticShield+1","theDuelist:CoreBlaster"],"picked":"SKIP","floor":48}],"player_experience":582065,"relics_obtained":[{"floor":7,"key":"theDuelist:MillenniumPrayerbook"},{"floor":9,"key":"theDuelist:MillenniumRod"},{"floor":11,"key":"Potion Belt"},{"floor":13,"key":"Incense Burner"},{"floor":21,"key":"CaptainsWheel"},{"floor":21,"key":"REME_IWantAll"},{"floor":21,"key":"Champion Belt"},{"floor":24,"key":"Bag of Marbles"},{"floor":26,"key":"Blood Vial"},{"floor":27,"key":"Old Coin"},{"floor":27,"key":"theDuelist:KaibaToken"},{"floor":39,"key":"Torii"},{"floor":40,"key":"Bronze Scales"},{"floor":43,"key":"theDuelist:MillenniumCoin"},{"floor":47,"key":"MawBank"}],"event_choices":[{"damage_healed":0,"gold_gain":0,"player_choice":"Fled","damage_taken":0,"max_hp_gain":0,"max_hp_loss":0,"event_name":"Scrap Ooze","floor":2,"gold_loss":0},{"damage_healed":0,"gold_gain":60,"player_choice":"Gained Gold","damage_taken":0,"max_hp_gain":0,"max_hp_loss":0,"event_name":"Golden Wing","floor":5,"gold_loss":0},{"damage_healed":0,"gold_gain":0,"player_choice":"Ignored","damage_taken":0,"max_hp_gain":0,"max_hp_loss":0,"event_name":"Golden Idol","floor":8,"gold_loss":0},{"total_magic_score":65,"gold_gain":0,"duelist":true,"damage_taken":0,"relics_obtained":["theDuelist:NamelessWarRelicC"],"points":15,"war_reward":3,"max_hp_gain":20,"max_hp_loss":10,"spent_points":{"magic":4,"greed":0,"war":3,"power":4,"hunger":4},"event_name":"Nameless Tomb","hunger_reward":4,"floor":20,"gold_loss":0,"cards_obtained":[]},{"damage_healed":0,"gold_gain":0,"player_choice":"Fight","duelist":true,"damage_taken":0,"max_hp_gain":0,"max_hp_loss":0,"event_name":"Battle City","floor":21,"gold_loss":0},{"damage_healed":0,"gold_gain":0,"player_choice":"Fight","damage_taken":0,"max_hp_gain":0,"max_hp_loss":0,"event_name":"Colosseum","floor":27,"gold_loss":0},{"damage_healed":0,"gold_gain":0,"player_choice":"Fought Nobs","damage_taken":0,"max_hp_gain":0,"max_hp_loss":0,"event_name":"Colosseum","floor":27,"gold_loss":0},{"damage_healed":0,"gold_gain":0,"player_choice":"Leave","duelist":true,"damage_taken":0,"max_hp_gain":0,"max_hp_loss":0,"event_name":"Tomb of the Nameless","floor":29,"gold_loss":0},{"power_reward":4,"total_magic_score":72,"gold_gain":0,"greed_reward":4,"duelist":true,"damage_taken":45,"relics_obtained":[],"points":14,"max_hp_gain":20,"max_hp_loss":0,"spent_points":{"magic":4,"greed":4,"war":0,"power":4,"hunger":2},"event_name":"Nameless Tomb","hunger_reward":2,"floor":31,"gold_loss":0,"magic_reward":4,"cards_obtained":["theDuelist:Nameless:Greed:AncientGearBox","theDuelist:Nameless:Power:BerserkerCrush","theDuelist:Nameless:Magic:DragonTreasure"]},{"damage_healed":0,"gold_gain":0,"player_choice":"Ignored","damage_taken":0,"max_hp_gain":0,"max_hp_loss":0,"event_name":"Tomb of Lord Red Mask","floor":37,"gold_loss":0},{"damage_healed":0,"gold_gain":0,"player_choice":"Leave","duelist":true,"damage_taken":0,"max_hp_gain":0,"max_hp_loss":0,"event_name":"Egyptian Village","floor":38,"gold_loss":0},{"damage_healed":0,"gold_gain":0,"player_choice":"Fight","damage_taken":0,"max_hp_gain":0,"max_hp_loss":0,"event_name":"Mysterious Sphere","floor":39,"gold_loss":0},{"damage_healed":0,"gold_gain":0,"player_choice":"Took item - Received: Millennium Armor","duelist":true,"damage_taken":0,"max_hp_gain":0,"max_hp_loss":0,"event_name":"Millennium Items","floor":44,"gold_loss":0},{"damage_healed":0,"gold_gain":0,"player_choice":"Duplicated Relic - Blood Vial","duelist":true,"damage_taken":0,"max_hp_gain":0,"max_hp_loss":0,"event_name":"Relic Duplicator","floor":46,"gold_loss":0}],"is_beta":false,"boss_relics":[{"not_picked":["Coffee Dripper","Ectoplasm","theDuelist:ElectricKey"]},{"not_picked":["Runic Cube","Runic Dome"],"picked":"HoveringKite"}],"items_purged_floors":[0,0,0,0,45],"is_endless":false,"potions_floor_spawned":[1,4,11,16,27,27,28,33,39,40,42,47],"ascension_level":13}}