{"host":"w6bv7e6dabj27l4i","time":1608527923,"event":{"mods":["Act Like it!","BaseMod","Colored Map","Custom Start","Downfall","Minty Spire (QoL Compilation)","Quick Restart","StSLib","Synergy Search","Unceasing Turn Reminder","slay the spire mod where everything is the same but ironclad has a cowboy hat"],"gold_per_floor":[99,99,99,24,24,49,49,79,4,34,54,67,120,133,149,252,252,252,271,284,314,326,326,326],"floor_reached":22,"playtime":1683,"items_purged":[],"score":247,"play_id":"69100be3-139e-4e5b-8ff9-283da57cb19e","local_time":"20201220231843","is_ascension_mode":false,"campfire_choices":[{"floor":1,"key":"RECALL"},{"data":"champ:Taunt","floor":4,"key":"SMITH"},{"data":"champ:RageSigil","floor":9,"key":"SMITH"},{"data":"champ:PerfectForm","floor":18,"key":"SMITH"}],"circlet_count":0,"master_deck":["champ:Execute","champ:Taunt+1","champ:Lariat+1","champ:Backstep","champ:Improvising","champ:RageSigil+1","champ:DefensiveStyle","champ:RageSigil","champ:Shatter","champ:IgnorePain","champ:AdrenalArmor","champ:Improvising","champ:CalledShot","champ:PreciseThrust","champ:PerfectForm+1","champ:Devastate","champ:StrikeOfGenius","champ:IronFortress","champ:RageSigil","champ:ShieldWall"],"relics":["champ:ChampionCrown","downfall:HeartsMalice","downfall:HeartBlessingRed","Turnip","Centennial Puzzle","War Paint","downfall:HeartBlessingGreen","HornCleat","Bronze Scales","Pandora\u0027s Box","MawBank"],"acts_visited":["Exordium","TheCity"],"potions_floor_usage":[16],"damage_taken":[{"damage":0,"enemies":"Cultist","floor":3,"turns":1},{"damage":0,"enemies":"Small Slimes","floor":5,"turns":1},{"damage":0,"enemies":"Gremlin Nob","floor":6,"turns":1},{"damage":26,"enemies":"Lagavulin","floor":8,"turns":8},{"damage":37,"enemies":"3 Sentries","floor":10,"turns":10},{"damage":32,"enemies":"Jaw Worm","floor":11,"turns":4},{"damage":44,"enemies":"Large Slime","floor":12,"turns":6},{"damage":5,"enemies":"3 Louse","floor":14,"turns":3},{"damage":6,"enemies":"2 Fungi Beasts","floor":15,"turns":3},{"damage":87,"enemies":"downfall:Watcher","floor":16,"turns":9},{"damage":34,"enemies":"3 Byrds","floor":19,"turns":3},{"damage":37,"enemies":"Spheric Guardian","floor":20,"turns":2},{"damage":74,"enemies":"Book of Stabbing","floor":21,"turns":4},{"damage":53,"enemies":"Shelled Parasite and Fungi","floor":22,"turns":4}],"seed_played":"-3835683403753133935","potions_obtained":[{"floor":10,"key":"Guardian:BlockOnCardUsePotion"},{"floor":12,"key":"LiquidMemories"},{"floor":15,"key":"champ:OpenerPotion"},{"floor":21,"key":"sneckomod:MuddlingPotion"}],"is_trial":false,"path_per_floor":["R","?","M","R","M","E","T","E","R","E","M","M","T","M","M","B",null,"R","M","M","E","M"],"character_chosen":"THE_CHAMP","items_purchased":[],"campfire_rested":0,"item_purchase_floors":[],"current_hp_per_floor":[90,90,90,90,90,90,90,87,87,76,68,66,66,64,63,41,90,90,82,82,54,1,1,1],"gold":326,"neow_bonus":"THREE_ENEMY_KILL","is_daily":false,"chose_seed":false,"campfire_upgraded":3,"win_rate":0.0,"timestamp":1608527923,"path_taken":["R","?","?","R","M","E","T","E","R","E","M","M","?","?","M","BOSS","R","M","M","E","M"],"items_purchased_type":[],"build_version":"2020-12-13","purchased_purges":0,"victory":false,"max_hp_per_floor":[90,90,90,90,90,90,90,90,90,90,90,90,90,90,90,90,90,90,90,90,90,90,90,90],"card_choices":[{"not_picked":["champ:ViciousMockery","champ:CrookedStrike"],"picked":"champ:Lariat","floor":3},{"not_picked":["champ:DefensiveShout","champ:Circumvent"],"picked":"champ:Backstep","floor":5},{"not_picked":["champ:BringItOn","champ:SwordSigil"],"picked":"champ:Improvising","floor":6},{"not_picked":["champ:Aggression","champ:SwordSigil"],"picked":"champ:RageSigil","floor":8},{"not_picked":["champ:BerserkersShout","champ:StanceDance"],"picked":"champ:DefensiveStyle","floor":10},{"not_picked":["champ:ShieldSigil","champ:FanOfKnives"],"picked":"champ:RageSigil","floor":11},{"not_picked":["champ:DeathBlow","champ:TornadoPunch"],"picked":"champ:Shatter","floor":12},{"not_picked":["champ:DefensiveStyle","champ:StanceDance"],"picked":"champ:IgnorePain","floor":14},{"not_picked":["champ:FanOfKnives","champ:ViciousMockery"],"picked":"champ:AdrenalArmor","floor":15},{"not_picked":["champ:DancingMaster","champ:MurderStrike"],"picked":"champ:Improvising","floor":16},{"not_picked":["champ:BerserkersShout","champ:BladeFlurry+1","champ:FanOfKnives"],"picked":"SKIP","floor":19},{"not_picked":["champ:RecklessLeap","champ:Haymaker+1"],"picked":"champ:ShieldWall","floor":20},{"not_picked":["champ:BringItOn","champ:StanceDance","champ:SwordThrow"],"picked":"SKIP","floor":21}],"player_experience":463644,"relics_obtained":[{"floor":6,"key":"Turnip"},{"floor":7,"key":"Centennial Puzzle"},{"floor":8,"key":"War Paint"},{"floor":10,"key":"HornCleat"},{"floor":13,"key":"Bronze Scales"},{"floor":21,"key":"MawBank"}],"event_choices":[{"cards_removed":["champ:Strike"],"damage_healed":0,"gold_gain":0,"player_choice":"Offered Basic","damage_taken":0,"max_hp_gain":0,"max_hp_loss":0,"event_name":"Bonfire Elementals","floor":2,"gold_loss":0}],"is_beta":false,"boss_relics":[{"not_picked":["Busted Crown","SlaversCollar"],"picked":"Pandora\u0027s Box"}],"items_purged_floors":[],"is_endless":false,"potions_floor_spawned":[10,12,15,21],"killed_by":"Shelled Parasite and Fungi","ascension_level":0}}