{"host":"Charlie","time":1608517904,"event":{"mods":["Aspiration","BaseMod","Better Match","Better Skull","Better Third Choice","BetterRewards","ChefMod","Colored Map","Colored Powertips","Conspire","Curses Come First","Downfall","Ekko","Friendly Minions","Halation","Hermit","Hubris","Infinite Spire","Luminous","Melee Mod","Minty Spire (QoL Compilation)","Quick Restart","Rare Cards Sparkle","Relic Stats","Robot Space Explorer","Shade Mod","Spicy Shops","StSLib","SuperFastMode","Synergy Search","The Animator","The Blue Laboratory","The Cursed","The Dragon Tamer","The Factory","The Gatherer","The Jungle","The Marked","The Necromancer","Unceasing Turn Reminder","vexMod"],"gold_per_floor":[113,38,38,0,0,26,26,44,44,74,88,88,104,121,121,121,121],"floor_reached":16,"playtime":458,"items_purged":["Slimebound:Icky"],"score":110,"play_id":"511bad59-3f9a-4929-8b20-079738075f28","local_time":"20201220183144","is_ascension_mode":false,"campfire_choices":[{"data":"theMarked:Overcharge","floor":12,"key":"SMITH"},{"floor":15,"key":"REST"}],"circlet_count":0,"master_deck":["theMarked:Strike","theMarked:Strike","theMarked:Strike","theMarked:Strike","theMarked:Strike","theMarked:Defend","theMarked:Defend","theMarked:Defend","theMarked:Defend","theMarked:SoldierOfQuellstein","theMarked:ElectricStrings","Enlightenment","theMarked:MysticalArsenal","Regret","theMarked:Overcharge+1"],"relics":["theMarked:ArtifactOfAir","aspiration:DSix","aspiration:HiddenCompartment","PreservedInsect","hubris:SphereOfDissonance","vexMod:BerryBomb","infinitespire:Eraser"],"acts_visited":["Exordium"],"potions_floor_usage":[6],"damage_taken":[{"damage":0,"enemies":"Cultist","floor":1,"turns":4},{"damage":30,"enemies":"3 Sentries","floor":6,"turns":6},{"damage":0,"enemies":"Small Slimes","floor":8,"turns":3},{"damage":28,"enemies":"Lagavulin","floor":10,"turns":5},{"damage":0,"enemies":"2 Louse","floor":11,"turns":2},{"damage":4,"enemies":"Blue Slaver","floor":13,"turns":3},{"damage":8,"enemies":"Lots of Slimes","floor":14,"turns":2},{"damage":36,"enemies":"The Guardian","floor":16,"turns":5}],"seed_played":"-3923788376953635609","potions_obtained":[{"floor":1,"key":"SteroidPotion"},{"floor":11,"key":"SteroidPotion"},{"floor":13,"key":"blueLaboratory:PhilterOfMotion"}],"is_trial":false,"path_per_floor":["M","$","?","?","?","E","?","M","T","E","M","R","M","M","R","B"],"character_chosen":"THE_DEFAULT","items_purchased":[],"campfire_rested":1,"item_purchase_floors":[],"current_hp_per_floor":[70,70,70,76,76,46,46,46,52,24,24,24,20,12,36,0,0],"gold":121,"neow_bonus":"ONE_RARE_RELIC","is_daily":false,"chose_seed":false,"campfire_upgraded":1,"win_rate":0.0,"timestamp":1608517904,"path_taken":["M","?","?","?","?","E","?","?","T","E","M","R","?","M","R","BOSS"],"items_purchased_type":[],"build_version":"2020-12-18","purchased_purges":1,"victory":false,"max_hp_per_floor":[70,70,70,76,76,76,76,76,82,82,82,82,82,82,82,82,82],"relic_stats":{"counters":[8,30],"PreservedInsect":28,"obtain_stats":[{"theMarked:ArtifactOfAir":0,"hubris:SphereOfDissonance":7,"vexMod:BerryBomb":9,"PreservedInsect":6,"infinitespire:Eraser":10,"aspiration:DSix":0,"aspiration:HiddenCompartment":5},{"theMarked:ArtifactOfAir":0,"hubris:SphereOfDissonance":2,"vexMod:BerryBomb":3,"PreservedInsect":2,"infinitespire:Eraser":4,"aspiration:DSix":0,"aspiration:HiddenCompartment":1},{"theMarked:ArtifactOfAir":0,"hubris:SphereOfDissonance":10,"vexMod:BerryBomb":13,"PreservedInsect":10,"infinitespire:Eraser":18,"aspiration:DSix":0,"aspiration:HiddenCompartment":4}]},"card_choices":[{"not_picked":["theMarked:EnhancedHearing","theMarked:Frustration"],"picked":"theMarked:ElectricStrings","floor":1},{"not_picked":["theMarked:RepellingDischarge","theMarked:WastefulAttack"],"picked":"theMarked:MysticalArsenal","floor":6},{"not_picked":["theMarked:ChainLightning","theMarked:Electrify"],"picked":"theMarked:Overcharge","floor":8},{"not_picked":["theMarked:SwordAndMagic","theMarked:SelfDefenseTraining","theMarked:TwofoldDefense"],"picked":"SKIP","floor":10},{"not_picked":["theMarked:ChainLightning","theMarked:Electrocute","theMarked:Frustration"],"picked":"SKIP","floor":11},{"not_picked":["theMarked:Parkour","theMarked:SwordAndMagic","theMarked:Static"],"picked":"SKIP","floor":13},{"not_picked":["theMarked:ChainLightning","theMarked:Improvise","theMarked:ReduceFriction"],"picked":"SKIP","floor":14}],"player_experience":436269,"relics_obtained":[{"floor":5,"key":"aspiration:HiddenCompartment"},{"floor":6,"key":"PreservedInsect"},{"floor":9,"key":"vexMod:BerryBomb"},{"floor":10,"key":"infinitespire:Eraser"}],"event_choices":[{"damage_healed":0,"gold_gain":0,"player_choice":"Leave","damage_taken":0,"max_hp_gain":0,"max_hp_loss":0,"event_name":"conspire:Investor","floor":3,"gold_loss":0},{"damage_healed":0,"gold_gain":0,"player_choice":"RENOUNCE","damage_taken":38,"max_hp_gain":0,"max_hp_loss":0,"event_name":"betterThird:BetterSerpent","floor":4,"gold_loss":38,"cards_obtained":["Enlightenment"]},{"damage_healed":0,"gold_gain":0,"player_choice":"Box","damage_taken":0,"relics_obtained":["hubris:SphereOfDissonance"],"max_hp_gain":0,"max_hp_loss":0,"event_name":"Big Fish","floor":7,"gold_loss":0,"cards_obtained":["Regret"]}],"is_beta":true,"boss_relics":[],"items_purged_floors":[2],"is_endless":false,"potions_floor_spawned":[1,11,13],"killed_by":"The Guardian","ascension_level":0}}