{"host":"5z7rhcocprldured","time":1608512794,"event":{"mods":["2.2 Compatiblity","AchievementEnabler","BaseMod","Best Route Mod","Better Altar","Better Match","Better Note","Better Sensory Stone","Better Skull","Better Third Choice","BetterRewards","Block Reminder","Colored Map","Colored Powertips","Emptier Cage","Googly Eyes","Hermit","Minty Spire (QoL Compilation)","Permanent Neow","Potionbrewer","Rare Cards Sparkle","StSLib","Synergy Search","The Hierophant","The Runesmith","Unceasing Turn Reminder"],"gold_per_floor":[99,99,99,99,99,99,99,99,99,99,99,99,99,99,99,99,99,99,99,99,99,99,99,99,99,99,99,99,99,99,99,99,99,99],"floor_reached":33,"playtime":1502,"items_purged":[],"score":289,"play_id":"508346da-07ca-4ba4-afba-136836df66d2","local_time":"20201221010634","is_ascension_mode":false,"campfire_choices":[{"data":"Dualcast","floor":6,"key":"SMITH"},{"data":"Lockon","floor":10,"key":"SMITH"},{"data":"Zap","floor":13,"key":"SMITH"},{"data":"Conserve Battery","floor":15,"key":"SMITH"},{"floor":25,"key":"REST"},{"data":"Echo Form","floor":27,"key":"SMITH"},{"floor":32,"key":"REST"}],"circlet_count":0,"master_deck":["Strike_B","Strike_B","Strike_B","Strike_B","Defend_B+1","Defend_B","Defend_B","Defend_B","Zap+1","Dualcast+1","Glacier","Double Energy","Gash","Conserve Battery+1","Lockon+1","Rainbow+1","Darkness","Echo Form+1","Self Repair","Barrage+1","Darkness+1","Chill","Stack+1"],"relics":["Ectoplasm","FossilizedHelix","Thread and Needle","PreservedInsect","Black Star","Blood Vial","CaptainsWheel","StoneCalendar","InkBottle","Akabeko","War Paint","Enchiridion"],"acts_visited":["Exordium","TheCity"],"potions_floor_usage":[22],"damage_taken":[{"damage":1,"enemies":"Cultist","floor":1,"turns":4},{"damage":0,"enemies":"Jaw Worm","floor":2,"turns":4},{"damage":9,"enemies":"2 Louse","floor":3,"turns":5},{"damage":0,"enemies":"2 Fungi Beasts","floor":5,"turns":5},{"damage":14,"enemies":"Lagavulin","floor":7,"turns":10},{"damage":0,"enemies":"3 Louse","floor":11,"turns":3},{"damage":0,"enemies":"Exordium Wildlife","floor":12,"turns":5},{"damage":32,"enemies":"Hexaghost","floor":16,"turns":14},{"damage":0,"enemies":"Shell Parasite","floor":18,"turns":5},{"damage":7,"enemies":"3 Byrds","floor":20,"turns":6},{"damage":0,"enemies":"Snake Plant","floor":22,"turns":3},{"damage":25,"enemies":"Slavers","floor":23,"turns":8},{"damage":16,"enemies":"3 Cultists","floor":24,"turns":7},{"damage":31,"enemies":"Gremlin Leader","floor":28,"turns":7},{"damage":0,"enemies":"Cultist and Chosen","floor":29,"turns":6},{"damage":0,"enemies":"Snake Plant","floor":31,"turns":5},{"damage":57,"enemies":"Collector","floor":33,"turns":6}],"seed_played":"959330338653499686","potions_obtained":[{"floor":3,"key":"potionbrewer:AcidPotion"},{"floor":7,"key":"SteroidPotion"},{"floor":12,"key":"Regen Potion"},{"floor":20,"key":"potionbrewer:NoxiousPotion"},{"floor":28,"key":"Weak Potion"}],"is_trial":false,"path_per_floor":["M","M","M","$","M","R","E","?","T","R","M","M","R","T","R","B",null,"M","?","M","?","M","E","M","R","T","R","E","M","?","M","R","B"],"character_chosen":"DEFECT","items_purchased":[],"campfire_rested":2,"item_purchase_floors":[],"current_hp_per_floor":[74,74,65,65,65,65,51,51,51,51,51,51,51,51,51,19,75,75,55,50,35,42,26,19,41,41,41,19,28,12,21,43,0,0],"gold":99,"neow_bonus":"BOSS_RELIC","is_daily":false,"chose_seed":false,"campfire_upgraded":5,"win_rate":0.0,"timestamp":1608512794,"path_taken":["M","M","?","$","M","R","E","?","T","R","?","M","R","?","R","BOSS","M","?","M","?","M","E","M","R","T","R","E","M","?","?","R","BOSS"],"items_purchased_type":[],"build_version":"2020-12-13","purchased_purges":0,"victory":false,"max_hp_per_floor":[75,75,75,75,75,75,75,75,75,75,75,75,75,75,75,75,75,75,75,75,75,75,75,75,75,75,75,75,75,75,75,75,75,75],"card_choices":[{"not_picked":["Turbo","Sunder"],"picked":"Glacier","floor":1},{"not_picked":["Sweeping Beam","BootSequence"],"picked":"Double Energy","floor":2},{"not_picked":["Compile Driver","Steam"],"picked":"Gash","floor":3},{"not_picked":["Rebound","Compile Driver"],"picked":"Conserve Battery","floor":5},{"not_picked":["Cold Snap","Thunder Strike"],"picked":"Lockon","floor":7},{"not_picked":["Recycle","Ball Lightning","Steam"],"picked":"SKIP","floor":11},{"not_picked":["Steam","Ball Lightning","Force Field"],"picked":"SKIP","floor":12},{"not_picked":["Biased Cognition","Machine Learning"],"picked":"Rainbow","floor":16},{"not_picked":["Double Energy","Undo"],"picked":"Darkness","floor":18},{"not_picked":["Conserve Battery","Hologram","Consume"],"picked":"SKIP","floor":20},{"not_picked":["Steam","Cold Snap"],"picked":"Self Repair","floor":22},{"not_picked":["Leap","Creative AI"],"picked":"Barrage+1","floor":23},{"not_picked":["Storm","Streamline"],"picked":"Darkness+1","floor":24},{"not_picked":["Streamline","Stack"],"picked":"Chill","floor":28},{"not_picked":["Aggregate","Redo"],"picked":"Stack+1","floor":29},{"not_picked":["Steam+1","Beam Cell","Undo"],"picked":"SKIP","floor":31}],"player_experience":146925,"relics_obtained":[{"floor":7,"key":"FossilizedHelix"},{"floor":9,"key":"Thread and Needle"},{"floor":14,"key":"PreservedInsect"},{"floor":23,"key":"CaptainsWheel"},{"floor":23,"key":"StoneCalendar"},{"floor":26,"key":"InkBottle"},{"floor":28,"key":"Akabeko"},{"floor":28,"key":"War Paint"},{"floor":30,"key":"Enchiridion"}],"event_choices":[{"damage_healed":0,"gold_gain":0,"player_choice":"Ignored","damage_taken":0,"max_hp_gain":0,"max_hp_loss":0,"event_name":"betterNote:BetterNote","floor":8,"gold_loss":0,"cards_obtained":["Strike_R"]},{"damage_healed":0,"gold_gain":0,"player_choice":" Vial ","damage_taken":20,"relics_obtained":["Blood Vial"],"max_hp_gain":75,"max_hp_loss":55,"event_name":"betterAltar:BetterAltar","floor":19,"potions_obtained":[],"relics_lost":[],"gold_loss":0},{"damage_healed":0,"gold_gain":2,"player_choice":"2","damage_taken":0,"max_hp_gain":0,"max_hp_loss":15,"event_name":"betterStone:BetterStone","floor":21,"gold_loss":0},{"damage_healed":0,"gold_gain":0,"player_choice":"Obtained Book","damage_taken":16,"max_hp_gain":0,"max_hp_loss":0,"event_name":"Cursed Tome","floor":30,"gold_loss":0}],"is_beta":false,"boss_relics":[{"not_picked":["SacredBark","Velvet Choker"],"picked":"Black Star"}],"items_purged_floors":[],"is_endless":false,"potions_floor_spawned":[3,7,12,20,28,29],"killed_by":"Collector","ascension_level":0}}