{"host":"dcj2yvrgcvh5dl2s","time":1608510454,"event":{"mods":["BaseMod","Better Note","Block Reminder","Colored Powertips","DeckTracker","Minty Spire (QoL Compilation)","Quick Restart","Rare Cards Sparkle","Relic Stats","StSLib"],"gold_per_floor":[112,112,187,202,215,215,242,242,268,285,299,331,344,344,344],"floor_reached":14,"playtime":687,"items_purged":[],"score":163,"play_id":"10002ed5-88d2-40c0-9f45-87c0bd25d6d4","local_time":"20201221102734","is_ascension_mode":true,"campfire_choices":[{"data":"Body Slam","floor":6,"key":"SMITH"},{"data":"Disarm","floor":8,"key":"SMITH"}],"circlet_count":0,"master_deck":["AscendersBane","Strike_R","Strike_R","Strike_R","Strike_R","Defend_R","Defend_R","Defend_R","Defend_R","Bash","Disarm+1","Body Slam+1","Cleave","Inflame","Metallicize","Limit Break","Heavy Blade","Dropkick"],"relics":["Burning Blood","NeowsBlessing","Nunchaku","Bag of Preparation","Smiling Mask"],"acts_visited":["Exordium"],"potions_floor_usage":[10,12,14],"damage_taken":[{"damage":0,"enemies":"Jaw Worm","floor":1,"turns":1},{"damage":0,"enemies":"2 Louse","floor":4,"turns":1},{"damage":0,"enemies":"Cultist","floor":5,"turns":1},{"damage":36,"enemies":"Gremlin Nob","floor":7,"turns":5},{"damage":6,"enemies":"2 Fungi Beasts","floor":10,"turns":3},{"damage":0,"enemies":"Large Slime","floor":11,"turns":5},{"damage":37,"enemies":"3 Sentries","floor":12,"turns":9},{"damage":16,"enemies":"Lots of Slimes","floor":13,"turns":4},{"damage":23,"enemies":"Lagavulin","floor":14,"turns":6}],"seed_played":"-893597234684877296","potions_obtained":[{"floor":5,"key":"Fire Potion"},{"floor":7,"key":"BlessingOfTheForge"},{"floor":12,"key":"Fruit Juice"}],"is_trial":false,"path_per_floor":["M","?","?","M","M","R","E","R","T","M","M","E","M","E"],"character_chosen":"IRONCLAD","items_purchased":[],"campfire_rested":0,"item_purchase_floors":[],"current_hp_per_floor":[78,71,60,66,72,72,42,42,42,42,48,22,12,0,0],"gold":344,"neow_bonus":"THREE_ENEMY_KILL","is_daily":false,"chose_seed":false,"campfire_upgraded":2,"win_rate":0.0,"timestamp":1608510454,"path_taken":["M","?","?","M","?","R","E","R","T","M","M","E","M","E"],"items_purchased_type":[],"build_version":"2020-12-13","purchased_purges":0,"victory":false,"max_hp_per_floor":[80,80,80,80,80,80,80,80,80,80,80,85,85,85,85],"relic_stats":{"Nunchaku":[4],"counters":[9,35],"Bag of Preparation":[10],"Smiling Mask":0,"obtain_stats":[{"Nunchaku":7,"NeowsBlessing":0,"Bag of Preparation":9,"Smiling Mask":12,"Burning Blood":0},{"Nunchaku":4,"NeowsBlessing":0,"Bag of Preparation":4,"Smiling Mask":7,"Burning Blood":0},{"Nunchaku":8,"NeowsBlessing":0,"Bag of Preparation":8,"Smiling Mask":25,"Burning Blood":0}],"Burning Blood":48},"card_choices":[{"not_picked":["Armaments","Burning Pact"],"picked":"Disarm","floor":1},{"not_picked":["Wild Strike","Clothesline"],"picked":"Body Slam","floor":4},{"not_picked":["Wild Strike","Iron Wave"],"picked":"Cleave","floor":5},{"not_picked":["Intimidate","Metallicize"],"picked":"Inflame","floor":7},{"not_picked":["Thunderclap","Hemokinesis"],"picked":"Metallicize","floor":10},{"not_picked":["Searing Blow","Flame Barrier"],"picked":"Limit Break","floor":11},{"not_picked":["Warcry","Flex"],"picked":"Heavy Blade","floor":12},{"not_picked":["Clash","Intimidate"],"picked":"Dropkick","floor":13}],"player_experience":1992872,"relics_obtained":[{"floor":7,"key":"Nunchaku"},{"floor":9,"key":"Bag of Preparation"},{"floor":12,"key":"Smiling Mask"}],"event_choices":[{"cards_removed":["Strike_R"],"damage_healed":0,"gold_gain":0,"player_choice":"Card Removal","damage_taken":7,"max_hp_gain":0,"max_hp_loss":0,"event_name":"Golden Wing","floor":2,"gold_loss":0},{"damage_healed":0,"gold_gain":75,"player_choice":"Gather Gold","damage_taken":11,"max_hp_gain":0,"max_hp_loss":0,"event_name":"World of Goop","floor":3,"gold_loss":0}],"is_beta":false,"boss_relics":[],"items_purged_floors":[],"is_endless":false,"potions_floor_spawned":[5,7,12],"killed_by":"Lagavulin","ascension_level":12}}