{"host":"baymyijz6sxaqj5s","time":1608543162,"event":{"mods":["AchievementEnabler","BaseMod","Colored Map","Colored Powertips","DeckTracker","KOR Keyword Fix","Keyboard Shortcuts","Minty Spire (QoL Compilation)","StSLib","SuperFastMode"],"gold_per_floor":[119,134,152,227,107,107,121,137,160,175,190,204,204,220,220,319,319,331,331,349,227,246,246,262,262,262],"floor_reached":25,"playtime":832,"items_purged":["Strike_R","Strike_R"],"score":201,"play_id":"fe6d94b5-f350-4616-a5d7-15240ffab5c6","local_time":"20201221183242","is_ascension_mode":false,"campfire_choices":[{"data":"Body Slam","floor":6,"key":"SMITH"},{"data":"Entrench","floor":13,"key":"SMITH"},{"floor":15,"key":"REST"},{"floor":23,"key":"REST"}],"circlet_count":0,"master_deck":["Defend_R","Defend_R","Defend_R","Defend_R","Bash","Body Slam+1","Entrench+1","Shrug It Off","Ghostly Armor","Spot Weakness","Headbutt","Heavy Blade","Offering","Searing Blow+1","Brutality+1","Seeing Red","Cleave","Sword Boomerang"],"relics":["Burning Blood","Red Skull","Astrolabe","Oddly Smooth Stone"],"acts_visited":["Exordium","TheCity"],"potions_floor_usage":[2,10,16,22],"damage_taken":[{"damage":1,"enemies":"Cultist","floor":1,"turns":3},{"damage":15,"enemies":"Jaw Worm","floor":2,"turns":4},{"damage":2,"enemies":"Small Slimes","floor":3,"turns":4},{"damage":20,"enemies":"Exordium Thugs","floor":7,"turns":8},{"damage":0,"enemies":"Looter","floor":8,"turns":4},{"damage":4,"enemies":"Gremlin Gang","floor":10,"turns":4},{"damage":8,"enemies":"Exordium Thugs","floor":11,"turns":6},{"damage":7,"enemies":"Blue Slaver","floor":12,"turns":4},{"damage":12,"enemies":"Large Slime","floor":14,"turns":4},{"damage":41,"enemies":"The Guardian","floor":16,"turns":11},{"damage":26,"enemies":"Shell Parasite","floor":18,"turns":8},{"damage":52,"enemies":"Spheric Guardian","floor":20,"turns":7},{"damage":36,"enemies":"Snecko","floor":22,"turns":6},{"damage":15,"enemies":"Snake Plant","floor":24,"turns":4},{"damage":27,"enemies":"3 Cultists","floor":25,"turns":4}],"seed_played":"-7897165861824824819","potions_obtained":[{"floor":1,"key":"Dexterity Potion"},{"floor":3,"key":"Weak Potion"},{"floor":8,"key":"Explosive Potion"},{"floor":10,"key":"ElixirPotion"},{"floor":16,"key":"ElixirPotion"},{"floor":20,"key":"Regen Potion"}],"is_trial":false,"path_per_floor":["M","M","M","?","$","R","M","M","T","M","M","M","R","M","R","B",null,"M","?","M","$","M","R","M","M"],"character_chosen":"IRONCLAD","items_purchased":["Shrug It Off","Cleave"],"campfire_rested":2,"item_purchase_floors":[5,21],"current_hp_per_floor":[88,79,83,72,72,72,58,64,64,66,64,63,63,57,83,48,88,68,68,22,22,7,33,24,0,0],"gold":262,"neow_bonus":"TEN_PERCENT_HP_BONUS","is_daily":false,"chose_seed":false,"campfire_upgraded":2,"win_rate":0.0,"timestamp":1608543162,"path_taken":["M","?","M","?","?","R","M","M","T","M","M","?","R","M","R","BOSS","M","?","M","?","M","R","M","M"],"items_purchased_type":["Card","Card"],"build_version":"2020-12-13","purchased_purges":2,"victory":false,"max_hp_per_floor":[88,88,88,88,88,88,88,88,88,88,88,88,88,88,88,88,88,88,88,88,88,88,88,88,88,88],"card_choices":[{"not_picked":["Combust","Rupture"],"picked":"Body Slam","floor":1},{"not_picked":["Iron Wave","Disarm","Clothesline"],"picked":"SKIP","floor":2},{"not_picked":["Headbutt","Pummel"],"picked":"Entrench","floor":3},{"not_picked":["Wild Strike","Havoc","Perfected Strike"],"picked":"SKIP","floor":7},{"not_picked":["True Grit","Cleave"],"picked":"Ghostly Armor","floor":8},{"not_picked":["Flex","Shrug It Off"],"picked":"Spot Weakness","floor":10},{"not_picked":["Battle Trance","Fire Breathing","Iron Wave"],"picked":"SKIP","floor":11},{"not_picked":["Bludgeon","Dropkick"],"picked":"Headbutt","floor":12},{"not_picked":["Twin Strike","Headbutt"],"picked":"Heavy Blade","floor":14},{"not_picked":["Feed","Exhume"],"picked":"Offering","floor":16},{"not_picked":["Headbutt","Body Slam+1","Perfected Strike"],"picked":"SKIP","floor":18},{"not_picked":["Sword Boomerang+1","Warcry+1"],"picked":"Seeing Red","floor":20},{"not_picked":["Evolve+1","Intimidate+1"],"picked":"Sword Boomerang","floor":22},{"not_picked":["Pummel","Flex","Dropkick"],"picked":"SKIP","floor":24}],"player_experience":160257,"relics_obtained":[{"floor":9,"key":"Red Skull"}],"event_choices":[{"damage_healed":0,"gold_gain":75,"player_choice":"Gather Gold","damage_taken":11,"max_hp_gain":0,"max_hp_loss":0,"event_name":"World of Goop","floor":4,"gold_loss":0},{"cards_removed":["Anger"],"damage_healed":0,"gold_gain":0,"player_choice":"Gave Card","damage_taken":0,"relics_obtained":["Oddly Smooth Stone"],"max_hp_gain":0,"max_hp_loss":0,"event_name":"WeMeetAgain","floor":19,"gold_loss":0}],"is_beta":false,"boss_relics":[{"not_picked":["SacredBark","Mark of Pain"],"picked":"Astrolabe"}],"items_purged_floors":[5,21],"is_endless":false,"potions_floor_spawned":[1,3,8,10,16,20],"killed_by":"3 Cultists","ascension_level":0}}