{"host":"esx1hwjnbftf3eqj","time":1608509707,"event":{"mods":["BaseMod","Colored Map","Minty Spire (QoL Compilation)","StSLib","The Jungle"],"gold_per_floor":[115,135,66,80,80,80,113,113,113,63,86,122,143,143,143,266,266,279,7,31,31,44,44,79,79,79,93,127,127,155,255,255,356,356,376,68,68,68,83,116,116,149,149,149,162,162,192,216,228,240],"floor_reached":51,"playtime":7509,"items_purged":["Concentrate"],"score":1124,"play_id":"4fba81a2-0de4-4ff6-b034-a1dea80f1c6a","local_time":"20201220161507","is_ascension_mode":true,"campfire_choices":[{"data":"Glass Knife","floor":6,"key":"SMITH"},{"data":"Neutralize","floor":8,"key":"SMITH"},{"floor":15,"key":"REST"},{"data":"Malaise","floor":23,"key":"SMITH"},{"data":"After Image","floor":25,"key":"SMITH"},{"data":"Burst","floor":29,"key":"SMITH"},{"data":"Bullet Time","floor":32,"key":"SMITH"},{"data":"Well Laid Plans","floor":41,"key":"SMITH"},{"data":"Envenom","floor":44,"key":"SMITH"},{"data":"Doppelganger","floor":46,"key":"SMITH"},{"data":"A Thousand Cuts","floor":49,"key":"SMITH"}],"circlet_count":0,"master_deck":["Survivor","Neutralize+1","Cloak And Dagger","Slice","Glass Knife+1","Deadly Poison","Bullet Time+1","PiercingWail","Dodge and Roll","PiercingWail","Corpse Explosion","Burst+1","Tools of the Trade","PiercingWail","Doppelganger+1","Malaise+1","After Image+1","Noxious Fumes","Poisoned Stab","Backflip+1","Footwork","Deflect","Calculated Gamble+1","Bane","Accuracy","Well Laid Plans+1","Bouncing Flask+1","Calculated Gamble+1","Acrobatics+1","Envenom+1","Footwork","Leg Sweep+1","Sadistic Nature","Accuracy","Deep Breath","Cloak And Dagger+1","Endless Agony+1","Blade Dance+1","A Thousand Cuts+1","Backflip+1"],"relics":["Ring of the Snake","Akabeko","Bloody Idol","Mummified Hand","Singing Bowl","Happy Flower","Pandora\u0027s Box","OrangePellets","Blue Candle","Prayer Wheel","Paper Crane","Kunai","Dead Branch","Letter Opener","Philosopher\u0027s Stone","StoneCalendar","Mango","Shuriken","MawBank"],"acts_visited":["Exordium","TheCity","TheBeyond"],"potions_floor_usage":[13,16,31,31,50],"damage_taken":[{"damage":0,"enemies":"Cultist","floor":1,"turns":3},{"damage":0,"enemies":"Small Slimes","floor":2,"turns":4},{"damage":0,"enemies":"Jaw Worm","floor":4,"turns":3},{"damage":25,"enemies":"Lagavulin","floor":7,"turns":5},{"damage":0,"enemies":"2 Fungi Beasts","floor":11,"turns":2},{"damage":10,"enemies":"3 Sentries","floor":12,"turns":8},{"damage":6,"enemies":"Large Slime","floor":13,"turns":7},{"damage":18,"enemies":"The Guardian","floor":16,"turns":10},{"damage":6,"enemies":"2 Thieves","floor":18,"turns":3},{"damage":5,"enemies":"Spheric Guardian","floor":20,"turns":4},{"damage":0,"enemies":"Centurion and Healer","floor":22,"turns":7},{"damage":0,"enemies":"Gremlin Leader","floor":24,"turns":5},{"damage":0,"enemies":"Cultist and Chosen","floor":27,"turns":7},{"damage":8,"enemies":"Book of Stabbing","floor":28,"turns":5},{"damage":13,"enemies":"Gremlin Leader","floor":30,"turns":9},{"damage":9,"enemies":"Colosseum Slavers","floor":31,"turns":4},{"damage":4,"enemies":"Colosseum Nobs","floor":31,"turns":5},{"damage":4,"enemies":"Automaton","floor":33,"turns":9},{"damage":0,"enemies":"3 Darklings","floor":35,"turns":2},{"damage":0,"enemies":"3 Shapes","floor":39,"turns":2},{"damage":7,"enemies":"Nemesis","floor":40,"turns":7},{"damage":4,"enemies":"Reptomancer","floor":42,"turns":4},{"damage":0,"enemies":"Writhing Mass","floor":45,"turns":4},{"damage":0,"enemies":"Nemesis","floor":47,"turns":5},{"damage":0,"enemies":"Sphere and 2 Shapes","floor":48,"turns":3},{"damage":4,"enemies":"Donu and Deca","floor":50,"turns":4}],"seed_played":"-5796925854723591164","potions_obtained":[{"floor":7,"key":"Block Potion"},{"floor":12,"key":"CultistPotion"},{"floor":16,"key":"EssenceOfSteel"},{"floor":20,"key":"SpeedPotion"},{"floor":22,"key":"FairyPotion"},{"floor":31,"key":"GhostInAJar"},{"floor":39,"key":"ColorlessPotion"}],"is_trial":false,"path_per_floor":["M","M","$","M","?","R","E","R","T","?","M","E","M","?","R","B",null,"M","$","M","?","M","R","E","R","T","M","E","R","E","?","R","B",null,"M","$","?","$","M","E","R","E","T","R","M","R","E","M","R","B",null],"character_chosen":"THE_SILENT","items_purchased":["Glass Knife","Footwork","OrangePellets","Deflect","Sadistic Nature","Accuracy"],"campfire_rested":1,"item_purchase_floors":[3,19,19,19,36,36],"current_hp_per_floor":[63,63,63,63,46,46,21,21,21,21,21,11,5,28,49,31,60,54,54,49,49,54,54,59,59,59,64,61,61,55,47,47,48,66,71,71,71,71,76,74,74,89,89,89,92,92,92,94,94,90],"gold":252,"neow_bonus":"RANDOM_COMMON_RELIC","is_daily":false,"chose_seed":false,"campfire_upgraded":10,"win_rate":0.0,"timestamp":1608509707,"path_taken":["M","M","?","M","?","R","E","R","T","?","M","E","?","?","R","BOSS","M","$","M","?","M","R","E","R","T","M","E","R","E","?","R","BOSS","M","$","?","?","M","E","R","E","T","R","M","R","E","M","R","BOSS"],"items_purchased_type":["Card","Card","Relic","Card","Card","Card"],"build_version":"2020-12-13","purchased_purges":1,"victory":true,"max_hp_per_floor":[70,70,70,70,70,70,70,70,70,70,70,70,70,70,70,70,70,70,70,70,70,70,70,70,70,70,70,70,70,72,72,72,72,72,72,72,72,72,76,76,76,90,90,90,92,92,92,94,94,94],"card_choices":[{"not_picked":["Sucker Punch","Backstab"],"picked":"Cloak And Dagger","floor":1},{"not_picked":["Sucker Punch","Dagger Throw"],"picked":"Slice","floor":2},{"not_picked":["Eviscerate","Underhanded Strike"],"picked":"Deadly Poison","floor":4},{"not_picked":["Distraction","Riddle With Holes"],"picked":"Bullet Time","floor":7},{"not_picked":["Sucker Punch","Eviscerate"],"picked":"PiercingWail","floor":11},{"not_picked":["Deadly Poison","Cloak And Dagger"],"picked":"Dodge and Roll","floor":12},{"not_picked":["Noxious Fumes","Quick Slash"],"picked":"PiercingWail","floor":13},{"not_picked":["After Image","Phantasmal Killer"],"picked":"Corpse Explosion","floor":16},{"not_picked":["Heel Hook","Sucker Punch"],"picked":"Backflip+1","floor":18},{"not_picked":["Terror","Dagger Throw"],"picked":"Calculated Gamble+1","floor":20},{"not_picked":["Underhanded Strike","Noxious Fumes"],"picked":"Bane","floor":22},{"not_picked":["Tactician","Outmaneuver"],"picked":"Accuracy","floor":24},{"not_picked":["Eviscerate","Blade Dance"],"picked":"Well Laid Plans","floor":27},{"not_picked":["Predator","Escape Plan"],"picked":"Bouncing Flask+1","floor":27},{"not_picked":["Slice","Backflip"],"picked":"Calculated Gamble+1","floor":28},{"not_picked":["Dagger Throw+1","Underhanded Strike+1","Deflect"],"picked":"Singing Bowl","floor":30},{"not_picked":["Burst","Well Laid Plans"],"picked":"Acrobatics+1","floor":31},{"not_picked":["Bullet Time","Doppelganger"],"picked":"Envenom","floor":33},{"not_picked":["Dagger Throw+1","Cloak And Dagger+1"],"picked":"Footwork","floor":35},{"not_picked":["Tactician+1","Flying Knee"],"picked":"Leg Sweep+1","floor":35},{"not_picked":["Tactician+1","Prepared","Leg Sweep"],"picked":"Singing Bowl","floor":39},{"not_picked":["Outmaneuver+1","Dagger Throw","All Out Attack"],"picked":"Singing Bowl","floor":39},{"not_picked":["Envenom","Caltrops+1"],"picked":"Cloak And Dagger+1","floor":40},{"not_picked":["Eviscerate","Slice+1"],"picked":"Endless Agony+1","floor":42},{"not_picked":["Slice+1","Deadly Poison","Heel Hook+1"],"picked":"Singing Bowl","floor":45},{"not_picked":["Acrobatics+1","Slice+1"],"picked":"Blade Dance+1","floor":45},{"not_picked":["Cloak And Dagger","Dagger Spray"],"picked":"A Thousand Cuts","floor":47},{"not_picked":["Choke","Dagger Throw+1","Terror"],"picked":"Singing Bowl","floor":48},{"not_picked":["Sucker Punch","Flying Knee"],"picked":"Backflip+1","floor":48}],"player_experience":525334,"relics_obtained":[{"floor":7,"key":"Mummified Hand"},{"floor":9,"key":"Singing Bowl"},{"floor":12,"key":"Happy Flower"},{"floor":24,"key":"Blue Candle"},{"floor":26,"key":"Prayer Wheel"},{"floor":28,"key":"Paper Crane"},{"floor":30,"key":"Kunai"},{"floor":31,"key":"Dead Branch"},{"floor":31,"key":"Letter Opener"},{"floor":40,"key":"StoneCalendar"},{"floor":42,"key":"Mango"},{"floor":43,"key":"Shuriken"},{"floor":47,"key":"MawBank"}],"event_choices":[{"damage_healed":0,"gold_gain":0,"player_choice":"Take Damage","damage_taken":17,"relics_obtained":["Golden Idol"],"max_hp_gain":0,"max_hp_loss":0,"event_name":"Golden Idol","floor":5,"gold_loss":0},{"cards_removed":["Strike_G"],"damage_healed":0,"gold_gain":0,"player_choice":"Card Removal","damage_taken":0,"max_hp_gain":0,"max_hp_loss":0,"event_name":"The Cleric","floor":10,"gold_loss":50},{"damage_healed":23,"gold_gain":0,"player_choice":"Banana","damage_taken":0,"max_hp_gain":0,"max_hp_loss":0,"event_name":"Big Fish","floor":14,"gold_loss":0},{"damage_healed":0,"gold_gain":0,"player_choice":"Gave Idol","damage_taken":0,"relics_obtained":["Bloody Idol"],"max_hp_gain":0,"max_hp_loss":0,"event_name":"Forgotten Altar","floor":21,"relics_lost":["Golden Idol"],"gold_loss":0},{"damage_healed":0,"gold_gain":0,"player_choice":"Fight","damage_taken":0,"max_hp_gain":0,"max_hp_loss":0,"event_name":"Colosseum","floor":31,"gold_loss":0},{"damage_healed":0,"gold_gain":0,"player_choice":"Fought Nobs","damage_taken":0,"max_hp_gain":0,"max_hp_loss":0,"event_name":"Colosseum","floor":31,"gold_loss":0},{"damage_healed":0,"gold_gain":0,"player_choice":"1 cards matched","damage_taken":0,"max_hp_gain":0,"max_hp_loss":0,"event_name":"Match and Keep!","floor":37,"gold_loss":0,"cards_obtained":["Deep Breath"]}],"is_beta":false,"boss_relics":[{"not_picked":["Calling Bell","Fusion Hammer"],"picked":"Pandora\u0027s Box"},{"not_picked":["Runic Pyramid","Runic Dome"],"picked":"Philosopher\u0027s Stone"}],"items_purged_floors":[36],"is_endless":false,"potions_floor_spawned":[7,12,16,20,22,31,31,39,40,45],"ascension_level":6}}