{"host":"axbb6sj12fvt0d3b","time":1608528835,"event":{"mods":["AchievementEnabler","BaseMod","Better Altar","Better Match","Better Note","Better Sensory Stone","Better Skull","Better Third Choice","BetterRewards","Colored Map","Conspire","Downfall","Hermit","Highlight Path","Infinite Spire","Mimic Mod","Minty Spire (QoL Compilation)","Replay The Spire","Shop Mod","Spicy Shops","StSLib","The Cursed","The Jungle","The Runesmith","The Sage"],"gold_per_floor":[109,109,109,109,127,127,127],"floor_reached":6,"playtime":315,"items_purged":[],"score":34,"play_id":"4dd502f2-5fbe-4727-9092-3ecfdfc6919e","local_time":"20201220233355","is_ascension_mode":false,"campfire_choices":[],"circlet_count":0,"master_deck":["TheCursedMod:Strike_TheCursed","TheCursedMod:Strike_TheCursed","TheCursedMod:Strike_TheCursed","TheCursedMod:Defend_TheCursed","TheCursedMod:Defend_TheCursed+1","TheCursedMod:Defend_TheCursed","TheCursedMod:Defend_TheCursed","TheCursedMod:CursedWand","TheCursedMod:CleanUpWorkshop","TheCursedMod:Dregs","TheCursedMod:SurpriseAttack","TheCursedMod:WearCloak","TheCursedMod:CursedSpellbook"],"relics":["TheCursedMod:BlackMagic101"],"acts_visited":["Exordium"],"potions_floor_usage":[],"damage_taken":[{"damage":0,"enemies":"conspire:RoseBush","floor":1,"turns":4},{"damage":0,"enemies":"2 Louse","floor":5,"turns":3},{"damage":53,"enemies":"Gremlin Nob","floor":6,"turns":4}],"seed_played":"244329094284593731","potions_obtained":[],"is_trial":false,"path_per_floor":["M","?","?","?","M","E"],"character_chosen":"THE_CURSED","items_purchased":[],"campfire_rested":0,"item_purchase_floors":[],"current_hp_per_floor":[75,68,68,72,72,19,19],"gold":127,"neow_bonus":"THREE_CARDS","is_daily":false,"chose_seed":false,"campfire_upgraded":0,"win_rate":0.0,"timestamp":1608528835,"path_taken":["M","?","?","?","M","E"],"items_purchased_type":[],"build_version":"2020-12-13","purchased_purges":0,"victory":false,"max_hp_per_floor":[75,75,75,75,75,75,75],"card_choices":[{"not_picked":["TheCursedMod:SoulCrush","TheCursedMod:BlessingInDisguise"],"picked":"TheCursedMod:SurpriseAttack","floor":0},{"not_picked":["TheCursedMod:Evocation","TheCursedMod:VitalStrike"],"picked":"TheCursedMod:WearCloak","floor":1},{"not_picked":["TheCursedMod:CircleOfFocus","TheCursedMod:Stigma"],"picked":"TheCursedMod:CursedSpellbook","floor":5}],"player_experience":98049,"relics_obtained":[],"event_choices":[{"cards_removed":["TheCursedMod:Strike_TheCursed"],"damage_healed":0,"gold_gain":0,"player_choice":"Card Removal","damage_taken":7,"max_hp_gain":0,"max_hp_loss":0,"event_name":"Golden Wing","floor":2,"gold_loss":0},{"damage_healed":4,"gold_gain":0,"player_choice":"LEAVE ","damage_taken":0,"relics_obtained":[],"max_hp_gain":0,"max_hp_loss":0,"event_name":"betterSkull:BetterSkull","floor":4,"gold_loss":0,"cards_upgraded":[]}],"is_beta":false,"boss_relics":[],"items_purged_floors":[],"is_endless":false,"potions_floor_spawned":[],"killed_by":"Gremlin Nob","ascension_level":0}}