{"host":"pf9sh7nh6rpu9sau","time":1608570014,"event":{"mods":["2.2 Compatiblity","BaseMod","BetterRewards","Downfall","Hermit","Hubris","Mad Scientist","Minty Spire (QoL Compilation)","Permanent Neow","Quick Restart","Replay The Spire","Somnambulant","StSLib","The Clintock","The Cursed","The Disciple","The Hierophant","The Necromancer","The Runesmith","The Servant 0.9.4","TheVacant"],"gold_per_floor":[349,36,36,36,78,118,130,183,195,241,264,626,638,674,705,817,829,766,804,836,546,546,576,599,620,445,445,445,465,405,428,438,543,543,468,468,468,503,503,503,530,549,549,549,549],"floor_reached":43,"playtime":3403,"items_purged":["hexamod:Strike","SwitchConfidence","ReplayTheSpireMod:Doomed"],"score":492,"play_id":"64d8b1ff-143a-4409-b2b3-d9414194442f","local_time":"20201221120014","is_ascension_mode":false,"campfire_choices":[{"data":"hexamod:Strike","floor":1.0,"key":"PURGE"},{"data":"Apotheosis","floor":3.0,"key":"SMITH"},{"floor":18.0,"key":"RECALL"},{"floor":27.0,"key":"REST"},{"data":"hexamod:TimeOfNeed","floor":37.0,"key":"SMITH"},{"floor":39.0,"key":"REST"}],"circlet_count":0,"master_deck":["hexamod:Strike","hexamod:Defend","hexamod:Defend+1","hexamod:Defend","hexamod:Defend","hexamod:Sear","hexamod:Float","hexamod:SecondSeal","Apotheosis+1","hexamod:GhostOfSpireFuture","hexamod:FourthSeal","hexamod:HeatCrush","hexamod:Toasty","hexamod:GhostOfSpireFuture+1","hexamod:FirstSeal","hexamod:VolcanoVisage+1","hexamod:GhostflameInferno","hexamod:ExtraCrispy+1","hexamod:HeatCrush+1","hexamod:ThirdSeal","hexamod:GhostShield+1","hexamod:Rewind+1","hexamod:FirstSeal","hexamod:SearingWound","hexamod:ApocalypseNow","Replay:Hysterical Blindness","hexamod:GhostOfSpireFuture+1","hexamod:HexaLevel+1","hexamod:SixthSeal","hexamod:TimeOfNeed+1","CommonCold","hexamod:GhostflameBarrier","hexamod:EmpoweredFlame+1","hexamod:SpectralSpark"],"relics":["hexamod:SpiritBrand","MawBank","Omamori","Frozen Egg 2","hubris:Icosahedron","Potion Belt","Ring of Greed","Old Coin","Smiling Mask","Snecko Heart","downfall:HeartBlessingGreen","Membership Card","Blood Vial","hubris:Towel","hexamod:InflammatoryLetter","Strawberry","TheAbacus","ReplayTheSpireMod:Shallot","hubris:HollowSoul","downfall:HeartBlessingRed","Pantograph"],"acts_visited":["Exordium","TheCity","TheBeyond"],"potions_floor_usage":[43,43],"damage_taken":[{"damage":0.0,"enemies":"downfall:FleeingMerchant","floor":2.0,"turns":4.0},{"damage":2.0,"enemies":"Lagavulin","floor":5.0,"turns":7.0},{"damage":0.0,"enemies":"Small Slimes","floor":6.0,"turns":6.0},{"damage":12.0,"enemies":"3 Sentries","floor":8.0,"turns":9.0},{"damage":7.0,"enemies":"Replay:BlueRogue","floor":10.0,"turns":4.0},{"damage":6.0,"enemies":"Jaw Worm","floor":11.0,"turns":3.0},{"damage":0.0,"enemies":"2 Louse","floor":14.0,"turns":1.0},{"damage":0.0,"enemies":"Red Slaver","floor":15.0,"turns":5.0},{"damage":18.0,"enemies":"downfall:Ironclad","floor":16.0,"turns":7.0},{"damage":19.0,"enemies":"Spheric Guardian","floor":19.0,"turns":5.0},{"damage":4.0,"enemies":"3 Byrds","floor":20.0,"turns":4.0},{"damage":10.0,"enemies":"downfall:FleeingMerchant","floor":21.0,"turns":4.0},{"damage":51.0,"enemies":"Book of Stabbing","floor":23.0,"turns":5.0},{"damage":7.0,"enemies":"Snecko","floor":25.0,"turns":4.0},{"damage":9.0,"enemies":"downfall:FleeingMerchant","floor":26.0,"turns":4.0},{"damage":0.0,"enemies":"Centurion and Healer","floor":29.0,"turns":6.0},{"damage":33.0,"enemies":"3 Cultists","floor":31.0,"turns":6.0},{"damage":6.0,"enemies":"Snecko","floor":32.0,"turns":3.0},{"damage":1.0,"enemies":"downfall:Defect","floor":33.0,"turns":8.0},{"damage":55.0,"enemies":"Giant Head","floor":38.0,"turns":9.0},{"damage":40.0,"enemies":"Orb Walker","floor":42.0,"turns":6.0},{"damage":15,"enemies":"3 Darklings","floor":43,"turns":4}],"seed_played":"-2338162065320271780","potions_obtained":[{"floor":5.0,"key":"Fire Potion"},{"floor":6.0,"key":"Flashbang"},{"floor":8.0,"key":"Milkshake"},{"floor":10.0,"key":"Regen Potion"},{"floor":11.0,"key":"SkillPotion"},{"floor":15.0,"key":"Toxic Potion"},{"floor":15.0,"key":"Fire Potion"},{"floor":16.0,"key":"hexamod:EctoCoolerPotion"},{"floor":19.0,"key":"Ancient Potion"},{"floor":21.0,"key":"Doom Potion"},{"floor":25.0,"key":"BlessingOfTheForge"},{"floor":29.0,"key":"SpeedPotion"},{"floor":31.0,"key":"SkillPotion"},{"floor":32.0,"key":"hexamod:EctoCoolerPotion"},{"floor":33.0,"key":"hexamod:EctoCoolerPotion"},{"floor":38.0,"key":"Milkshake"},{"floor":42.0,"key":"Flashbang"}],"is_trial":false,"path_per_floor":["R","$","R","?","E","M","T","E","?","E","M","?","?","M","M","B",null,"R","M","M","$","?","E","T","M","$","R","T","M","?","M","M","B",null,"R","?","R","E","R","?","T","M","M"],"character_chosen":"THE_SPIRIT","items_purchased":["Apotheosis","hexamod:GhostOfSpireFuture","Membership Card","hexamod:ThirdSeal","Blood Vial","TheAbacus","hexamod:FirstSeal"],"campfire_rested":2,"item_purchase_floors":[2,2,21,21,21,26,26],"current_hp_per_floor":[63,63,63,63,61,61,61,49,49,42,36,36,36,36,43,25,63,63,51,54,51,51,23,30,32,32,53,53,69,69,51,54,55,70,70,70,70,22,43,43,43,19,6,6,6],"gold":549,"neow_bonus":"TWO_FIFTY_GOLD","is_daily":false,"chose_seed":false,"campfire_upgraded":2,"win_rate":0.0,"timestamp":1608570014,"path_taken":["R","$","R","?","E","M","T","E","?","E","M","?","?","?","M","BOSS","R","M","M","$","?","E","T","M","$","R","?","M","?","M","M","BOSS","R","?","R","E","R","?","T","M","M"],"items_purchased_type":["Card","Card","Relic","Card","Relic","Relic","Card"],"build_version":"2020-12-13","purchased_purges":3,"victory":false,"max_hp_per_floor":[63,63,63,63,63,63,63,63,63,63,63,63,63,63,63,63,63,63,63,63,63,63,63,70,70,70,70,70,70,70,70,70,70,70,70,70,70,70,70,70,70,70,70,70,70],"card_choices":[{"not_picked":["hexamod:SoulSteal","hexamod:FastForward"],"picked":"hexamod:SecondSeal","floor":2.0},{"not_picked":["hexamod:CrushingStance","hexamod:ThermalTransfer"],"picked":"hexamod:FourthSeal","floor":5.0},{"not_picked":["hexamod:ShieldOfDarkness","hexamod:HauntingEcho"],"picked":"hexamod:HeatCrush","floor":6.0},{"not_picked":["hexamod:Again","hexamod:InspiringFlames"],"picked":"hexamod:Toasty","floor":8.0},{"not_picked":["hexamod:BurningTouch","hexamod:SoulSteal"],"picked":"hexamod:GhostOfSpireFuture+1","floor":10.0},{"not_picked":["hexamod:HauntingEcho","hexamod:GhostLash"],"picked":"hexamod:FirstSeal","floor":11.0},{"not_picked":["hexamod:NightmareStrike","hexamod:GhostShield","hexamod:NightmareGuise"],"picked":"SKIP","floor":14.0},{"not_picked":["hexamod:SpectersWail","hexamod:GhostShield","hexamod:FirstSeal"],"picked":"SKIP","floor":15.0},{"not_picked":["hexamod:TurnItUp","hexamod:CrushingStance"],"picked":"hexamod:GhostflameInferno","floor":16.0},{"not_picked":["hexamod:Firestarter","hexamod:Rewind+1"],"picked":"hexamod:ExtraCrispy+1","floor":19.0},{"not_picked":["hexamod:NightmareStrike+1","hexamod:Firestarter+1","hexamod:SpectersWail+1"],"picked":"SKIP","floor":20.0},{"not_picked":["hexamod:BurningTouch","hexamod:Hexaguard"],"picked":"hexamod:HeatCrush+1","floor":21.0},{"not_picked":["hexamod:HauntingEcho","hexamod:InspiringFlames","hexamod:TurnItUp"],"picked":"SKIP","floor":23.0},{"not_picked":["hexamod:SpectersWail","hexamod:RainOfEmbers"],"picked":"hexamod:GhostShield+1","floor":25.0},{"not_picked":["hexamod:SpectersWail","hexamod:SwordOfDarkness","hexamod:FastForward"],"picked":"SKIP","floor":25.0},{"not_picked":["hexamod:FourthSeal","hexamod:UnleashSpirits"],"picked":"hexamod:Rewind","floor":26.0},{"not_picked":["hexamod:FirstSeal","hexamod:ShieldOfDarkness","hexamod:GhostLash+1"],"picked":"SKIP","floor":26.0},{"not_picked":["hexamod:FastForward","hexamod:InspiringFlames+1"],"picked":"hexamod:SearingWound","floor":29.0},{"not_picked":["hexamod:NightmareStrike+1","hexamod:BurningTouch","hexamod:Hexaguard+1"],"picked":"SKIP","floor":29.0},{"not_picked":["hexamod:SpectralAdrenaline","hexamod:NightmareGuise"],"picked":"hexamod:ApocalypseNow","floor":31.0},{"not_picked":["hexamod:BacktrackSmack+1","hexamod:GhostLash"],"picked":"hexamod:GhostOfSpireFuture+1","floor":31.0},{"not_picked":["hexamod:NightmareGuise","hexamod:BacktrackSmack+1","hexamod:InspiringFlames"],"picked":"SKIP","floor":32.0},{"not_picked":["hexamod:TimeOfNeed","hexamod:SearingWound"],"picked":"hexamod:HexaLevel+1","floor":33.0},{"not_picked":["hexamod:HexaLevel+1","hexamod:SearingWound"],"picked":"hexamod:SixthSeal","floor":33.0},{"not_picked":["hexamod:GhostLash+1","hexamod:InspiringFlames"],"picked":"hexamod:GhostflameBarrier","floor":38.0},{"not_picked":["hexamod:SwordOfDarkness","hexamod:Firestarter+1","hexamod:GhostOfSpirePresent+1"],"picked":"SKIP","floor":38.0},{"not_picked":["hexamod:FlamesFromBeyond","hexamod:HeatMetal+1"],"picked":"hexamod:SpectralSpark","floor":42.0}],"player_experience":697200,"relics_obtained":[{"floor":5.0,"key":"MawBank"},{"floor":7.0,"key":"Omamori"},{"floor":8.0,"key":"Frozen Egg 2"},{"floor":10.0,"key":"Potion Belt"},{"floor":12.0,"key":"Ring of Greed"},{"floor":12.0,"key":"Old Coin"},{"floor":12.0,"key":"Smiling Mask"},{"floor":23.0,"key":"hexamod:InflammatoryLetter"},{"floor":24.0,"key":"Strawberry"},{"floor":28.0,"key":"ReplayTheSpireMod:Shallot"},{"floor":38.0,"key":"Pantograph"}],"event_choices":[],"is_beta":false,"boss_relics":[{"not_picked":["Runic Dome","Abe\u0027s Treasure"],"picked":"Snecko Heart"},{"not_picked":["hubris:BlackHole","Kintsugi"],"picked":"hubris:HollowSoul"}],"items_purged_floors":[2,21,26],"is_endless":false,"potions_floor_spawned":[5,10,11,15,16,25,29,31,32],"killed_by":"3 Darklings","ascension_level":0}}