{"host":"aj7el8l5kufbk20z","time":1608520411,"event":{"mods":["AchievementEnabler","BaseMod","Colored Map","Colored Powertips","Curses Come First","Highlight Path","Minty Spire (QoL Compilation)","Quick Restart","Rare Cards Sparkle","Relic Stats","StSLib","SuperFastMode"],"gold_per_floor":[109,109,637,657,832,861,861,879,879,879,879,879],"floor_reached":11,"playtime":560,"items_purged":["Strike_R"],"score":85,"play_id":"769ea4e5-90e4-4cf1-87cc-cb107d861712","local_time":"20201221111331","is_ascension_mode":true,"campfire_choices":[{"data":"Armaments","floor":7,"key":"SMITH"},{"data":"Ghostly Armor","floor":10,"key":"SMITH"}],"circlet_count":0,"master_deck":["Strike_R","Strike_R","Strike_R","Defend_R","Defend_R","Defend_R","Defend_R","Bash","Shrug It Off+1","Shrug It Off","Armaments+1","Doubt","Ghostly Armor+1","True Grit"],"relics":["Burning Blood","Membership Card","Thread and Needle","Meat on the Bone"],"acts_visited":["Exordium"],"potions_floor_usage":[],"damage_taken":[{"damage":0,"enemies":"2 Louse","floor":1,"turns":4},{"damage":3,"enemies":"Cultist","floor":4,"turns":5},{"damage":51,"enemies":"3 Sentries","floor":6,"turns":23},{"damage":0,"enemies":"Small Slimes","floor":8,"turns":7},{"damage":44,"enemies":"Gremlin Nob","floor":11,"turns":5}],"seed_played":"6895225721315893699","potions_obtained":[{"floor":4,"key":"Dexterity Potion"},{"floor":8,"key":"SteroidPotion"}],"is_trial":false,"path_per_floor":["M","?","$","M","?","E","R","M","T","R","E"],"character_chosen":"IRONCLAD","items_purchased":["Shrug It Off","Membership Card"],"campfire_rested":0,"item_purchase_floors":[3,3],"current_hp_per_floor":[80,80,80,80,80,35,35,41,41,41,0,0],"gold":879,"neow_bonus":"REMOVE_CARD","is_daily":false,"chose_seed":false,"campfire_upgraded":2,"win_rate":0.0,"timestamp":1608520411,"path_taken":["M","?","$","?","?","E","R","M","T","R","E"],"items_purchased_type":["Card","Relic"],"build_version":"2020-12-13","purchased_purges":1,"victory":false,"max_hp_per_floor":[80,80,80,80,80,80,80,80,80,80,80,80],"relic_stats":{"counters":[5,44],"obtain_stats":[{"Thread and Needle":6,"Membership Card":3,"Burning Blood":0,"Meat on the Bone":9},{"Thread and Needle":3,"Membership Card":1,"Burning Blood":0,"Meat on the Bone":4},{"Thread and Needle":32,"Membership Card":4,"Burning Blood":0,"Meat on the Bone":39}],"Burning Blood":15,"Meat on the Bone":0},"card_choices":[{"not_picked":["Headbutt","Wild Strike"],"picked":"Shrug It Off","floor":1},{"not_picked":["Clash","Heavy Blade"],"picked":"Armaments","floor":4},{"not_picked":["Burning Pact","Clothesline"],"picked":"Ghostly Armor","floor":6},{"not_picked":["Armaments","Rupture"],"picked":"True Grit","floor":8}],"player_experience":288506,"relics_obtained":[{"floor":6,"key":"Thread and Needle"},{"floor":9,"key":"Meat on the Bone"}],"event_choices":[{"damage_healed":0,"gold_gain":0,"player_choice":"Forge","damage_taken":0,"max_hp_gain":0,"max_hp_loss":0,"event_name":"Accursed Blacksmith","floor":2,"gold_loss":0,"cards_upgraded":["Shrug It Off"]},{"damage_healed":0,"gold_gain":175,"player_choice":"AGREE","damage_taken":0,"max_hp_gain":0,"max_hp_loss":0,"event_name":"Liars Game","floor":5,"gold_loss":0,"cards_obtained":["Doubt"]}],"is_beta":false,"boss_relics":[],"items_purged_floors":[3],"is_endless":false,"potions_floor_spawned":[4,8],"killed_by":"Gremlin Nob","ascension_level":4}}