{"host":"57rcrwhzj4x4jlaj","time":1608555260,"event":{"mods":["2.2 Compatiblity","BaseMod","BetterRewards","Colored Map","Conspire","Dota2Spire","Downfall","Energized Spire","Grow up Mod","Hermit","Hubris","Infinite Spire","Marisa????????","Mimic Mod","Minty Spire (QoL Compilation)","Relic Filter","Relic Stats","Remilia??????","Replay The Spire","Shop Mod","StSLib","SuperFastMode","Td1madao Mod","The Accelerator","The Bug Knight","The Exalted","The Jungle","[IsaacMod]????","vexMod"],"gold_per_floor":[99,99,274,274,309,234,269,281,297,327,342,361,371,398,408,506,506,506,531,531,347,374,674,700,283,314,239,252,252,264,298,310,406,406,406,425,444,444,462,462,536,562,487,512,512,543,553,579,592,592,592,617,158,158,158],"floor_reached":56,"playtime":1870,"items_purged":["Doubt","Shame"],"score":1651,"play_id":"08703e23-7a90-42cf-bd8b-5b17d6f1c8ad","local_time":"20201221195420","is_ascension_mode":true,"campfire_choices":[{"data":"champ:Taunt","floor":1,"key":"SMITH"},{"floor":4,"key":"RECALL"},{"data":"champ:IronFortress","floor":6,"key":"SMITH"},{"data":"champ:SteelEdge","floor":18,"key":"SMITH"},{"floor":27,"key":"REST"},{"floor":35,"key":"REST"},{"floor":40,"key":"REST"},{"floor":43,"key":"REST"},{"floor":54,"key":"REST"}],"circlet_count":0,"master_deck":["champ:Strike","champ:Strike","champ:Strike","champ:Strike","champ:Defend","champ:Defend","champ:Defend","champ:Defend","champ:Execute+1","champ:Taunt+1","champ:IronFortress+1","champ:Haymaker","champ:Devastate","champ:Encircle","champ:IronFortress","champ:ViciousMockery","champ:Haymaker","champ:PerfectedStrike","champ:SteelEdge+1","champ:FanOfKnives","champ:FanOfKnives","champ:PerfectedStrike","champ:PerfectedStrike+1","champ:Aggression+1","champ:FanOfKnives","champ:StrikeOfGenius","champ:FanOfKnives","champ:PerfectedStrike+1","champ:BerserkersShout+1","champ:LastStand","champ:SwordThrow","champ:BerserkerStyle+1","champ:EndlessRage+1","champ:AdrenalArmor"],"relics":["champ:ChampionCrown","HushsDoor","DoctorsRemote","Happy Flower","downfall:HeartBlessingRed","Bag of Marbles","Replay:Baseball","Odd Mushroom","SacredBark","hubris:BundleOfHerbs","theJungle:SneckoAutograph","vexMod:Cooldron","Replay:Accelerometer","Dota2Spire:EchoSabre","Pen Nib","Strange Spoon","vexMod:RedPlottingStone","downfall:HeartBlessingGreen","Omamori","MoneyPower","Fusion Hammer","Bromod:ArcaneAegis","downfall:HeartBlessingBlue","Juzu Bracelet","D4","infinitespire:PuzzleCube","Chaos","Dota2Spire:Desolator"],"acts_visited":["Exordium","Exordium","TheBeyond","TheEnding"],"potions_floor_usage":[13,22,22,22,26,33,33,36,50,50,50,50,50,50,50,55,55,55,55,55,55],"damage_taken":[{"damage":13,"enemies":"Gremlin Nob","floor":5,"turns":3},{"damage":13,"enemies":"Jaw Worm","floor":7,"turns":6},{"damage":6,"enemies":"Jaw Worm","floor":8,"turns":3},{"damage":5,"enemies":"2 Louse","floor":9,"turns":2},{"damage":42,"enemies":"Lagavulin","floor":10,"turns":4},{"damage":4,"enemies":"Small Slimes","floor":11,"turns":1},{"damage":16,"enemies":"Blue Slaver","floor":12,"turns":3},{"damage":10,"enemies":"Exordium Thugs","floor":13,"turns":1},{"damage":30,"enemies":"The Mushroom Lair","floor":14,"turns":4},{"damage":11,"enemies":"3 Louse","floor":15,"turns":4},{"damage":41,"enemies":"downfall:Ironclad","floor":16,"turns":6},{"damage":143,"enemies":"theJungle:MamaSnecko","floor":19,"turns":10},{"damage":7,"enemies":"downfall:FleeingMerchant","floor":21,"turns":4},{"damage":89,"enemies":"theJungle:2_Phrogs","floor":22,"turns":8},{"damage":22,"enemies":"downfall:FleeingMerchant","floor":25,"turns":4},{"damage":45,"enemies":"theJungle:Cassacara","floor":26,"turns":6},{"damage":29,"enemies":"theJungle:GiantWrat","floor":28,"turns":3},{"damage":0,"enemies":"theJungle:MUSHROOMGANG","floor":30,"turns":1},{"damage":25,"enemies":"downfall:FleeingMerchant","floor":31,"turns":4},{"damage":20,"enemies":"theJungle:JungleHuntersEncounter","floor":32,"turns":3},{"damage":48,"enemies":"downfall:Watcher","floor":33,"turns":5},{"damage":37,"enemies":"3 Darklings","floor":36,"turns":3},{"damage":0,"enemies":"Orb Walker","floor":37,"turns":1},{"damage":10,"enemies":"Transient","floor":39,"turns":5},{"damage":61,"enemies":"Nemesis","floor":42,"turns":5},{"damage":28,"enemies":"Reptomancer","floor":44,"turns":3},{"damage":39,"enemies":"3 Darklings","floor":46,"turns":7},{"damage":43,"enemies":"3 Darklings","floor":47,"turns":3},{"damage":36,"enemies":"Spire Growth","floor":49,"turns":3},{"damage":27,"enemies":"downfall:Silent","floor":50,"turns":4},{"damage":167,"enemies":"downfall:CharBossMerchant","floor":52,"turns":7},{"damage":383,"enemies":"downfall:NeowBoss","floor":55,"turns":24}],"seed_played":"6304632235005495157","potions_obtained":[{"floor":11,"key":"AttackPotion"},{"floor":12,"key":"Elixir"},{"floor":13,"key":"champ:CounterPotion"},{"floor":14,"key":"Ancient Potion"},{"floor":26,"key":"EntropicBrew"},{"floor":32,"key":"EntropicBrew"},{"floor":42,"key":"EntropicBrew"},{"floor":44,"key":"EntropicBrew"},{"floor":49,"key":"EntropicBrew"}],"is_trial":false,"path_per_floor":["R","?","?","R","E","R","MIM","M","M","E","M","M","M","?","M","B",null,"R","E","?","$","E","?","T","$","E","R","M","AVR","M","$","M","B",null,"R","M","M","?","M","R","T","E","R","E","?","MIM","M","?","M","B",null,"E","$","R","B",null],"character_chosen":"THE_CHAMP","items_purchased":["champ:FanOfKnives","champ:PerfectedStrike","Pen Nib","Strange Spoon","MoneyPower","Dota2Spire:Desolator","EntropicBrew","EntropicBrew"],"campfire_rested":5,"item_purchase_floors":[21,21,25,25,31,53,53,53],"current_hp_per_floor":[119,129,139,149,151,161,168,177,182,157,167,163,173,160,159,134,279,289,165,175,185,113,123,133,128,100,220,217,227,237,227,219,188,449,459,441,451,461,470,509,519,477,549,541,551,545,533,543,517,502,629,536,546,659,464],"gold":158,"neow_bonus":"TEN_PERCENT_HP_BONUS","is_daily":false,"chose_seed":false,"campfire_upgraded":3,"win_rate":0.0,"timestamp":1608555260,"path_taken":["R","?","?","R","E","R","MIM","M","M","E","M","M","?","?","M","BOSS","R","E","?","?","E","?","T","$","E","R","?","AVR","M","$","M","BOSS","R","M","M","?","M","R","T","E","R","E","?","?","M","?","M","BOSS","E","$","R","BOSS"],"items_purchased_type":["Card","Card","Relic","Relic","Relic","Relic","Potion","Potion"],"build_version":"2020-12-13","purchased_purges":2,"victory":true,"max_hp_per_floor":[119,129,139,149,159,169,179,189,199,209,219,229,239,249,259,269,279,289,299,309,319,329,339,349,359,369,379,389,399,409,419,429,439,449,459,469,479,489,499,509,519,529,549,559,569,579,589,599,609,619,629,639,649,659,669],"relic_stats":{"Strange Spoon":[29],"Happy Flower":[49],"counters":[32,150],"Pen Nib":[21],"Juzu Bracelet":1,"obtain_stats":[{"Chaos":52,"Replay:Accelerometer":22,"Dota2Spire:EchoSabre":24,"SacredBark":17,"champ:ChampionCrown":0,"downfall:HeartBlessingGreen":27,"Juzu Bracelet":44,"Bromod:ArcaneAegis":42,"theJungle:SneckoAutograph":20,"downfall:HeartBlessingBlue":43,"vexMod:RedPlottingStone":26,"Fusion Hammer":34,"KeepersGift":0,"DoctorsRemote":0,"Happy Flower":5,"downfall:HeartBlessingRed":6,"Pen Nib":25,"Omamori":29,"MoneyPower":31,"Odd Mushroom":14,"D4":46,"Strange Spoon":25,"Replay:Baseball":10,"vexMod:Cooldron":21,"hubris:BundleOfHerbs":19,"Bag of Marbles":7,"HushsDoor":0,"infinitespire:PuzzleCube":48,"Dota2Spire:Desolator":53},{"Chaos":31,"Replay:Accelerometer":14,"Dota2Spire:EchoSabre":14,"SacredBark":11,"champ:ChampionCrown":0,"downfall:HeartBlessingGreen":16,"Juzu Bracelet":26,"Bromod:ArcaneAegis":25,"theJungle:SneckoAutograph":12,"downfall:HeartBlessingBlue":25,"vexMod:RedPlottingStone":16,"Fusion Hammer":21,"KeepersGift":0,"DoctorsRemote":0,"Happy Flower":1,"downfall:HeartBlessingRed":1,"Pen Nib":15,"Omamori":17,"MoneyPower":19,"Odd Mushroom":9,"D4":27,"Strange Spoon":15,"Replay:Baseball":5,"vexMod:Cooldron":13,"hubris:BundleOfHerbs":12,"Bag of Marbles":2,"HushsDoor":0,"infinitespire:PuzzleCube":28,"Dota2Spire:Desolator":31},{"Chaos":126,"Replay:Accelerometer":59,"Dota2Spire:EchoSabre":59,"SacredBark":37,"champ:ChampionCrown":0,"downfall:HeartBlessingGreen":69,"Juzu Bracelet":102,"Bromod:ArcaneAegis":99,"theJungle:SneckoAutograph":47,"downfall:HeartBlessingBlue":99,"vexMod:RedPlottingStone":69,"Fusion Hammer":85,"KeepersGift":0,"DoctorsRemote":0,"Happy Flower":3,"downfall:HeartBlessingRed":3,"Pen Nib":63,"Omamori":72,"MoneyPower":77,"Odd Mushroom":27,"D4":109,"Strange Spoon":63,"Replay:Baseball":18,"vexMod:Cooldron":51,"hubris:BundleOfHerbs":47,"Bag of Marbles":9,"HushsDoor":0,"infinitespire:PuzzleCube":112,"Dota2Spire:Desolator":126}]},"card_choices":[{"not_picked":["champ:Duel","champ:Riposte"],"picked":"champ:IronFortress","floor":5},{"not_picked":["champ:GladiatorsShout","champ:CrookedStrike"],"picked":"champ:Haymaker","floor":7},{"not_picked":["champ:ArenaPreparation","champ:StanceDance"],"picked":"champ:Devastate","floor":8},{"not_picked":["champ:IronFortress","champ:BringItOn"],"picked":"champ:Encircle","floor":9},{"not_picked":["champ:Haymaker","champ:PerfectForm"],"picked":"champ:IronFortress","floor":10},{"not_picked":["champ:Haymaker","champ:DefensiveShout"],"picked":"champ:ViciousMockery","floor":11},{"not_picked":["champ:BladeFlurry","champ:TornadoPunch"],"picked":"champ:Haymaker","floor":12},{"not_picked":["champ:FanOfKnives","champ:Haymaker"],"picked":"Bomb","floor":13},{"not_picked":["champ:FlashCut","champ:Encircle"],"picked":"champ:PerfectedStrike","floor":14},{"not_picked":["champ:FocusedDefense","champ:ShieldSigil","champ:Backstep"],"picked":"SKIP","floor":15},{"not_picked":["champ:HeavySlash","champ:EnchantSword"],"picked":"champ:SteelEdge","floor":16},{"not_picked":["champ:CalledShot+1","champ:RageSigil"],"picked":"champ:FanOfKnives","floor":19},{"not_picked":["champ:RisingSlash","champ:SkillfulDodge+1","champ:RageSigil"],"picked":"SKIP","floor":21},{"not_picked":["champ:RageSigil","champ:StanceDance","champ:PerfectedStrike+1"],"picked":"SKIP","floor":22},{"not_picked":["champ:RageSigil","champ:StanceDance"],"picked":"champ:PerfectedStrike+1","floor":22},{"not_picked":["champ:Devastate","champ:HeavySlash","champ:AdrenalArmor"],"picked":"SKIP","floor":25},{"not_picked":["champ:AdrenalArmor","champ:CrookedStrike+1"],"picked":"champ:Aggression+1","floor":26},{"not_picked":["champ:AdrenalArmor+1","champ:RisingSlash","champ:StanceDance"],"picked":"SKIP","floor":28},{"not_picked":["champ:Backstep","champ:Encircle+1"],"picked":"champ:FanOfKnives","floor":30},{"not_picked":["champ:Haymaker","champ:ShieldSigil","champ:MurderStrike"],"picked":"SKIP","floor":31},{"not_picked":["champ:Shatter","champ:SwordSigil+1","champ:CrookedStrike"],"picked":"SKIP","floor":32},{"not_picked":["champ:EnchantSword","champ:HeavySlash"],"picked":"champ:StrikeOfGenius","floor":33},{"not_picked":["champ:SwordSigil","champ:GladiatorStyle"],"picked":"champ:FanOfKnives","floor":36},{"not_picked":["champ:RageSigil+1","champ:Devastate","champ:BerserkersShout+1"],"picked":"SKIP","floor":37},{"not_picked":["champ:SwordSigil","champ:RageSigil+1"],"picked":"champ:BerserkersShout+1","floor":39},{"not_picked":["champ:Haymaker","champ:DefensiveShout+1"],"picked":"champ:LastStand","floor":42},{"not_picked":["champ:CrookedStrike","champ:ViciousMockery+1"],"picked":"champ:SwordThrow","floor":44},{"not_picked":["champ:Encircle","champ:TornadoPunch"],"picked":"champ:BerserkerStyle+1","floor":46},{"not_picked":["champ:StanceDance","champ:GutPunch+1"],"picked":"champ:EndlessRage+1","floor":47},{"not_picked":["champ:CalledShot","champ:StanceDance+1","champ:EnragedBash"],"picked":"SKIP","floor":49},{"not_picked":["champ:GutPunch+1","champ:ShieldSigil"],"picked":"champ:AdrenalArmor","floor":52}],"player_experience":672205,"relics_obtained":[{"floor":5,"key":"Happy Flower"},{"floor":7,"key":"Bag of Marbles"},{"floor":10,"key":"Replay:Baseball"},{"floor":14,"key":"Odd Mushroom"},{"floor":19,"key":"hubris:BundleOfHerbs"},{"floor":22,"key":"Replay:Accelerometer"},{"floor":24,"key":"Dota2Spire:EchoSabre"},{"floor":26,"key":"vexMod:RedPlottingStone"},{"floor":42,"key":"Bromod:ArcaneAegis"},{"floor":44,"key":"Juzu Bracelet"},{"floor":46,"key":"D4"},{"floor":48,"key":"infinitespire:PuzzleCube"},{"floor":52,"key":"Chaos"}],"event_choices":[{"damage_healed":0,"gold_gain":0,"player_choice":"Fought Mushrooms","damage_taken":0,"max_hp_gain":0,"max_hp_loss":0,"event_name":"Mushrooms","floor":14,"gold_loss":0},{"damage_healed":0,"gold_gain":0,"player_choice":"Copied","damage_taken":0,"max_hp_gain":0,"max_hp_loss":0,"event_name":"Duplicator","floor":38,"gold_loss":0,"cards_obtained":["champ:PerfectedStrike"]}],"is_beta":false,"boss_relics":[{"not_picked":["Astrolabe","Busted Crown"],"picked":"SacredBark"},{"not_picked":[]},{"not_picked":["Painkiller Herb","energizedSpire:MagnifyingGlass"],"picked":"Fusion Hammer"},{"not_picked":[]}],"items_purged_floors":[21,25],"is_endless":false,"potions_floor_spawned":[9,11,12,13,14,19,26,32,42,44,49],"ascension_level":3}}