{"host":"hvnoeabx3uryv9b3","time":1608586669,"event":{"mods":["2.2 Compatiblity","Act Like it!","Aspiration","BaseMod","Better Note","Better Sensory Stone","Colored Map","Colored Powertips","Conspire","Duelist Mod","GifTheSpireLib","Hallownest","Highlight Path","Jorbs\u0027s Wanderer Trilogy","Marisa????????","Minty Spire (QoL Compilation)","Pale of the Ancients","Quarter Circle Forward PUNCH!","Quick Restart","Rare Cards Sparkle","Replay The Spire","Small Relic Pack","StSLib","Stuff the Spire","The Animator","The Bug Knight","The Construct","The Cursed","The Disciple","The Jungle","The Necromancer","The Runesmith","The Servant 0.9.4"],"gold_per_floor":[114,134,193,143,166,166,182,182,232,258,288,303,317,331,331,331,331],"floor_reached":16,"playtime":3499,"items_purged":[],"score":96,"play_id":"5657ed06-3169-4c27-8baa-17820444781b","local_time":"20201221223749","is_ascension_mode":false,"campfire_choices":[{"data":"animator:Eve","floor":6,"key":"SMITH"},{"data":"animator:MumenRider","floor":8,"key":"SMITH"},{"floor":15,"key":"REST"}],"circlet_count":0,"master_deck":["animator:Strike_Konosuba","animator:Defend_Konosuba","animator:Strike","animator:Strike","animator:Strike","animator:Defend","animator:Defend","animator:Defend","animator:Kazuma","animator:Cocytus","animator:Melzalgald","animator:Cocytus","animator:Eve+1","animator:MumenRider+1","animator:Megumin","animator:Ciel","animator:Genos"],"relics":["animator:LivingPicture","animator:TheMissingPiece","animator:PurgingStone","aspiration:Nostalgia","Uniform","aspiration:Lifesprig","animator:ShionDessert"],"acts_visited":["Exordium"],"potions_floor_usage":[14,16,16],"damage_taken":[{"damage":1,"enemies":"Small Slimes","floor":1,"turns":6},{"damage":0,"enemies":"conspire:RoseBush","floor":2,"turns":5},{"damage":9,"enemies":"2 Louse","floor":5,"turns":3},{"damage":28,"enemies":"Exordium Wildlife","floor":7,"turns":7},{"damage":1,"enemies":"Blue Slaver","floor":11,"turns":3},{"damage":8,"enemies":"Looter","floor":12,"turns":2},{"damage":3,"enemies":"2 Fungi Beasts","floor":13,"turns":5},{"damage":6,"enemies":"Large Slime","floor":14,"turns":4},{"damage":59,"enemies":"Fading Forest","floor":16,"turns":9}],"seed_played":"2656426807591307621","potions_obtained":[{"floor":1,"key":"BlessingOfTheForge"},{"floor":3,"key":"FearPotion"},{"floor":3,"key":"conspire:TimeTravelPotion"},{"floor":3,"key":"Death Potion"},{"floor":11,"key":"Regen Potion"}],"is_trial":false,"path_per_floor":["M","M","?","?","M","R","M","R","T","T","M","M","M","M","R","B"],"character_chosen":"THE_ANIMATOR","items_purchased":[],"campfire_rested":1,"item_purchase_floors":[],"current_hp_per_floor":[65,66,66,66,57,57,29,29,29,29,28,21,18,12,32,0,0],"gold":331,"neow_bonus":"NOSTALGIA","is_daily":false,"chose_seed":false,"campfire_upgraded":2,"win_rate":0.0,"timestamp":1608586669,"path_taken":["M","M","?","?","M","R","M","R","T","?","M","M","?","M","R","BOSS"],"items_purchased_type":[],"build_version":"2020-12-13","purchased_purges":0,"victory":false,"max_hp_per_floor":[66,66,66,66,66,66,66,66,66,66,66,67,67,67,67,67,67],"card_choices":[{"not_picked":["animator:Sebas","animator:Chung"],"picked":"animator:Cocytus","floor":1},{"not_picked":["animator:Verdia","animator:MamiTomoe"],"picked":"animator:Melzalgald","floor":2},{"not_picked":["animator:Kazuma","animator:PandorasActor"],"picked":"animator:Cocytus","floor":3},{"not_picked":["animator:Yuuichirou","animator:OrikoMikuni"],"picked":"animator:Eve","floor":5},{"not_picked":["animator:SilverFang","animator:Melzalgald"],"picked":"animator:MumenRider","floor":7},{"not_picked":["animator:Demiurge","animator:Chris"],"picked":"animator:Megumin","floor":11},{"not_picked":["animator:Togame","animator:Tyuule"],"picked":"animator:Ciel","floor":12},{"not_picked":["animator:Hakurou","animator:Shinoa","animator:YuiTsuruno"],"picked":"SKIP","floor":13},{"not_picked":["animator:SilverFang","animator:MetalKnight"],"picked":"animator:Genos","floor":14}],"player_experience":318129,"relics_obtained":[{"floor":9,"key":"aspiration:Lifesprig"},{"floor":10,"key":"animator:ShionDessert"}],"event_choices":[{"cards_removed":["animator:Aqua"],"damage_healed":0,"gold_gain":0,"player_choice":"Card Removal","damage_taken":0,"max_hp_gain":0,"max_hp_loss":0,"event_name":"The Cleric","floor":4,"gold_loss":50}],"is_beta":false,"boss_relics":[],"items_purged_floors":[],"is_endless":false,"potions_floor_spawned":[1,5,7,11],"killed_by":"Fading Forest","ascension_level":0}}