{"host":"kmq7aw60w430zvtx","time":1608577111,"event":{"mods":["BaseMod","Downfall","GifTheSpireLib","Hermit","Hubris","Minty Spire (QoL Compilation)","Replay The Spire","StSLib","The Construct","The Cursed","The Hierophant","The Jungle","The Necromancer","The Runesmith"],"gold_per_floor":[112,131,131,131,56,84,84,113,113,127,140,63,63,63,63,164,164,177,194,19,19,19,19,50,50,50,50,63,63,63],"floor_reached":29,"playtime":1278,"items_purged":["Strike_B","Defend_B","Strike_B"],"score":261,"play_id":"c349cbe4-30b1-432b-aca9-156491d269a0","local_time":"20201221195831","is_ascension_mode":true,"campfire_choices":[{"floor":7,"key":"REST"},{"floor":15,"key":"RECALL"},{"floor":23,"key":"REST"},{"floor":27,"key":"REST"}],"circlet_count":0,"master_deck":["Strike_B","Defend_B","Defend_B","Zap","Dualcast","Gash","Leap","Redo","Panic Button","Ball Lightning","ReplayTheSpireMod:Calculation Training","Loop+1","Machine Learning","Hologram","Ball Lightning","Hello World","ReplayTheSpireMod:GoodbyeWorld","hubris:Ukulele+1"],"relics":["Cracked Core","ReplayTheSpireMod:TigerMarble","Eternal Feather","Question Card","Meat on the Bone","Painkiller Herb","Nunchaku","Singing Bowl"],"acts_visited":["Exordium","theJungle:Jungle"],"potions_floor_usage":[6,16,22,22,24,29],"damage_taken":[{"damage":1,"enemies":"Jaw Worm","floor":1,"turns":4},{"damage":0,"enemies":"Cultist","floor":2,"turns":3},{"damage":40,"enemies":"3 Sentries","floor":6,"turns":8},{"damage":20,"enemies":"Lagavulin","floor":8,"turns":5},{"damage":0,"enemies":"Small Slimes","floor":10,"turns":3},{"damage":0,"enemies":"3 Louse","floor":11,"turns":2},{"damage":48,"enemies":"Fading Forest","floor":16,"turns":11},{"damage":5,"enemies":"theJungle:MUSHROOMGANG","floor":18,"turns":4},{"damage":21,"enemies":"Shell Parasite","floor":19,"turns":4},{"damage":36,"enemies":"JungleHuntersEvent","floor":22,"turns":6},{"damage":53,"enemies":"theJungle:MamaSnecko","floor":24,"turns":6},{"damage":22,"enemies":"theJungle:Lyon","floor":28,"turns":4},{"damage":42,"enemies":"theJungle:JungleHuntersEncounter","floor":29,"turns":3}],"seed_played":"-3152741438818537257","potions_obtained":[{"floor":1,"key":"Milkshake"},{"floor":11,"key":"Energy Potion"},{"floor":18,"key":"FocusPotion"},{"floor":19,"key":"LifebloodPotion"},{"floor":22,"key":"FearPotion"},{"floor":28,"key":"Explosive Potion"}],"is_trial":false,"path_per_floor":["M","M","?","$","$","E","R","E","T","M","M","$","?","?","R","B",null,"?","?","T","?","?","T","E","T","T","T","?","?"],"character_chosen":"DEFECT","items_purchased":["ReplayTheSpireMod:TigerMarble","Loop","Hello World"],"campfire_rested":3,"item_purchase_floors":[4,12,20],"current_hp_per_floor":[74,74,74,59,59,19,44,24,24,36,48,48,48,48,54,28,75,70,49,49,49,25,56,17,17,17,49,39,0,0],"gold":63,"neow_bonus":"REMOVE_CARD","is_daily":false,"chose_seed":false,"campfire_upgraded":0,"win_rate":0.0,"timestamp":1608577111,"path_taken":["M","M","?","?","$","E","R","E","T","M","M","$","?","?","R","BOSS","?","?","T","?","?","T","E","?","T","T","?","?"],"items_purchased_type":["Relic","Card","Card"],"build_version":"2020-12-13","purchased_purges":3,"victory":false,"max_hp_per_floor":[75,75,75,75,75,75,75,75,75,75,75,75,75,75,75,75,75,75,75,75,75,75,75,77,77,77,77,77,77,77],"card_choices":[{"not_picked":["Genetic Algorithm","Coolheaded"],"picked":"Gash","floor":1},{"not_picked":["Turbo","Hologram"],"picked":"Leap","floor":2},{"not_picked":["Aggregate","Steam"],"picked":"Redo","floor":6},{"not_picked":["Storm","ReplayTheSpireMod:Calculation Training"],"picked":"Panic Button","floor":8},{"not_picked":["Beam Cell","White Noise","Streamline"],"picked":"Ball Lightning","floor":10},{"not_picked":["hubris:PowerSurge","Steam Power","Beam Cell"],"picked":"ReplayTheSpireMod:Calculation Training","floor":11},{"not_picked":["Buffer","hubris:Prefetch","All For One"],"picked":"Machine Learning","floor":16},{"not_picked":["Rip and Tear+1","Streamline","Scrape+1"],"picked":"Hologram","floor":18},{"not_picked":["Force Field","hubris:PowerSurge","Chill"],"picked":"Ball Lightning","floor":19},{"not_picked":["Leap","Streamline+1","Coolheaded+1"],"picked":"ReplayTheSpireMod:GoodbyeWorld","floor":22},{"not_picked":["Sweeping Beam","Glacier","Reprogram","Multi-Cast"],"picked":"Singing Bowl","floor":24},{"not_picked":["Barrage","Cold Snap","Panic Button"],"picked":"hubris:Ukulele+1","floor":28}],"player_experience":246702,"relics_obtained":[{"floor":6,"key":"Eternal Feather"},{"floor":8,"key":"Question Card"},{"floor":9,"key":"Meat on the Bone"},{"floor":22,"key":"Nunchaku"},{"floor":24,"key":"Singing Bowl"}],"event_choices":[{"cards_removed":["Defend_B"],"damage_healed":0,"gold_gain":0,"player_choice":"Offered Basic","damage_taken":0,"max_hp_gain":0,"max_hp_loss":0,"event_name":"Bonfire Elementals","floor":3,"gold_loss":0},{"damage_healed":0,"gold_gain":0,"player_choice":"Ignored","damage_taken":0,"max_hp_gain":0,"max_hp_loss":0,"event_name":"Liars Game","floor":13,"gold_loss":0},{"damage_healed":0,"gold_gain":0,"player_choice":"Upgraded","damage_taken":0,"max_hp_gain":0,"max_hp_loss":0,"event_name":"Upgrade Shrine","floor":14,"gold_loss":0,"cards_upgraded":["Loop"]}],"is_beta":false,"boss_relics":[{"not_picked":["Ectoplasm","construct:ClawGrip"],"picked":"Painkiller Herb"}],"items_purged_floors":[4,5,20],"is_endless":false,"potions_floor_spawned":[1,11,18,19,22,28],"killed_by":"theJungle:JungleHuntersEncounter","ascension_level":1}}