{"host":"6ko66ogg91i6g7xq","time":1608531475,"event":{"mods":["AchievementEnabler","Act Like it!","BaseMod","Colored Map","Colored Powertips","Downfall","Hermit","Minty Spire (QoL Compilation)","Quick Restart","Relic Stats","StSLib","The Jungle","everything is the same but u backflip on backflip"],"gold_per_floor":[115,115,290,290,315,353,372,372,372,372,392,430,443,443,443,562,562,586,586,586,52,52,52,73,88,88,88,88,132,150,173,173,173,173],"floor_reached":33,"playtime":1063,"items_purged":["Doubt"],"score":323,"play_id":"114a5b2f-2175-4ada-a9bf-c913c83f8022","local_time":"20201221011755","is_ascension_mode":false,"campfire_choices":[{"floor":8,"key":"RECALL"},{"data":"After Image","floor":10,"key":"SMITH"},{"data":"Deadly Poison","floor":15,"key":"SMITH"},{"data":"Writhe","floor":23,"key":"PURGE"},{"data":"Guardian:Aged","floor":27,"key":"PURGE"},{"data":"Malaise","floor":32,"key":"SMITH"}],"circlet_count":0,"master_deck":["Strike_G+1","Strike_G+1","Strike_G+1","Strike_G+1","Strike_G+1","Defend_G+1","Defend_G+1","Defend_G+1","Defend_G+1","Defend_G+1","Survivor","Neutralize","After Image+1","Deadly Poison","Deadly Poison+1","Dodge and Roll","Leg Sweep","Malaise+1"],"relics":["Ring of the Snake","NeowsBlessing","Golden Idol","Bag of Preparation","Tiny Chest","Sundial","Meat on the Bone","Cursed Key","Blood Vial","Peace Pipe","PreservedInsect","Ornamental Fan","Frozen Egg 2"],"acts_visited":["Exordium","TheCity"],"potions_floor_usage":[12,12,18,29,31],"damage_taken":[{"damage":0,"enemies":"Cultist","floor":1,"turns":1},{"damage":0,"enemies":"Lagavulin","floor":6,"turns":1},{"damage":0,"enemies":"Small Slimes","floor":7,"turns":1},{"damage":0,"enemies":"2 Louse","floor":11,"turns":3},{"damage":0,"enemies":"3 Sentries","floor":12,"turns":8},{"damage":0,"enemies":"Looter","floor":13,"turns":4},{"damage":19,"enemies":"Hexaghost","floor":16,"turns":12},{"damage":3,"enemies":"3 Byrds","floor":18,"turns":7},{"damage":0,"enemies":"Shell Parasite","floor":24,"turns":6},{"damage":1,"enemies":"Centurion and Healer","floor":25,"turns":9},{"damage":15,"enemies":"Slavers","floor":29,"turns":8},{"damage":9,"enemies":"Cultist and Chosen","floor":30,"turns":9},{"damage":0,"enemies":"Snake Plant","floor":31,"turns":5},{"damage":8,"enemies":"Collector","floor":33,"turns":6}],"seed_played":"7125864877629795950","potions_obtained":[{"floor":6,"key":"AttackPotion"},{"floor":11,"key":"EssenceOfSteel"},{"floor":12,"key":"Fire Potion"},{"floor":25,"key":"sneckomod:MuddlingPotion"},{"floor":29,"key":"PowerPotion"},{"floor":31,"key":"Swift Potion"}],"is_trial":false,"path_per_floor":["M","?","?","?","T","E","M","R","T","R","M","E","M","T","R","B",null,"M","?","T","$","$","R","M","M","T","R","?","E","M","M","R","B"],"character_chosen":"THE_SILENT","items_purchased":["Peace Pipe","PreservedInsect"],"campfire_rested":0,"item_purchase_floors":[21,21],"current_hp_per_floor":[70,70,70,53,53,53,53,53,53,53,53,53,53,53,53,46,70,67,67,67,67,67,67,69,69,69,69,69,55,48,50,50,44,44],"gold":173,"neow_bonus":"THREE_ENEMY_KILL","is_daily":false,"chose_seed":false,"campfire_upgraded":3,"win_rate":0.0,"timestamp":1608531475,"path_taken":["M","?","?","?","?","E","M","R","T","R","M","E","?","?","R","BOSS","M","?","?","?","$","R","M","?","T","R","?","E","M","M","R","BOSS"],"items_purchased_type":["Relic","Relic"],"build_version":"2020-12-13","purchased_purges":1,"victory":false,"max_hp_per_floor":[70,70,70,70,70,70,70,70,70,70,70,70,70,70,70,70,70,70,70,70,70,70,70,70,70,70,70,70,70,70,70,70,70,70],"relic_stats":{"counters":[14,80],"Golden Idol":81,"PreservedInsect":40,"Bag of Preparation":[26],"Cursed Key":2,"Blood Vial":10,"Peace Pipe":2,"Sundial":[14],"Ornamental Fan":[8],"Tiny Chest":1,"obtain_stats":[{"NeowsBlessing":0,"Golden Idol":4,"PreservedInsect":21,"Bag of Preparation":5,"Frozen Egg 2":29,"Cursed Key":17,"Blood Vial":20,"Peace Pipe":21,"Sundial":9,"Ornamental Fan":26,"Tiny Chest":6,"Ring of the Snake":0,"Meat on the Bone":12},{"NeowsBlessing":0,"Golden Idol":1,"PreservedInsect":8,"Bag of Preparation":1,"Frozen Egg 2":11,"Cursed Key":7,"Blood Vial":8,"Peace Pipe":8,"Sundial":3,"Ornamental Fan":10,"Tiny Chest":2,"Ring of the Snake":0,"Meat on the Bone":5},{"NeowsBlessing":0,"Golden Idol":1,"PreservedInsect":37,"Bag of Preparation":1,"Frozen Egg 2":60,"Cursed Key":30,"Blood Vial":37,"Peace Pipe":37,"Sundial":3,"Ornamental Fan":52,"Tiny Chest":2,"Ring of the Snake":0,"Meat on the Bone":14}],"Ring of the Snake":[28],"Meat on the Bone":12},"card_choices":[{"not_picked":["Outmaneuver","Predator","PiercingWail"],"picked":"SKIP","floor":1},{"not_picked":["Dagger Spray","Well Laid Plans"],"picked":"After Image","floor":6},{"not_picked":["Sucker Punch","Underhanded Strike"],"picked":"Deadly Poison","floor":7},{"not_picked":["Escape Plan","Outmaneuver"],"picked":"Deadly Poison","floor":11},{"not_picked":["All Out Attack","Bane"],"picked":"Dodge and Roll","floor":12},{"not_picked":["Underhanded Strike","Slice"],"picked":"Leg Sweep","floor":13},{"not_picked":["Unload","Grand Finale"],"picked":"Malaise","floor":16},{"not_picked":["Concentrate","Dash+1","Riddle With Holes"],"picked":"SKIP","floor":18},{"not_picked":["Cloak And Dagger","Blade Dance","Flechettes"],"picked":"SKIP","floor":24},{"not_picked":["Backflip","Acrobatics","Expertise"],"picked":"SKIP","floor":25},{"not_picked":["Finisher","Masterful Stab","Sucker Punch"],"picked":"SKIP","floor":29},{"not_picked":["Skewer+1","Infinite Blades+1","Deflect"],"picked":"SKIP","floor":30},{"not_picked":["Cloak And Dagger+1","Calculated Gamble+1","Dodge and Roll"],"picked":"SKIP","floor":31}],"player_experience":241877,"relics_obtained":[{"floor":5,"key":"Bag of Preparation"},{"floor":6,"key":"Tiny Chest"},{"floor":9,"key":"Sundial"},{"floor":12,"key":"Meat on the Bone"},{"floor":20,"key":"Blood Vial"},{"floor":26,"key":"Ornamental Fan"},{"floor":29,"key":"Frozen Egg 2"}],"event_choices":[{"damage_healed":0,"gold_gain":0,"player_choice":"Leave","damage_taken":0,"max_hp_gain":0,"max_hp_loss":0,"event_name":"The Cleric","floor":2,"gold_loss":0},{"damage_healed":0,"gold_gain":175,"player_choice":"AGREE","damage_taken":0,"max_hp_gain":0,"max_hp_loss":0,"event_name":"Liars Game","floor":3,"gold_loss":0,"cards_obtained":["Doubt"]},{"damage_healed":0,"gold_gain":0,"player_choice":"Take Damage","damage_taken":17,"relics_obtained":["Golden Idol"],"max_hp_gain":0,"max_hp_loss":0,"event_name":"Golden Idol","floor":4,"gold_loss":0},{"damage_healed":0,"gold_gain":0,"player_choice":"Simplicity","damage_taken":0,"max_hp_gain":0,"max_hp_loss":0,"event_name":"Back to Basics","floor":19,"gold_loss":0,"cards_upgraded":["Strike_G","Strike_G","Strike_G","Strike_G","Strike_G","Defend_G","Defend_G","Defend_G","Defend_G","Defend_G"]},{"damage_healed":0,"gold_gain":0,"player_choice":"Ignored","damage_taken":0,"max_hp_gain":0,"max_hp_loss":0,"event_name":"Ghosts","floor":28,"gold_loss":0}],"is_beta":false,"boss_relics":[{"not_picked":["Empty Cage","Busted Crown"],"picked":"Cursed Key"}],"items_purged_floors":[21],"is_endless":false,"potions_floor_spawned":[6,11,12,25,29,31],"killed_by":"Collector","ascension_level":0}}