{"host":"7l2t4psy44vpcd9q","time":1608557213,"event":{"mods":["AchievementEnabler","BaseMod","DeckTracker","Minty Spire (QoL Compilation)","SuperFastMode"],"gold_per_floor":[12,12,26,49,11,54,116,116,139,180,193,229,229,265,265,356,356,369,19,19,19],"floor_reached":20,"playtime":867,"items_purged":["Strike_B"],"score":390,"play_id":"ab5acf58-4cc3-4c4a-ac3b-e9b1256f45f6","local_time":"20201221222653","is_ascension_mode":true,"campfire_choices":[{"floor":8,"key":"REST"},{"floor":13,"key":"REST"},{"data":"Consume","floor":15,"key":"SMITH"}],"circlet_count":0,"master_deck":["AscendersBane","Strike_B","Strike_B","Strike_B","Defend_B","Defend_B","Defend_B","Defend_B","Zap","Dualcast","Doom and Gloom","Consume+1","Chaos","Cold Snap","Coolheaded","Compile Driver","Biased Cognition"],"relics":["Cracked Core","Golden Idol","Akabeko","Nunchaku","Calipers","Darkstone Periapt","Ancient Tea Set","Cursed Key","White Beast Statue"],"acts_visited":["Exordium","TheCity"],"potions_floor_usage":[12,14,18,20],"damage_taken":[{"damage":14,"enemies":"Small Slimes","floor":1,"turns":3},{"damage":4,"enemies":"Jaw Worm","floor":3,"turns":3},{"damage":7,"enemies":"2 Louse","floor":4,"turns":2},{"damage":28,"enemies":"3 Sentries","floor":6,"turns":5},{"damage":29,"enemies":"Gremlin Nob","floor":10,"turns":4},{"damage":0,"enemies":"Exordium Thugs","floor":11,"turns":2},{"damage":19,"enemies":"3 Sentries","floor":12,"turns":7},{"damage":4,"enemies":"Gremlin Nob","floor":14,"turns":3},{"damage":19,"enemies":"Slime Boss","floor":16,"turns":8},{"damage":19,"enemies":"Shell Parasite","floor":18,"turns":7},{"damage":48,"enemies":"3 Byrds","floor":20,"turns":3}],"seed_played":"-6493127391626695385","potions_obtained":[{"floor":3,"key":"ColorlessPotion"},{"floor":4,"key":"FairyPotion"},{"floor":12,"key":"AttackPotion"},{"floor":16,"key":"SkillPotion"},{"floor":18,"key":"FocusPotion"}],"is_trial":false,"path_per_floor":["M","?","M","M","?","E","?","R","T","E","M","E","R","E","R","B",null,"M","$","M"],"character_chosen":"DEFECT","items_purchased":["White Beast Statue"],"campfire_rested":2,"item_purchase_floors":[19],"current_hp_per_floor":[64,64,60,53,53,25,25,48,48,19,19,23,46,42,42,23,64,45,45,0,0],"gold":19,"neow_bonus":"TWENTY_PERCENT_HP_BONUS","is_daily":false,"chose_seed":false,"campfire_upgraded":1,"win_rate":0.0,"timestamp":1608557213,"path_taken":["M","?","M","M","?","E","?","R","T","E","M","E","R","E","R","BOSS","M","$","M"],"items_purchased_type":["Relic"],"build_version":"2020-12-13","purchased_purges":1,"victory":false,"max_hp_per_floor":[85,77,77,77,77,77,77,77,77,77,77,77,77,77,77,77,77,77,77,77,77],"card_choices":[{"not_picked":["Coolheaded","Tempest"],"picked":"Doom and Gloom","floor":1},{"not_picked":["Hologram","Rebound"],"picked":"Consume","floor":3},{"not_picked":["Heatsinks","Double Energy"],"picked":"Chaos","floor":4},{"not_picked":["Hologram","Lockon"],"picked":"Cold Snap","floor":6},{"not_picked":["Stack","Steam Power"],"picked":"Coolheaded","floor":10},{"not_picked":["Rebound","Chaos"],"picked":"Compile Driver","floor":11},{"not_picked":["Streamline","Static Discharge","Buffer"],"picked":"SKIP","floor":12},{"not_picked":["Consume","Sweeping Beam","Lockon"],"picked":"SKIP","floor":14},{"not_picked":["Buffer","Fission"],"picked":"Biased Cognition","floor":16},{"not_picked":["Doom and Gloom","Cold Snap","Barrage"],"picked":"SKIP","floor":18}],"player_experience":1113727,"relics_obtained":[{"floor":6,"key":"Akabeko"},{"floor":9,"key":"Nunchaku"},{"floor":10,"key":"Calipers"},{"floor":12,"key":"Darkstone Periapt"},{"floor":14,"key":"Ancient Tea Set"}],"event_choices":[{"damage_healed":0,"gold_gain":0,"player_choice":"Lose Max HP","damage_taken":0,"relics_obtained":["Golden Idol"],"max_hp_gain":0,"max_hp_loss":8,"event_name":"Golden Idol","floor":2,"gold_loss":0},{"damage_healed":0,"gold_gain":0,"player_choice":"Left Gold","damage_taken":0,"max_hp_gain":0,"max_hp_loss":0,"event_name":"World of Goop","floor":5,"gold_loss":38},{"damage_healed":0,"gold_gain":62,"player_choice":"Gained Gold","damage_taken":0,"max_hp_gain":0,"max_hp_loss":0,"event_name":"Golden Wing","floor":7,"gold_loss":0}],"is_beta":false,"boss_relics":[{"not_picked":["SlaversCollar","Runic Pyramid"],"picked":"Cursed Key"}],"items_purged_floors":[19],"is_endless":false,"potions_floor_spawned":[3,4,12,16,18],"killed_by":"3 Byrds","ascension_level":19}}