{"host":"a9gsz7kv8aebwp1f","time":1608544552,"event":{"mods":["AchievementEnabler","BaseMod","Minty Spire (QoL Compilation)"],"gold_per_floor":[113,133,146,156,214,214,314,324,351,366,377,391,422,441,441,537,537,549,549,549,474,31,31,31,64,64,79,91,110,129,147,147,251,251,271,288,333,353,353,386,386,402,402,402,402],"floor_reached":44,"playtime":1378,"items_purged":[],"score":927,"play_id":"91dae010-8ebe-483d-9e53-2f2f3cfd57b3","local_time":"20201221185552","is_ascension_mode":true,"campfire_choices":[{"data":"Shrug It Off","floor":6,"key":"SMITH"},{"floor":15,"key":"REST"},{"data":"Limit Break","floor":23,"key":"SMITH"},{"floor":32,"key":"REST"},{"floor":41,"key":"REST"}],"circlet_count":0,"master_deck":["AscendersBane","Strike_R","Strike_R","Strike_R","Strike_R","Strike_R","Defend_R","Defend_R","Defend_R","Bash","Reckless Charge","Shrug It Off+1","Clash","Anger","Cleave","Disarm","Perfected Strike","Perfected Strike","Headbutt","Limit Break+1","Blood for Blood","Blind","Cleave","Writhe","Heavy Blade","Shame","Flex+1","Shrug It Off+1","Flex","Battle Trance+1","Wild Strike+1","Limit Break","Spot Weakness+1","Reckless Charge+1","Heavy Blade+1","Reckless Charge+1","Battle Trance","Flex+1","Parasite","Perfected Strike","Regret"],"relics":["Burning Blood","Pen Nib","Akabeko","Boot","Cursed Key","Brimstone","Lantern","StrikeDummy","Oddly Smooth Stone","Pear","SacredBark","Dead Branch","Vajra","Shuriken"],"acts_visited":["Exordium","TheCity","TheBeyond"],"potions_floor_usage":[13,16,16,33,33,33,40,42],"damage_taken":[{"damage":0,"enemies":"Small Slimes","floor":1,"turns":3},{"damage":8,"enemies":"2 Louse","floor":2,"turns":2},{"damage":0,"enemies":"Cultist","floor":3,"turns":2},{"damage":16,"enemies":"2 Fungi Beasts","floor":4,"turns":3},{"damage":0,"enemies":"3 Louse","floor":8,"turns":3},{"damage":6,"enemies":"Looter","floor":10,"turns":3},{"damage":8,"enemies":"Large Slime","floor":11,"turns":4},{"damage":43,"enemies":"Gremlin Gang","floor":12,"turns":5},{"damage":0,"enemies":"Gremlin Nob","floor":13,"turns":2},{"damage":4,"enemies":"2 Fungi Beasts","floor":14,"turns":3},{"damage":59,"enemies":"Hexaghost","floor":16,"turns":11},{"damage":3,"enemies":"Chosen","floor":18,"turns":3},{"damage":37,"enemies":"Slavers","floor":25,"turns":3},{"damage":7,"enemies":"Spheric Guardian","floor":27,"turns":3},{"damage":24,"enemies":"Snake Plant","floor":28,"turns":3},{"damage":12,"enemies":"Shelled Parasite and Fungi","floor":29,"turns":3},{"damage":0,"enemies":"Snecko","floor":30,"turns":3},{"damage":0,"enemies":"3 Cultists","floor":31,"turns":3},{"damage":26,"enemies":"Collector","floor":33,"turns":5},{"damage":17,"enemies":"Orb Walker","floor":35,"turns":2},{"damage":4,"enemies":"3 Shapes","floor":36,"turns":2},{"damage":43,"enemies":"2 Orb Walkers","floor":37,"turns":3},{"damage":23,"enemies":"Sphere and 2 Shapes","floor":38,"turns":3},{"damage":20,"enemies":"Giant Head","floor":40,"turns":6},{"damage":36,"enemies":"Writhing Mass","floor":42,"turns":5},{"damage":26,"enemies":"3 Darklings","floor":44,"turns":1}],"seed_played":"-5785950005572409786","potions_obtained":[{"floor":1,"key":"Block Potion"},{"floor":4,"key":"ColorlessPotion"},{"floor":10,"key":"Strength Potion"},{"floor":14,"key":"Explosive Potion"},{"floor":16,"key":"Fruit Juice"},{"floor":18,"key":"SteroidPotion"},{"floor":27,"key":"Block Potion"},{"floor":31,"key":"CultistPotion"},{"floor":33,"key":"Fruit Juice"},{"floor":37,"key":"BlessingOfTheForge"},{"floor":38,"key":"Fire Potion"}],"is_trial":false,"path_per_floor":["M","M","M","M","?","R","?","M","T","M","M","M","E","M","R","B",null,"M","?","?","?","$","R","T","E","T","M","M","M","M","M","R","B",null,"M","M","?","M","?","E","R","M","T","M"],"character_chosen":"IRONCLAD","items_purchased":["Brimstone","Blind","Lantern","Cleave"],"campfire_rested":3,"item_purchase_floors":[22,22,22,22],"current_hp_per_floor":[78,76,80,70,70,70,70,76,76,76,74,37,43,45,69,21,69,72,56,86,86,86,86,86,55,65,64,46,40,46,52,82,67,96,85,87,50,33,33,19,50,20,20,0,0],"gold":402,"neow_bonus":"RANDOM_COMMON_RELIC","is_daily":false,"chose_seed":false,"campfire_upgraded":2,"win_rate":0.0,"timestamp":1608544552,"path_taken":["M","M","M","M","?","R","?","M","T","M","M","M","E","?","R","BOSS","M","?","?","?","$","R","?","E","T","M","M","M","M","M","R","BOSS","M","M","?","M","?","E","R","?","T","M"],"items_purchased_type":["Relic","Card","Relic","Card"],"build_version":"2020-12-13","purchased_purges":0,"victory":false,"max_hp_per_floor":[80,80,80,80,80,80,80,80,80,80,80,80,80,80,80,85,85,85,90,90,90,90,90,90,90,100,100,100,100,100,100,100,105,105,105,105,105,105,105,105,105,105,105,105,105],"card_choices":[{"not_picked":["Searing Blow","Bloodletting"],"picked":"Body Slam","floor":1},{"not_picked":["Hemokinesis","Iron Wave"],"picked":"Reckless Charge","floor":2},{"not_picked":["Reckless Charge","Combust"],"picked":"Shrug It Off","floor":3},{"not_picked":["Dual Wield","Power Through"],"picked":"Clash","floor":4},{"not_picked":["Rupture","Hemokinesis"],"picked":"Anger","floor":8},{"not_picked":["Blood for Blood","True Grit"],"picked":"Cleave","floor":10},{"not_picked":["Carnage","Feel No Pain"],"picked":"Disarm","floor":11},{"not_picked":["Pummel","Hemokinesis"],"picked":"Perfected Strike","floor":12},{"not_picked":["Combust","Thunderclap"],"picked":"Perfected Strike","floor":13},{"not_picked":["Warcry","Juggernaut"],"picked":"Headbutt","floor":14},{"not_picked":["Immolate","Bludgeon"],"picked":"Limit Break","floor":16},{"not_picked":["Warcry","Whirlwind"],"picked":"Blood for Blood","floor":18},{"not_picked":["Whirlwind","Juggernaut"],"picked":"Heavy Blade","floor":25},{"not_picked":["Armaments+1","Headbutt+1"],"picked":"Flex+1","floor":27},{"not_picked":["Entrench+1","Headbutt+1"],"picked":"Shrug It Off+1","floor":28},{"not_picked":["Dropkick","Iron Wave"],"picked":"Flex","floor":29},{"not_picked":["Berserk","Clash"],"picked":"Battle Trance+1","floor":30},{"not_picked":["Combust","Iron Wave"],"picked":"Wild Strike+1","floor":31},{"not_picked":["Corruption","Feed"],"picked":"Limit Break","floor":33},{"not_picked":["Seeing Red+1","Whirlwind"],"picked":"Spot Weakness+1","floor":35},{"not_picked":["Evolve+1","Headbutt"],"picked":"Reckless Charge+1","floor":36},{"not_picked":["Headbutt","Thunderclap+1"],"picked":"Heavy Blade+1","floor":37},{"not_picked":["Body Slam+1","Metallicize"],"picked":"Reckless Charge+1","floor":38},{"not_picked":["Heavy Blade+1","Warcry"],"picked":"Flex+1","floor":40},{"not_picked":["Warcry","Ghostly Armor+1"],"picked":"Perfected Strike","floor":42}],"player_experience":443642,"relics_obtained":[{"floor":9,"key":"Akabeko"},{"floor":13,"key":"Boot"},{"floor":24,"key":"StrikeDummy"},{"floor":25,"key":"Oddly Smooth Stone"},{"floor":26,"key":"Pear"},{"floor":37,"key":"Dead Branch"},{"floor":40,"key":"Vajra"},{"floor":43,"key":"Shuriken"}],"event_choices":[{"damage_healed":0,"gold_gain":58,"player_choice":"Gained Gold","damage_taken":0,"max_hp_gain":0,"max_hp_loss":0,"event_name":"Golden Wing","floor":5,"gold_loss":0},{"damage_healed":0,"gold_gain":100,"player_choice":"Gold","damage_taken":0,"max_hp_gain":0,"max_hp_loss":0,"event_name":"Wheel of Change","floor":7,"gold_loss":0},{"damage_healed":0,"gold_gain":0,"player_choice":"Shed Blood","damage_taken":21,"max_hp_gain":5,"max_hp_loss":0,"event_name":"Forgotten Altar","floor":19,"gold_loss":0},{"damage_healed":30,"gold_gain":0,"player_choice":"Heal","damage_taken":0,"max_hp_gain":0,"max_hp_loss":0,"event_name":"The Library","floor":20,"gold_loss":0},{"cards_removed":["Defend_R"],"damage_healed":0,"gold_gain":0,"player_choice":"Gave Gold","damage_taken":0,"max_hp_gain":0,"max_hp_loss":0,"event_name":"Beggar","floor":21,"gold_loss":75},{"damage_healed":0,"gold_gain":0,"player_choice":"Fight","damage_taken":0,"max_hp_gain":0,"max_hp_loss":0,"event_name":"Mysterious Sphere","floor":37,"gold_loss":0},{"damage_healed":0,"gold_gain":0,"cards_transformed":["Body Slam"],"player_choice":"Transformed","damage_taken":0,"max_hp_gain":0,"max_hp_loss":0,"event_name":"Transmorgrifier","floor":39,"gold_loss":0,"cards_obtained":["Battle Trance"]}],"is_beta":false,"boss_relics":[{"not_picked":["Runic Cube","Tiny House"],"picked":"Cursed Key"},{"not_picked":["Fusion Hammer","Black Star"],"picked":"SacredBark"}],"items_purged_floors":[],"is_endless":false,"potions_floor_spawned":[1,4,10,12,14,16,18,27,28,31,33,37,38],"killed_by":"3 Darklings","ascension_level":10}}