{"host":"fjaupvxe7fzqrf4j","time":1608522903,"event":{"mods":["BaseMod","Minty Spire (QoL Compilation)","StSLib"],"gold_per_floor":[114,114,114,114,130,156,156,189,215,244,269,299,333,366,366,440,440,455,472,472,472,204,232,260,293,338,338,370,370,396,421,421,500,500,518,100,100,100,100,127,162,197,197,222,222,253,253,278,278,278,278,278,278,64,89,89],"floor_reached":57,"playtime":1825,"items_purged":["Masterful Stab+1","Prepared+1"],"score":4805,"play_id":"99004396-02f3-4b6c-84cc-cd879f70a2e6","local_time":"20201221115503","daily_mods":["SealedDeck","Heirloom","Time Dilation","Flight","Elite Swarm"],"is_ascension_mode":true,"campfire_choices":[{"data":"Concentrate","floor":7.0,"key":"SMITH"},{"data":"Calculated Gamble","floor":15.0,"key":"SMITH"},{"data":"Expertise","floor":27.0,"key":"SMITH"},{"data":"Reflex","floor":32.0,"key":"SMITH"},{"floor":49.0,"key":"RECALL"}],"circlet_count":0,"master_deck":["AscendersBane","Well Laid Plans+1","Escape Plan+1","Calculated Gamble+1","Tactician+1","Concentrate+1","Reflex+1","Backflip+1","Expertise+1","After Image+1","Grand Finale+1","Adrenaline+1","Acrobatics+1","Master of Strategy+1"],"relics":["Ring of the Snake","Mango","Bronze Scales","Juzu Bracelet","Blood Vial","Ornamental Fan","Nunchaku","Akabeko","Pear","Torii","Coffee Dripper","Question Card","Pocketwatch","Pen Nib","Art of War","Whetstone","Sundial","Tiny Chest","StrikeDummy","SlaversCollar","Medical Kit","Bag of Preparation","Mark of the Bloom","Darkstone Periapt","Shuriken","Orichalcum","Paper Crane","TungstenRod","The Courier","Unceasing Top","Turnip","Lantern","Bottled Flame"],"acts_visited":["Exordium","TheCity","TheBeyond","TheEnding"],"potions_floor_usage":[56,56],"damage_taken":[{"damage":0.0,"enemies":"Small Slimes","floor":1.0,"turns":1.0},{"damage":0.0,"enemies":"Cultist","floor":5.0,"turns":1.0},{"damage":0.0,"enemies":"Lagavulin","floor":6.0,"turns":1.0},{"damage":0.0,"enemies":"Gremlin Nob","floor":8.0,"turns":1.0},{"damage":0.0,"enemies":"3 Sentries","floor":10.0,"turns":1.0},{"damage":0.0,"enemies":"Gremlin Nob","floor":11.0,"turns":1.0},{"damage":0.0,"enemies":"3 Sentries","floor":12.0,"turns":1.0},{"damage":0.0,"enemies":"Gremlin Nob","floor":13.0,"turns":1.0},{"damage":0.0,"enemies":"Lagavulin","floor":14.0,"turns":1.0},{"damage":0.0,"enemies":"The Guardian","floor":16.0,"turns":2.0},{"damage":0.0,"enemies":"3 Byrds","floor":18.0,"turns":1.0},{"damage":0.0,"enemies":"Shell Parasite","floor":19.0,"turns":1.0},{"damage":0.0,"enemies":"Gremlin Leader","floor":23.0,"turns":1.0},{"damage":0.0,"enemies":"Slavers","floor":24.0,"turns":1.0},{"damage":0.0,"enemies":"Gremlin Leader","floor":25.0,"turns":1.0},{"damage":0.0,"enemies":"Book of Stabbing","floor":28.0,"turns":1.0},{"damage":0.0,"enemies":"Gremlin Leader","floor":30.0,"turns":1.0},{"damage":0.0,"enemies":"Slavers","floor":31.0,"turns":1.0},{"damage":0.0,"enemies":"Automaton","floor":33.0,"turns":1.0},{"damage":0.0,"enemies":"3 Darklings","floor":35.0,"turns":1.0},{"damage":0.0,"enemies":"Nemesis","floor":40.0,"turns":1.0},{"damage":0.0,"enemies":"Reptomancer","floor":41.0,"turns":1.0},{"damage":0.0,"enemies":"Giant Head","floor":42.0,"turns":1.0},{"damage":0.0,"enemies":"Reptomancer","floor":44.0,"turns":1.0},{"damage":0.0,"enemies":"Nemesis","floor":46.0,"turns":1.0},{"damage":0.0,"enemies":"Reptomancer","floor":48.0,"turns":1.0},{"damage":0.0,"enemies":"Awakened One","floor":50.0,"turns":2.0},{"damage":0.0,"enemies":"Time Eater","floor":51.0,"turns":1.0},{"damage":0.0,"enemies":"Shield and Spear","floor":55.0,"turns":1.0},{"damage":0,"enemies":"The Heart","floor":56,"turns":4}],"seed_played":"1147396985589290969","potions_obtained":[{"floor":4.0,"key":"SneckoOil"},{"floor":4.0,"key":"Block Potion"},{"floor":6.0,"key":"DuplicationPotion"},{"floor":18.0,"key":"ColorlessPotion"},{"floor":33.0,"key":"DuplicationPotion"}],"is_trial":true,"path_per_floor":["M","?","$","?","M","E","R","E","T","E","E","E","E","E","R","B",null,"M","M","?","T","$","E","E","E","T","R","E","?","E","E","R","B",null,"M","$","?","?","?","E","E","E","T","E","T","E","?","E","R","B","B",null,"R","$","E","B",null],"character_chosen":"THE_SILENT","items_purchased":["Question Card","Medical Kit","Bag of Preparation","Lantern"],"campfire_rested":0,"item_purchase_floors":[22,36,36,54],"current_hp_per_floor":[73,73,73,73,73,73,73,73,73,75,77,79,90,90,90,90,90,90,90,63,63,63,65,67,69,69,69,71,71,73,75,75,77,91,93,93,93,93,93,93,93,93,93,93,93,93,93,93,93,93,93,93,93,93,93,93],"gold":89,"neow_bonus":"","is_daily":false,"chose_seed":false,"campfire_upgraded":4,"win_rate":0.0,"timestamp":1608522903,"path_taken":["M","?","$","?","?","E","R","E","T","E","E","E","E","E","R","BOSS","M","M","?","?","$","E","E","E","T","R","E","?","E","E","R","BOSS","M","$","?","?","?","E","E","E","T","E","?","E","?","E","R","BOSS","BOSS","R","$","E","BOSS"],"items_purchased_type":["Relic","Relic","Relic","Relic"],"build_version":"2020-12-13","purchased_purges":2,"victory":true,"max_hp_per_floor":[80,80,80,80,80,80,80,80,80,80,80,80,90,90,90,90,90,90,90,95,95,95,95,95,95,95,95,95,95,95,95,95,95,95,95,95,95,95,95,95,95,95,95,95,95,95,95,95,95,95,95,95,95,95,95,95],"card_choices":[{"not_picked":["Flying Knee","Reflex","Sucker Punch"],"picked":"SKIP","floor":1.0},{"not_picked":["Backflip","Poisoned Stab","Catalyst"],"picked":"SKIP","floor":5.0},{"not_picked":["Tools of the Trade","Storm of Steel","Unload"],"picked":"SKIP","floor":6.0},{"not_picked":["Bullet Time","Wraith Form v2","Unload"],"picked":"SKIP","floor":8.0},{"not_picked":["Burst","Venomology","Glass Knife"],"picked":"SKIP","floor":10.0},{"not_picked":["Doppelganger","Malaise"],"picked":"After Image","floor":11.0},{"not_picked":["A Thousand Cuts","Venomology"],"picked":"After Image","floor":12.0},{"not_picked":["Phantasmal Killer","Envenom","After Image"],"picked":"SKIP","floor":13.0},{"not_picked":["Tools of the Trade","Die Die Die","Bullet Time"],"picked":"SKIP","floor":14.0},{"not_picked":["Dagger Spray+1","Flying Knee","Reflex"],"picked":"SKIP","floor":18.0},{"not_picked":["Dagger Throw","Underhanded Strike","Blade Dance"],"picked":"SKIP","floor":19.0},{"not_picked":["After Image","Phantasmal Killer","Bullet Time","Night Terror"],"picked":"SKIP","floor":23.0},{"not_picked":["Wraith Form v2","Tools of the Trade","Malaise"],"picked":"Grand Finale","floor":24.0},{"not_picked":["Glass Knife","Malaise","Bullet Time","Storm of Steel"],"picked":"SKIP","floor":25.0},{"not_picked":["Venomology","Glass Knife","Doppelganger"],"picked":"Adrenaline","floor":28.0},{"not_picked":["Doppelganger","Night Terror","A Thousand Cuts","Wraith Form v2"],"picked":"SKIP","floor":30.0},{"not_picked":["Unload","After Image","Night Terror","Wraith Form v2"],"picked":"SKIP","floor":31.0},{"not_picked":["Outmaneuver","Backstab","Leg Sweep+1","Escape Plan"],"picked":"SKIP","floor":35.0},{"not_picked":["Metamorphosis","Enlightenment","Deep Breath"],"picked":"Master of Strategy","floor":38.0},{"not_picked":["Grand Finale","Tools of the Trade","Unload","Bullet Time"],"picked":"SKIP","floor":40.0},{"not_picked":["Doppelganger","Storm of Steel","Bullet Time","Malaise"],"picked":"SKIP","floor":41.0},{"not_picked":["Die Die Die","Grand Finale","Wraith Form v2","Glass Knife"],"picked":"SKIP","floor":42.0},{"not_picked":["After Image","Phantasmal Killer","Corpse Explosion","Die Die Die"],"picked":"SKIP","floor":44.0},{"not_picked":["Glass Knife","Tools of the Trade","Die Die Die","A Thousand Cuts"],"picked":"SKIP","floor":46.0},{"not_picked":["Envenom","Tools of the Trade","Doppelganger","Night Terror"],"picked":"SKIP","floor":48.0},{"not_picked":["Malaise","Adrenaline","Die Die Die","A Thousand Cuts"],"picked":"SKIP","floor":55.0}],"player_experience":213543,"relics_obtained":[{"floor":6.0,"key":"Bronze Scales"},{"floor":8.0,"key":"Juzu Bracelet"},{"floor":9.0,"key":"Blood Vial"},{"floor":10.0,"key":"Ornamental Fan"},{"floor":11.0,"key":"Nunchaku"},{"floor":12.0,"key":"Akabeko"},{"floor":13.0,"key":"Pear"},{"floor":14.0,"key":"Torii"},{"floor":23.0,"key":"Pocketwatch"},{"floor":24.0,"key":"Pen Nib"},{"floor":25.0,"key":"Art of War"},{"floor":26.0,"key":"Whetstone"},{"floor":28.0,"key":"Sundial"},{"floor":30.0,"key":"Tiny Chest"},{"floor":31.0,"key":"StrikeDummy"},{"floor":40.0,"key":"Darkstone Periapt"},{"floor":41.0,"key":"Shuriken"},{"floor":42.0,"key":"Orichalcum"},{"floor":43.0,"key":"Paper Crane"},{"floor":44.0,"key":"TungstenRod"},{"floor":45.0,"key":"The Courier"},{"floor":46.0,"key":"Unceasing Top"},{"floor":48.0,"key":"Turnip"},{"floor":55.0,"key":"Bottled Flame"}],"event_choices":[{"damage_healed":0.0,"max_hp_gain":0.0,"max_hp_loss":0.0,"gold_gain":0.0,"event_name":"The Cleric","player_choice":"Leave","floor":2.0,"gold_loss":0.0,"damage_taken":0.0},{"damage_healed":0.0,"max_hp_gain":0.0,"max_hp_loss":0.0,"gold_gain":0.0,"event_name":"Lab","player_choice":"Got Potions","floor":4.0,"gold_loss":0.0,"damage_taken":0.0},{"damage_healed":0.0,"max_hp_gain":5.0,"max_hp_loss":0.0,"gold_gain":0.0,"event_name":"Forgotten Altar","player_choice":"Shed Blood","floor":20.0,"gold_loss":0.0,"damage_taken":32.0},{"damage_healed":0.0,"max_hp_gain":0.0,"max_hp_loss":0.0,"gold_gain":0.0,"event_name":"The Library","player_choice":"Read","floor":29.0,"gold_loss":0.0,"damage_taken":0.0,"cards_obtained":["Acrobatics"]},{"cards_removed":["After Image"],"damage_healed":0.0,"max_hp_gain":0.0,"max_hp_loss":0.0,"gold_gain":0.0,"event_name":"Purifier","player_choice":"Purged","floor":37.0,"gold_loss":0.0,"damage_taken":0.0},{"damage_healed":0.0,"max_hp_gain":0.0,"max_hp_loss":0.0,"gold_gain":0.0,"event_name":"SensoryStone","player_choice":"Memory 1","floor":38.0,"gold_loss":0.0,"damage_taken":0.0},{"damage_healed":0.0,"max_hp_gain":0.0,"max_hp_loss":0.0,"gold_gain":0.0,"event_name":"MindBloom","player_choice":"Upgrade","floor":39.0,"gold_loss":0.0,"damage_taken":0.0,"cards_upgraded":["Well Laid Plans","Escape Plan","Prepared","Tactician","Backflip","After Image","Adrenaline","Acrobatics","Master of Strategy"],"relics_obtained":["Mark of the Bloom"]},{"damage_healed":0.0,"max_hp_gain":0.0,"max_hp_loss":0.0,"gold_gain":0.0,"event_name":"Tomb of Lord Red Mask","player_choice":"Ignored","floor":47.0,"gold_loss":0.0,"damage_taken":0.0}],"is_beta":false,"boss_relics":[{"not_picked":["HoveringKite","Calling Bell"],"picked":"Coffee Dripper"},{"not_picked":["Philosopher\u0027s Stone","Ring of the Serpent"],"picked":"SlaversCollar"}],"items_purged_floors":[36,54],"is_endless":false,"potions_floor_spawned":[6,13,16,18,19,23,33,41,42,44,46,48,55],"ascension_level":20}}