{"host":"6azrrw3tf7wb0f4b","time":1608560628,"event":{"mods":["BaseMod","DeckTracker","Minty Spire (QoL Compilation)","SuperFastMode"],"gold_per_floor":[117,117,135,210,221,221,233,233,233,250,250,250,263,295,295,295,295],"floor_reached":16,"playtime":242,"items_purged":[],"score":143,"play_id":"8ad34307-b892-465a-b8ef-c65c32ecb23e","local_time":"20201221232348","is_ascension_mode":true,"campfire_choices":[{"data":"Dualcast","floor":6,"key":"SMITH"},{"data":"Sweeping Beam","floor":8,"key":"SMITH"},{"data":"Static Discharge","floor":11,"key":"SMITH"},{"floor":15,"key":"REST"}],"circlet_count":0,"master_deck":["Strike_B","Strike_B","Strike_B","Defend_B","Defend_B","Defend_B","Defend_B","Zap","Dualcast+1","Capacitor","Sweeping Beam+1","Doom and Gloom","Coolheaded","Static Discharge+1","Undo","Barrage","Core Surge","Glacier"],"relics":["Cracked Core","Matryoshka","InkBottle"],"acts_visited":["Exordium"],"potions_floor_usage":[10,14,14],"damage_taken":[{"damage":6,"enemies":"Cultist","floor":1,"turns":4},{"damage":10,"enemies":"2 Louse","floor":3,"turns":2},{"damage":7,"enemies":"Small Slimes","floor":5,"turns":4},{"damage":1,"enemies":"3 Louse","floor":7,"turns":2},{"damage":0,"enemies":"2 Fungi Beasts","floor":10,"turns":3},{"damage":9,"enemies":"Red Slaver","floor":13,"turns":3},{"damage":20,"enemies":"Gremlin Nob","floor":14,"turns":4},{"damage":34,"enemies":"The Guardian","floor":16,"turns":2}],"seed_played":"3975718010620464423","potions_obtained":[{"floor":5,"key":"DistilledChaos"},{"floor":12,"key":"SkillPotion"},{"floor":12,"key":"SteroidPotion"},{"floor":12,"key":"LiquidMemories"},{"floor":14,"key":"EssenceOfSteel"}],"is_trial":false,"path_per_floor":["M","?","M","?","M","R","M","R","T","M","R","?","M","E","R","B"],"character_chosen":"DEFECT","items_purchased":[],"campfire_rested":1,"item_purchase_floors":[],"current_hp_per_floor":[62,62,52,41,34,34,33,33,33,33,33,33,24,4,26,0,0],"gold":295,"neow_bonus":"THREE_CARDS","is_daily":false,"chose_seed":false,"campfire_upgraded":3,"win_rate":0.0,"timestamp":1608560628,"path_taken":["M","?","M","?","M","R","M","R","T","M","R","?","M","E","R","BOSS"],"items_purchased_type":[],"build_version":"2020-12-13","purchased_purges":0,"victory":false,"max_hp_per_floor":[75,75,75,75,75,75,75,75,75,75,75,75,75,75,75,75,75],"card_choices":[{"not_picked":["Rebound","Genetic Algorithm"],"picked":"Capacitor","floor":0},{"not_picked":["Stack","Leap"],"picked":"Sweeping Beam","floor":1},{"not_picked":["Rebound","Streamline"],"picked":"Coolheaded","floor":3},{"not_picked":["Turbo","Blizzard"],"picked":"Static Discharge","floor":5},{"not_picked":["Stack","Ball Lightning"],"picked":"Undo","floor":7},{"not_picked":["Turbo","Static Discharge"],"picked":"Barrage","floor":10},{"not_picked":["Streamline","Barrage"],"picked":"Core Surge","floor":13},{"not_picked":["Steam Power","Stack"],"picked":"Glacier","floor":14}],"player_experience":641304,"relics_obtained":[{"floor":9,"key":"Matryoshka"},{"floor":14,"key":"InkBottle"}],"event_choices":[{"damage_healed":0,"gold_gain":0,"cards_transformed":["Strike_B"],"player_choice":"Change","damage_taken":0,"max_hp_gain":0,"max_hp_loss":0,"event_name":"Living Wall","floor":2,"gold_loss":0,"cards_obtained":["Doom and Gloom"]},{"damage_healed":0,"gold_gain":75,"player_choice":"Gather Gold","damage_taken":11,"max_hp_gain":0,"max_hp_loss":0,"event_name":"World of Goop","floor":4,"gold_loss":0},{"damage_healed":0,"gold_gain":0,"player_choice":"Got Potions","damage_taken":0,"max_hp_gain":0,"max_hp_loss":0,"event_name":"Lab","floor":12,"gold_loss":0}],"is_beta":false,"boss_relics":[],"items_purged_floors":[],"is_endless":false,"potions_floor_spawned":[5,13,14],"killed_by":"The Guardian","ascension_level":8}}