{"host":"12","time":1608543293,"event":{"mods":["Act Like it!","BaseMod","Colored Powertips","Minty Spire (QoL Compilation)","StSLib","【功能Mod】混沌之环修复补丁"],"gold_per_floor":[112,72,88,100,25,25,53,71,71,71,101,101,1,1,1,1,1],"floor_reached":16,"playtime":316,"items_purged":["Strike_P","Defend_P"],"score":196,"play_id":"c9d8d5d9-c6e6-47b0-81ab-4e179f9dde44","local_time":"20201221173453","is_ascension_mode":true,"campfire_choices":[{"data":"Eruption","floor":6.0,"key":"SMITH"},{"data":"BowlingBash","floor":10.0,"key":"SMITH"},{"data":"JustLucky","floor":12.0,"key":"SMITH"},{"floor":15.0,"key":"RECALL"}],"circlet_count":0,"master_deck":["AscendersBane","Strike_P","Strike_P","Strike_P","Defend_P","Defend_P","Defend_P","Eruption+1","Vigilance","JustLucky+1","BowlingBash+1"],"relics":["PureWater","NeowsBlessing","Gremlin Horn","Molten Egg 2","Odd Mushroom"],"acts_visited":["Exordium"],"potions_floor_usage":[16],"damage_taken":[{"damage":0.0,"enemies":"Cultist","floor":1.0,"turns":1.0},{"damage":0.0,"enemies":"2 Louse","floor":3.0,"turns":1.0},{"damage":0.0,"enemies":"Small Slimes","floor":4.0,"turns":1.0},{"damage":20.0,"enemies":"3 Sentries","floor":7.0,"turns":8.0},{"damage":32.0,"enemies":"Exordium Thugs","floor":8.0,"turns":6.0},{"damage":8.0,"enemies":"The Mushroom Lair","floor":11.0,"turns":4.0},{"damage":13,"enemies":"Slime Boss","floor":16,"turns":5}],"seed_played":"-1311368061286837035","potions_obtained":[{"floor":2.0,"key":"Fruit Juice"},{"floor":2.0,"key":"Ambrosia"},{"floor":2.0,"key":"DistilledChaos"},{"floor":11.0,"key":"Ambrosia"}],"is_trial":false,"path_per_floor":["M","?","M","M","$","R","E","M","T","R","?","R","$","?","R","B"],"character_chosen":"WATCHER","items_purchased":[],"campfire_rested":0,"item_purchase_floors":[],"current_hp_per_floor":[61,66,66,66,66,66,46,14,14,14,6,6,6,6,6,0,0],"gold":1,"neow_bonus":"THREE_ENEMY_KILL","is_daily":false,"chose_seed":false,"campfire_upgraded":3,"win_rate":0.0,"timestamp":1608543293,"path_taken":["M","?","?","M","$","R","E","M","T","R","?","R","$","?","R","BOSS"],"items_purchased_type":[],"build_version":"2020-12-18","purchased_purges":2,"victory":false,"max_hp_per_floor":[68,73,73,73,73,73,73,73,73,73,73,73,73,73,73,73,73],"card_choices":[{"not_picked":["Crescendo","Pray","PathToVictory"],"picked":"SKIP","floor":1.0},{"not_picked":["Pray","Halt"],"picked":"JustLucky","floor":3.0},{"not_picked":["CrushJoints","CutThroughFate"],"picked":"BowlingBash","floor":4.0},{"not_picked":["Consecrate","Worship","ThirdEye"],"picked":"SKIP","floor":7.0},{"not_picked":["CrushJoints","Crescendo","WindmillStrike"],"picked":"SKIP","floor":8.0}],"player_experience":549739,"relics_obtained":[{"floor":7.0,"key":"Gremlin Horn"},{"floor":9.0,"key":"Molten Egg 2"},{"floor":11.0,"key":"Odd Mushroom"}],"event_choices":[{"damage_healed":0.0,"max_hp_gain":0.0,"max_hp_loss":0.0,"gold_gain":0.0,"event_name":"The Woman in Blue","player_choice":"Bought 3 Potions","floor":2.0,"gold_loss":0.0,"damage_taken":0.0},{"damage_healed":0.0,"max_hp_gain":0.0,"max_hp_loss":0.0,"gold_gain":0.0,"event_name":"Mushrooms","player_choice":"Fought Mushrooms","floor":11.0,"gold_loss":0.0,"damage_taken":0.0},{"damage_healed":0.0,"max_hp_gain":0.0,"max_hp_loss":0.0,"gold_gain":0.0,"event_name":"Liars Game","player_choice":"Ignored","floor":14.0,"gold_loss":0.0,"damage_taken":0.0}],"is_beta":true,"boss_relics":[],"items_purged_floors":[5,13],"is_endless":false,"potions_floor_spawned":[7,11],"killed_by":"Slime Boss","ascension_level":20}}