{"host":"rqd50iigewdjy74u","time":1608528245,"event":{"mods":["AchievementEnabler","BaseMod","BetterRewards","Custom Start","Minty Spire (QoL Compilation)","StSLib"],"gold_per_floor":[112,123,198,211,224,224,302,330,330,330,353,376,417,107,107,232,232,245,245,245,245,245,279,293,293,368,368,384,146,190,215,215,343,343,366,426,426,426,426,426,460,480,480,519,538,559,892,8,8,8,8],"floor_reached":50,"playtime":2725,"items_purged":[],"score":898,"play_id":"4d525f81-eef2-4871-b3b3-cbe93281b505","local_time":"20201220232405","daily_mods":["Draft"],"is_ascension_mode":false,"campfire_choices":[{"data":"Aggregate","floor":6,"key":"SMITH"},{"data":"Aggregate","floor":15,"key":"SMITH"},{"data":"Creative AI","floor":25,"key":"SMITH"},{"data":"Chill","floor":27,"key":"SMITH"},{"data":"Turbo","floor":32,"key":"SMITH"},{"data":"Capacitor","floor":40,"key":"SMITH"},{"floor":49,"key":"REST"}],"circlet_count":0,"master_deck":["Turbo+1","Stack","Chill+1","Conserve Battery","Cold Snap","Go for the Eyes","Cold Snap","Steam","Sweeping Beam","Aggregate+1","Doom and Gloom","Cold Snap","Static Discharge","Barrage","Gash","Static Discharge","Genetic Algorithm","Aggregate+1","Turbo+1","Chaos+1","Ball Lightning","Aggregate+1","Loop","Creative AI+1","Steam+1","Conserve Battery+1","Stack+1","Aggregate+1","Bandage Up+1","Gash","Gash","Conserve Battery+1","Gash+1","Turbo+1","Tempest+1","Capacitor+1","Amplify+1","Beam Cell+1","Stack+1","Discovery+1","Flash of Steel","Madness+1","Madness+1","Madness+1","Scrape+1","Skim+1","Redo+1","Static Discharge","Reinforced Body+1","Hologram+1","Leap+1"],"relics":["Unceasing Top","Meat on the Bone","PreservedInsect","Toxic Egg 2","Art of War","Ancient Tea Set","Runic Dome","Nilry\u0027s Codex","Lantern","Nunchaku","Cables","Orrery","StoneCalendar","Snecko Eye","FossilizedHelix","Matryoshka","Vajra","Molten Egg 2","Calipers","Torii","Frozen Eye","Ginger"],"acts_visited":["Exordium","TheCity","TheBeyond"],"potions_floor_usage":[33,50,50],"damage_taken":[{"damage":0,"enemies":"Cultist","floor":1,"turns":4},{"damage":1,"enemies":"Jaw Worm","floor":2,"turns":2},{"damage":0,"enemies":"Small Slimes","floor":4,"turns":3},{"damage":0,"enemies":"Looter","floor":5,"turns":3},{"damage":7,"enemies":"Gremlin Nob","floor":8,"turns":4},{"damage":3,"enemies":"2 Fungi Beasts","floor":11,"turns":2},{"damage":3,"enemies":"Exordium Wildlife","floor":12,"turns":3},{"damage":0,"enemies":"3 Sentries","floor":13,"turns":3},{"damage":0,"enemies":"Slime Boss","floor":16,"turns":1},{"damage":0,"enemies":"Spheric Guardian","floor":18,"turns":2},{"damage":0,"enemies":"Book of Stabbing","floor":23,"turns":2},{"damage":0,"enemies":"3 Byrds","floor":24,"turns":1},{"damage":0,"enemies":"Shelled Parasite and Fungi","floor":28,"turns":2},{"damage":0,"enemies":"Gremlin Leader","floor":30,"turns":1},{"damage":0,"enemies":"3 Cultists","floor":31,"turns":2},{"damage":0,"enemies":"Automaton","floor":33,"turns":2},{"damage":16,"enemies":"3 Shapes","floor":35,"turns":5},{"damage":6,"enemies":"2 Orb Walkers","floor":36,"turns":3},{"damage":6,"enemies":"Nemesis","floor":41,"turns":5},{"damage":0,"enemies":"3 Darklings","floor":42,"turns":4},{"damage":39,"enemies":"Giant Head","floor":44,"turns":6},{"damage":0,"enemies":"Jaw Worm Horde","floor":45,"turns":4},{"damage":0,"enemies":"Transient","floor":46,"turns":5},{"damage":125,"enemies":"Time Eater","floor":50,"turns":12}],"seed_played":"6529901052937111649","potions_obtained":[{"floor":1,"key":"Block Potion"},{"floor":2,"key":"EssenceOfSteel"},{"floor":4,"key":"FairyPotion"},{"floor":31,"key":"Fruit Juice"},{"floor":36,"key":"LiquidMemories"}],"is_trial":true,"path_per_floor":["M","M","?","M","M","R","T","E","T","?","M","M","E","$","R","B",null,"M","?","?","?","T","E","M","R","T","R","M","$","E","M","R","B",null,"M","?","?","?","?","R","E","M","T","E","M","M","?","$","R","B"],"character_chosen":"DEFECT","items_purchased":["Aggregate+1","Ancient Tea Set","Loop","Bandage Up+1","Orrery","Torii","BlessingOfTheForge","Frozen Eye","Ginger","Hologram+1","Leap+1"],"campfire_rested":1,"item_purchase_floors":[14,14,14,29,29,48,48,48,48,48,48],"current_hp_per_floor":[75,74,63,63,63,63,63,56,56,38,47,44,44,44,44,44,75,75,75,59,59,59,59,59,59,59,59,59,59,65,71,71,80,80,70,64,64,54,44,44,50,50,50,29,47,53,53,53,77,0,0],"gold":8,"neow_bonus":"","is_daily":false,"chose_seed":false,"campfire_upgraded":6,"win_rate":0.0,"timestamp":1608528245,"path_taken":["M","?","?","M","M","R","?","E","T","?","M","M","E","$","R","BOSS","M","?","?","?","?","E","M","R","T","R","M","$","E","M","R","BOSS","M","?","?","?","?","R","E","?","T","E","M","M","?","?","R","BOSS"],"items_purchased_type":["Card","Relic","Card","Card","Relic","Relic","Potion","Relic","Relic","Card","Card"],"build_version":"2020-12-13","purchased_purges":0,"victory":false,"max_hp_per_floor":[75,75,75,75,75,75,75,75,75,75,75,75,75,75,75,75,75,75,75,75,75,75,75,75,75,75,75,75,75,75,75,75,80,80,80,80,80,80,80,80,80,80,80,80,80,80,80,80,80,80,80],"card_choices":[{"not_picked":["Auto Shields","Streamline"],"picked":"Turbo","floor":0},{"not_picked":["Rip and Tear","Steam Power"],"picked":"Stack","floor":0},{"not_picked":["Self Repair","Streamline"],"picked":"Chill","floor":0},{"not_picked":["Steam","Beam Cell"],"picked":"Conserve Battery","floor":0},{"not_picked":["Rebound","Reinforced Body"],"picked":"Cold Snap","floor":0},{"not_picked":["Recycle","Leap"],"picked":"Gash","floor":0},{"not_picked":["Doom and Gloom","Turbo"],"picked":"Go for the Eyes","floor":0},{"not_picked":["Compile Driver","Redo"],"picked":"Cold Snap","floor":0},{"not_picked":["Rebound","Redo"],"picked":"Steam","floor":0},{"not_picked":["Hello World","Hologram"],"picked":"Sweeping Beam","floor":0},{"not_picked":["Leap","Skim"],"picked":"Aggregate","floor":0},{"not_picked":["Turbo","Rebound"],"picked":"Doom and Gloom","floor":0},{"not_picked":["Stack","Redo"],"picked":"Cold Snap","floor":0},{"not_picked":["Steam","BootSequence"],"picked":"Static Discharge","floor":0},{"not_picked":["BootSequence","Hologram"],"picked":"Barrage","floor":0},{"not_picked":["Rebound","Go for the Eyes"],"picked":"Gash","floor":1},{"not_picked":["Ball Lightning","Double Energy"],"picked":"Static Discharge","floor":2},{"not_picked":["Ball Lightning","Scrape"],"picked":"Genetic Algorithm","floor":4},{"not_picked":["Consume","Rip and Tear"],"picked":"Aggregate","floor":5},{"not_picked":["Heatsinks","Rebound"],"picked":"Consume","floor":8},{"not_picked":["Streamline","Compile Driver"],"picked":"Turbo+1","floor":11},{"not_picked":["Streamline","Redo+1"],"picked":"Chaos+1","floor":12},{"not_picked":["Auto Shields+1","BootSequence+1"],"picked":"Ball Lightning","floor":13},{"not_picked":["Thunder Strike","Multi-Cast+1"],"picked":"Creative AI","floor":16},{"not_picked":["Compile Driver","Rebound"],"picked":"Steam+1","floor":18},{"not_picked":["Compile Driver","Cold Snap"],"picked":"Conserve Battery+1","floor":23},{"not_picked":["Reprogram+1","Recycle+1"],"picked":"Stack+1","floor":24},{"not_picked":["Amplify+1","Leap+1"],"picked":"Aggregate+1","floor":28},{"not_picked":["Ball Lightning+1","Streamline"],"picked":"Gash","floor":29},{"not_picked":["Hello World","Beam Cell"],"picked":"Gash","floor":29},{"not_picked":["Coolheaded+1","Skim+1"],"picked":"Conserve Battery+1","floor":29},{"not_picked":["Coolheaded+1","Fission+1"],"picked":"Gash+1","floor":29},{"not_picked":["Reprogram+1","Multi-Cast+1"],"picked":"Turbo+1","floor":29},{"not_picked":["Barrage","Redo+1"],"picked":"Tempest+1","floor":30},{"not_picked":["Sweeping Beam+1","Skim+1"],"picked":"Capacitor","floor":31},{"not_picked":["Biased Cognition","Meteor Strike"],"picked":"Amplify+1","floor":33},{"not_picked":["Rebound+1","Streamline"],"picked":"Beam Cell+1","floor":35},{"not_picked":["Self Repair","Blizzard+1"],"picked":"Stack+1","floor":36},{"not_picked":["Enlightenment+1","Jack Of All Trades+1"],"picked":"Discovery+1","floor":38},{"not_picked":["Metamorphosis+1","Blind+1"],"picked":"Flash of Steel","floor":38},{"not_picked":["Jack Of All Trades+1","Dramatic Entrance"],"picked":"Madness+1","floor":38},{"not_picked":["Barrage+1","Gash"],"picked":"Scrape+1","floor":41},{"not_picked":["Cold Snap+1","Ball Lightning+1"],"picked":"Skim+1","floor":42},{"not_picked":["Multi-Cast+1","Hyperbeam+1"],"picked":"Redo+1","floor":44},{"not_picked":["Turbo+1","Barrage+1"],"picked":"Static Discharge","floor":45},{"not_picked":["Hello World","Steam+1"],"picked":"Reinforced Body+1","floor":46}],"player_experience":97601,"relics_obtained":[{"floor":7,"key":"Meat on the Bone"},{"floor":8,"key":"PreservedInsect"},{"floor":9,"key":"Toxic Egg 2"},{"floor":13,"key":"Art of War"},{"floor":20,"key":"Nilry\u0027s Codex"},{"floor":22,"key":"Lantern"},{"floor":23,"key":"Nunchaku"},{"floor":26,"key":"Cables"},{"floor":30,"key":"StoneCalendar"},{"floor":36,"key":"FossilizedHelix"},{"floor":41,"key":"Matryoshka"},{"floor":43,"key":"Vajra"},{"floor":43,"key":"Molten Egg 2"},{"floor":44,"key":"Calipers"}],"event_choices":[{"damage_healed":0,"gold_gain":75,"player_choice":"Gather Gold","damage_taken":11,"max_hp_gain":0,"max_hp_loss":0,"event_name":"World of Goop","floor":3,"gold_loss":0},{"damage_healed":0,"gold_gain":0,"player_choice":"Take Damage","damage_taken":18,"relics_obtained":["Golden Idol"],"max_hp_gain":0,"max_hp_loss":0,"event_name":"Golden Idol","floor":10,"gold_loss":0},{"damage_healed":0,"gold_gain":0,"player_choice":"Ignored","damage_taken":0,"max_hp_gain":0,"max_hp_loss":0,"event_name":"Vampires","floor":19,"gold_loss":0},{"damage_healed":0,"gold_gain":0,"player_choice":"Obtained Book","damage_taken":16,"max_hp_gain":0,"max_hp_loss":0,"event_name":"Cursed Tome","floor":20,"gold_loss":0},{"cards_removed":["Consume"],"damage_healed":0,"gold_gain":0,"player_choice":"Elegance","damage_taken":0,"max_hp_gain":0,"max_hp_loss":0,"event_name":"Back to Basics","floor":21,"gold_loss":0},{"damage_healed":0,"gold_gain":0,"player_choice":"Fight","damage_taken":0,"max_hp_gain":0,"max_hp_loss":0,"event_name":"Mysterious Sphere","floor":36,"gold_loss":0},{"cards_removed":["Gash"],"damage_healed":0,"gold_gain":0,"player_choice":"Removed Attack","damage_taken":0,"max_hp_gain":0,"max_hp_loss":0,"event_name":"Falling","floor":37,"gold_loss":0},{"damage_healed":0,"gold_gain":0,"player_choice":"Memory 3","damage_taken":10,"max_hp_gain":0,"max_hp_loss":0,"event_name":"SensoryStone","floor":38,"gold_loss":0},{"damage_healed":0,"gold_gain":0,"player_choice":"Embrace Madness","damage_taken":10,"max_hp_gain":0,"max_hp_loss":0,"event_name":"Winding Halls","floor":39,"gold_loss":0,"cards_obtained":["Madness","Madness"]},{"damage_healed":0,"gold_gain":333,"player_choice":"Gave Idol","damage_taken":0,"max_hp_gain":0,"max_hp_loss":0,"event_name":"The Moai Head","floor":47,"relics_lost":["Golden Idol"],"gold_loss":0}],"is_beta":false,"boss_relics":[{"not_picked":["Runic Pyramid","Busted Crown"],"picked":"Runic Dome"},{"not_picked":["SacredBark","Sozu"],"picked":"Snecko Eye"}],"items_purged_floors":[],"is_endless":true,"potions_floor_spawned":[1,2,4,13,24,28,31,36,41,46],"killed_by":"Time Eater","ascension_level":0}}