{"host":"ibfpjm2kz059o009","time":1608594674,"event":{"mods":["AchievementEnabler","BaseMod","Block Reminder","Colored Powertips","DeckTracker","Googly Eyes","Key Reminder","Minty Spire (QoL Compilation)","Shop Mod","Unceasing Turn Reminder"],"gold_per_floor":[144,189,189,284,329,419,476,533,545,652,664,52,97,142,142,442,442,487,537,587,632,677,752,99,99,99,149,239,289,334,8,8,308,308,353,398,473,32,82,172,217,267,267,0,125,170,220,310,310,310],"floor_reached":51,"playtime":2019,"items_purged":[],"score":979,"play_id":"4a47bddb-218c-46c9-9749-c20775a22268","local_time":"20201221185114","daily_mods":["Shiny","Vintage","Midas"],"is_ascension_mode":false,"campfire_choices":[{"floor":11,"key":"REST"},{"floor":15,"key":"REST"},{"floor":25,"key":"REST"},{"floor":32,"key":"REST"},{"floor":49,"key":"REST"}],"circlet_count":0,"master_deck":["Double Tap+1","Demon Form","Bludgeon","Feed","Limit Break+1","Corruption","Barricade","Fiend Fire","Berserk","Impervious","Juggernaut","Reaper+1","Exhume","Offering","Immolate","Inflame","Feel No Pain","Anger+1","Carnage+1","Ghostly Armor","CurseOfTheBell","Necronomicurse","Mind Blast+1","Havoc+1","Pummel+1","Feed+1","Violence+1","Dark Embrace+1","Reckless Charge+1","Panacea+1","Rupture+1","Rage+1","Dropkick+1","Juggernaut+1","Seeing Red+1","Clothesline+1","Madness+1","Madness+1","Warcry+1"],"relics":["Burning Blood","Bottled Flame","Pen Nib","SsserpentHead","Tiny Chest","Singing Bowl","MawBank","StoneCalendar","Anchor","Bag of Preparation","Torii","Strange Spoon","Molten Egg 2","PreservedInsect","Bronze Scales","Calling Bell","Charon\u0027s Ashes","Ornamental Fan","Juzu Bracelet","MealTicket","Paper Frog","Necronomicon","Frozen Egg 2","Toxic Egg 2","Art of War","Blood Vial","DollysMirror","Mummified Hand","Strawberry","Mercury Hourglass","Runic Pyramid","Meat on the Bone","Regal Pillow","Omamori","Happy Flower","InkBottle","Orichalcum","Bottled Lightning","White Beast Statue","Red Mask","Gremlin Horn","Centennial Puzzle","War Paint"],"acts_visited":["Exordium","TheCity","TheBeyond"],"potions_floor_usage":[5,6,16,18,22,35,46,48,50,50],"damage_taken":[{"damage":20,"enemies":"Jaw Worm","floor":1,"turns":4},{"damage":6,"enemies":"Cultist","floor":2,"turns":3},{"damage":27,"enemies":"Small Slimes","floor":4,"turns":3},{"damage":0,"enemies":"Exordium Thugs","floor":5,"turns":2},{"damage":24,"enemies":"3 Sentries","floor":6,"turns":6},{"damage":6,"enemies":"Looter","floor":7,"turns":2},{"damage":12,"enemies":"2 Fungi Beasts","floor":8,"turns":2},{"damage":0,"enemies":"3 Louse","floor":10,"turns":1},{"damage":0,"enemies":"Red Slaver","floor":13,"turns":1},{"damage":6,"enemies":"Exordium Thugs","floor":14,"turns":2},{"damage":60,"enemies":"Slime Boss","floor":16,"turns":4},{"damage":0,"enemies":"Shell Parasite","floor":18,"turns":2},{"damage":0,"enemies":"Spheric Guardian","floor":21,"turns":2},{"damage":0,"enemies":"Snake Plant","floor":22,"turns":1},{"damage":7,"enemies":"Book of Stabbing","floor":28,"turns":3},{"damage":0,"enemies":"Centurion and Healer","floor":30,"turns":2},{"damage":7,"enemies":"Champ","floor":33,"turns":6},{"damage":16,"enemies":"3 Darklings","floor":35,"turns":3},{"damage":1,"enemies":"Orb Walker","floor":36,"turns":2},{"damage":6,"enemies":"Giant Head","floor":40,"turns":4},{"damage":0,"enemies":"Spire Growth","floor":41,"turns":2},{"damage":7,"enemies":"4 Shapes","floor":46,"turns":2},{"damage":0,"enemies":"Reptomancer","floor":48,"turns":2},{"damage":12,"enemies":"Time Eater","floor":50,"turns":3}],"seed_played":"7329645460642280970","potions_obtained":[{"floor":1,"key":"Energy Potion"},{"floor":2,"key":"FearPotion"},{"floor":4,"key":"ColorlessPotion"},{"floor":10,"key":"SkillPotion"},{"floor":16,"key":"LiquidMemories"},{"floor":18,"key":"BloodPotion"},{"floor":22,"key":"Strength Potion"},{"floor":30,"key":"Dexterity Potion"},{"floor":35,"key":"BlessingOfTheForge"},{"floor":36,"key":"SkillPotion"},{"floor":46,"key":"SkillPotion"},{"floor":48,"key":"DistilledChaos"}],"is_trial":false,"path_per_floor":["M","M","?","M","M","E","M","M","T","M","R","$","M","M","R","B",null,"M","?","?","M","M","T","$","R","T","?","E","?","M","$","R","B",null,"M","M","T","$","?","E","M","?","T","?","T","M","?","E","R","B",null],"character_chosen":"IRONCLAD","items_purchased":["Strange Spoon","Molten Egg 2","Feel No Pain","Anger+1","Carnage+1","Ghostly Armor","Blood Vial","Mind Blast+1","Havoc+1","Pummel+1","DollysMirror","Violence+1","Dark Embrace+1","Panacea+1","Rupture+1","Rage+1","Dropkick+1","Happy Flower","InkBottle","Seeing Red+1"],"campfire_rested":5,"item_purchase_floors":[12,12,12,12,12,12,24,24,24,24,24,24,24,31,31,31,31,38,38,38],"current_hp_per_floor":[75,75,75,70,76,68,71,77,77,83,89,89,89,92,92,40,94,94,94,78,84,90,90,94,94,94,94,100,80,88,103,106,110,110,100,114,114,114,114,114,114,100,100,100,100,116,116,120,120,114],"gold":310,"neow_bonus":"","is_daily":true,"chose_seed":false,"campfire_upgraded":0,"win_rate":0.0,"timestamp":1608594674,"path_taken":["M","M","?","?","M","E","M","M","T","?","R","$","M","M","R","BOSS","M","?","?","M","M","?","?","R","T","?","E","?","M","$","R","BOSS","M","M","?","$","?","E","M","?","T","?","?","M","?","E","R","BOSS"],"items_purchased_type":["Relic","Relic","Card","Card","Card","Card","Relic","Card","Card","Card","Relic","Card","Card","Card","Card","Card","Card","Relic","Relic","Card"],"build_version":"2020-12-13","purchased_purges":0,"victory":true,"max_hp_per_floor":[83,83,83,83,83,86,89,89,89,89,89,89,89,92,92,94,94,94,94,94,94,94,94,94,94,94,94,101,106,106,106,106,110,110,110,114,114,114,114,114,114,114,114,114,114,117,117,120,120,120],"card_choices":[{"not_picked":["Uppercut","Dark Embrace"],"picked":"Inflame","floor":6},{"not_picked":["Demon Form","Corruption","Limit Break"],"picked":"Singing Bowl","floor":16},{"not_picked":["Body Slam+1","Thunderclap+1"],"picked":"Reckless Charge+1","floor":28},{"not_picked":["Corruption+1","Impervious+1"],"picked":"Juggernaut+1","floor":33},{"not_picked":["Shrug It Off+1","Pommel Strike+1"],"picked":"Clothesline+1","floor":40},{"not_picked":["Pommel Strike+1","Fiend Fire+1"],"picked":"Warcry+1","floor":48}],"player_experience":585772,"relics_obtained":[{"floor":1,"key":"Bottled Flame"},{"floor":2,"key":"Pen Nib"},{"floor":4,"key":"Tiny Chest"},{"floor":5,"key":"Singing Bowl"},{"floor":6,"key":"MawBank"},{"floor":7,"key":"StoneCalendar"},{"floor":8,"key":"Anchor"},{"floor":9,"key":"Bag of Preparation"},{"floor":10,"key":"Torii"},{"floor":13,"key":"PreservedInsect"},{"floor":14,"key":"Bronze Scales"},{"floor":17,"key":"Charon\u0027s Ashes"},{"floor":17,"key":"Ornamental Fan"},{"floor":17,"key":"Juzu Bracelet"},{"floor":18,"key":"MealTicket"},{"floor":19,"key":"Paper Frog"},{"floor":20,"key":"Necronomicon"},{"floor":21,"key":"Frozen Egg 2"},{"floor":22,"key":"Toxic Egg 2"},{"floor":23,"key":"Art of War"},{"floor":26,"key":"Mummified Hand"},{"floor":28,"key":"Strawberry"},{"floor":30,"key":"Mercury Hourglass"},{"floor":35,"key":"Meat on the Bone"},{"floor":36,"key":"Regal Pillow"},{"floor":37,"key":"Omamori"},{"floor":40,"key":"Orichalcum"},{"floor":41,"key":"Bottled Lightning"},{"floor":43,"key":"White Beast Statue"},{"floor":45,"key":"Gremlin Horn"},{"floor":46,"key":"Centennial Puzzle"},{"floor":48,"key":"War Paint"}],"event_choices":[{"damage_healed":0,"gold_gain":0,"player_choice":"Trade","damage_taken":0,"relics_obtained":["SsserpentHead"],"max_hp_gain":0,"max_hp_loss":0,"event_name":"FaceTrader","floor":3,"gold_loss":0},{"damage_healed":0,"gold_gain":0,"player_choice":"Relic","damage_taken":0,"max_hp_gain":0,"max_hp_loss":0,"event_name":"Wheel of Change","floor":19,"gold_loss":0},{"damage_healed":0,"gold_gain":0,"player_choice":"Obtained Book","damage_taken":16,"max_hp_gain":0,"max_hp_loss":0,"event_name":"Cursed Tome","floor":20,"gold_loss":0},{"cards_removed":["Brutality"],"damage_healed":0,"gold_gain":0,"player_choice":"Elegance","damage_taken":0,"max_hp_gain":0,"max_hp_loss":0,"event_name":"Back to Basics","floor":27,"gold_loss":0},{"damage_healed":0,"gold_gain":0,"player_choice":"Shed Blood","damage_taken":25,"max_hp_gain":5,"max_hp_loss":0,"event_name":"Forgotten Altar","floor":29,"gold_loss":0},{"damage_healed":0,"gold_gain":0,"player_choice":"Full Heal","damage_taken":0,"max_hp_gain":0,"max_hp_loss":0,"event_name":"Wheel of Change","floor":39,"gold_loss":0},{"damage_healed":0,"gold_gain":0,"player_choice":"Embrace Madness","damage_taken":14,"max_hp_gain":0,"max_hp_loss":0,"event_name":"Winding Halls","floor":42,"gold_loss":0,"cards_obtained":["Madness","Madness"]},{"damage_healed":0,"gold_gain":0,"player_choice":"Paid","damage_taken":0,"relics_obtained":["Red Mask"],"max_hp_gain":0,"max_hp_loss":0,"event_name":"Tomb of Lord Red Mask","floor":44,"gold_loss":317},{"damage_healed":0,"gold_gain":0,"player_choice":"Forge","damage_taken":0,"max_hp_gain":0,"max_hp_loss":0,"event_name":"Accursed Blacksmith","floor":47,"gold_loss":0,"cards_upgraded":["Reaper"]}],"is_beta":false,"boss_relics":[{"not_picked":["Runic Dome","Black Star"],"picked":"Calling Bell"},{"not_picked":["Philosopher\u0027s Stone","Astrolabe"],"picked":"Runic Pyramid"}],"items_purged_floors":[],"is_endless":false,"potions_floor_spawned":[1,2,4,10,16,18,22,30,35,36,40,46,48],"ascension_level":0}}