{"host":"4kgga43fr9t628g1","time":1608533770,"event":{"mods":["Act Like it!","BaseMod","Downfall","Gensokyo","MarisaÅiñ∂âJÅ@ñÇóùçπÅj","Minty Spire (QoL Compilation)","StSLib","everything is the same but u backflip on backflip"],"gold_per_floor":[14,14,14,29,48,82,100,62,62,90,110,139,139,139,139,244,244,258,258,37,56,56,87,97,97,123,134,160,160,192,226,226,324,324,342,342,358,8,61,95,95,95,122,155,31,31,31,61,61,61],"floor_reached":51,"playtime":3375,"items_purged":["Slimebound:Strike_Slimebound","Slimebound:Defend_Slimebound"],"score":887,"play_id":"af3a709a-6a5a-41ec-a437-12f7ccc2dc4c","local_time":"20201220225610","is_ascension_mode":true,"campfire_choices":[{"data":"Slimebound:LevelUp","floor":13.0,"key":"SMITH"},{"data":"Slimebound:ServeAndProtect","floor":15.0,"key":"SMITH"},{"floor":25.0,"key":"REST"},{"data":"Slimebound:PrepareCrush","floor":29.0,"key":"SMITH"},{"floor":32.0,"key":"REST"},{"data":"Slimebound:Split","floor":41,"key":"SMITH"},{"data":"Slimebound:Equalize","floor":42,"key":"SMITH"},{"data":"Slimebound:Strike_Slimebound","floor":47,"key":"PURGE"},{"data":"Madness","floor":49,"key":"SMITH"}],"circlet_count":0,"master_deck":["Slimebound:Strike_Slimebound","Slimebound:Tackle","Slimebound:Defend_Slimebound","Slimebound:Defend_Slimebound","Slimebound:Defend_Slimebound","Slimebound:Split+1","Slimebound:CorrosiveSpit","Slimebound:MassFeed","Slimebound:Lick","Slimebound:ServeAndProtect+1","Slimebound:Prepare","Madness","Slimebound:LevelUp+1","Slimebound:SamplingLick","Slimebound:ProtectTheBoss","Slimebound:DouseInSlime","Slimebound:PrepareCrush+1","Slimebound:ComboTackle","Slimebound:SplitLeeching+1","Madness+1","Slimebound:LevelUp+1","Slimebound:Gluttony+1","Slimebound:Equalize+1","Slimebound:Equalize+1","Slimebound:AcidTongue","Slimebound:SlimeTap+1","Slimebound:SamplingLick+1","Slimebound:SamplingLick+1","Slimebound:SplitLeeching+1","Slimebound:SplitAcid","Slimebound:SpikyOuterGoop","Madness+1","Madness"],"relics":["Slimebound:AbsorbEndCombat","Gensokyo:CelestialsFlawlessClothing","Ice Cream","Pantograph","Singing Bowl","Omamori","Dream Catcher","Gensokyo:PortableGap","Black Star","PreservedInsect","Pen Nib","Bronze Scales","Bag of Marbles","Art of War","Prayer Wheel","Centennial Puzzle","Anchor","Toy Ornithopter","Lantern","Coffee Dripper","Gremlin Horn","Peace Pipe","Bottled Tornado","Regal Pillow","Juzu Bracelet","Ornamental Fan","Vajra","StrikeDummy","FossilizedHelix"],"acts_visited":[],"potions_floor_usage":[48,48,48,50],"damage_taken":[{"damage":7.0,"enemies":"Gensokyo:Python","floor":1.0,"turns":3.0},{"damage":12.0,"enemies":"Gensokyo:2_Kodama","floor":4.0,"turns":4.0},{"damage":9.0,"enemies":"Gensokyo:3_Fairies","floor":5.0,"turns":4.0},{"damage":9.0,"enemies":"Gensokyo:Mamizou","floor":6.0,"turns":9.0},{"damage":12.0,"enemies":"Gensokyo:2_Rabbits","floor":7.0,"turns":7.0},{"damage":14.0,"enemies":"Gensokyo:Cirno","floor":10.0,"turns":7.0},{"damage":25.0,"enemies":"Gensokyo:LivingMonolith","floor":11.0,"turns":4.0},{"damage":17.0,"enemies":"Gensokyo:Mamizou","floor":12.0,"turns":7.0},{"damage":36.0,"enemies":"Gensokyo:Kokoro","floor":16.0,"turns":10.0},{"damage":34.0,"enemies":"Spheric Guardian","floor":18.0,"turns":4.0},{"damage":36.0,"enemies":"Shell Parasite","floor":21.0,"turns":6.0},{"damage":36.0,"enemies":"Gremlin Leader","floor":23.0,"turns":7.0},{"damage":43.0,"enemies":"Cultist and Chosen","floor":24.0,"turns":5.0},{"damage":81.0,"enemies":"Chosen and Byrds","floor":27.0,"turns":9.0},{"damage":66.0,"enemies":"Book of Stabbing","floor":28.0,"turns":8.0},{"damage":51.0,"enemies":"Slavers","floor":30.0,"turns":3.0},{"damage":28.0,"enemies":"Book of Stabbing","floor":31.0,"turns":5.0},{"damage":119.0,"enemies":"Collector","floor":33.0,"turns":9.0},{"damage":8,"enemies":"3 Shapes","floor":35,"turns":6},{"damage":11,"enemies":"Orb Walker","floor":37,"turns":4},{"damage":39,"enemies":"2 Orb Walkers","floor":39,"turns":4},{"damage":62,"enemies":"Nemesis","floor":40,"turns":5},{"damage":16,"enemies":"Giant Head","floor":44,"turns":6},{"damage":107,"enemies":"Nemesis","floor":48,"turns":7},{"damage":92,"enemies":"Time Eater","floor":50,"turns":9}],"seed_played":"4413811244425551960","potions_obtained":[{"floor":1.0,"key":"CultistPotion"},{"floor":5.0,"key":"SkillPotion"},{"floor":11.0,"key":"ColorlessPotion"},{"floor":27.0,"key":"BlessingOfTheForge"},{"floor":28.0,"key":"Strength Potion"},{"floor":31.0,"key":"FairyPotion"},{"floor":33.0,"key":"SteroidPotion"},{"floor":37,"key":"Slimebound:SlimedPotion"},{"floor":48,"key":"Fruit Juice"}],"is_trial":false,"path_per_floor":["M","?","?","M","M","E","M","$","T","E","M","E","R","?","R","B",null,"M","?","$","M","?","E","M","R","T","M","E","R","E","E","R","B",null,"M","?","M","$","?","E","R","R","T","E","$","?","R","E","R","B",null],"character_chosen":"SLIMEBOUND","items_purchased":["Slimebound:LevelUp","PreservedInsect","Gremlin Horn","Slimebound:SplitAcid","Slimebound:SpikyOuterGoop"],"campfire_rested":2,"item_purchase_floors":[8,20,38,45,45],"current_hp_per_floor":[72,54,40,46,46,55,67,67,67,71,64,71,71,71,71,70,74,58,58,58,40,40,37,17,39,39,43,60,60,33,25,47,55,74,74,74,69,69,53,23,23,23,23,49,49,40,40,49,49,38],"gold":61,"neow_bonus":"THREE_RARE_CARDS","is_daily":false,"chose_seed":false,"campfire_upgraded":6,"win_rate":0.0,"timestamp":1608533770,"path_taken":["M","?","?","?","M","E","M","$","T","E","M","E","R","?","R","BOSS","M","?","$","?","?","E","M","R","T","?","E","R","E","E","R","BOSS","M","?","M","$","?","E","R","R","T","E","$","?","R","E","R","BOSS"],"items_purchased_type":["Card","Relic","Relic","Card","Card"],"build_version":"2020-12-13","purchased_purges":2,"victory":true,"max_hp_per_floor":[73,73,73,79,79,79,82,82,82,82,82,82,82,74,74,74,74,74,71,71,71,68,68,67,69,69,69,71,71,74,74,74,74,74,74,74,74,74,76,78,75,75,75,74,74,74,74,81,81,84],"card_choices":[{"not_picked":["Slimebound:DouseInSlime","Slimebound:Teamwork"],"picked":"Slimebound:MassFeed","floor":0.0},{"not_picked":["Slimebound:SplitBruiser","Slimebound:SplitAcid"],"picked":"Slimebound:Lick","floor":1.0},{"not_picked":["Slimebound:SlimeSpikes","Slimebound:BestDefense"],"picked":"Slimebound:ServeAndProtect","floor":4.0},{"not_picked":["Slimebound:Lick","Slimebound:SplitLeeching"],"picked":"Slimebound:Prepare","floor":5.0},{"not_picked":["Slimebound:LeechEnergy","Slimebound:LivingWall","Slimebound:SplitAcid"],"picked":"SKIP","floor":6.0},{"not_picked":["Slimebound:RollThrough","Slimebound:RejuvenatingLick"],"picked":"Slimebound:QuickStudy","floor":7.0},{"not_picked":["Slimebound:Teamwork","Slimebound:SplitLeeching"],"picked":"Slimebound:SamplingLick","floor":10.0},{"not_picked":["Slimebound:ServeAndProtect","Slimebound:LeechEnergy"],"picked":"Slimebound:ProtectTheBoss","floor":11.0},{"not_picked":["Slimebound:PressTheAttack","Slimebound:SpikyOuterGoop"],"picked":"Slimebound:DouseInSlime","floor":12.0},{"not_picked":["Slimebound:SlimeBrawl","Slimebound:Teamwork"],"picked":"Slimebound:PrepareCrush","floor":16.0},{"not_picked":["Slimebound:ItLooksTasty+1","Slimebound:HauntingLick"],"picked":"Slimebound:ComboTackle","floor":18.0},{"not_picked":["Slimebound:SplitBruiser","Slimebound:ItLooksTasty"],"picked":"Slimebound:SplitLeeching","floor":21.0},{"not_picked":["Slimebound:LeechEnergy+1","Slimebound:Lick"],"picked":"Slimebound:QuickStudy+1","floor":23.0},{"not_picked":["Slimebound:PoisonLick","Slimebound:GrowthPunch","Slimebound:BestDefense"],"picked":"Singing Bowl","floor":24.0},{"not_picked":["Slimebound:DouseInSlime","Slimebound:Chomp+1","Slimebound:RejuvenatingLick"],"picked":"Singing Bowl","floor":25.0},{"not_picked":["Slimebound:ComboTackle","Slimebound:SplitLeeching"],"picked":"Slimebound:LevelUp+1","floor":27.0},{"not_picked":["Slimebound:GoopSpray","Slimebound:Prepare","Slimebound:ItLooksTasty"],"picked":"Singing Bowl","floor":28.0},{"not_picked":["Slimebound:BestDefense","Slimebound:PoisonLick"],"picked":"Slimebound:Gluttony+1","floor":30.0},{"not_picked":["Slimebound:DivideAndConquer","Slimebound:RollThrough"],"picked":"Slimebound:Equalize+1","floor":31.0},{"not_picked":["Slimebound:TongueLash+1","Slimebound:FirmFortitude"],"picked":"Slimebound:Equalize","floor":32.0},{"not_picked":["Slimebound:WasteNot","Slimebound:SuperSplit"],"picked":"Slimebound:AcidTongue","floor":33.0},{"not_picked":["Slimebound:GoopSpray","Slimebound:RollThrough"],"picked":"Slimebound:SlimeTap+1","floor":35},{"not_picked":["Slimebound:SlimeBrawl","Slimebound:ForwardTackle"],"picked":"Slimebound:SamplingLick+1","floor":35},{"not_picked":["Slimebound:GrowthPunch","Slimebound:Repurpose+1"],"picked":"Slimebound:SamplingLick+1","floor":37},{"not_picked":["Slimebound:SlimeSpikes","Slimebound:LeechEnergy+1"],"picked":"Slimebound:SplitLeeching+1","floor":37},{"not_picked":["Slimebound:GoopTackle+1","Slimebound:LeechEnergy+1","Slimebound:PressTheAttack+1"],"picked":"Singing Bowl","floor":39},{"not_picked":["Slimebound:RollThrough+1","Slimebound:Schlurp+1","Slimebound:FirmFortitude"],"picked":"Singing Bowl","floor":40},{"not_picked":["Slimebound:ViciousTackle+1","Slimebound:SlimeBarrage+1","Slimebound:LeechingTouch"],"picked":"Singing Bowl","floor":44},{"not_picked":["Slimebound:SlimeSpikes+1","Slimebound:PrepareCrush","Slimebound:SamplingLick"],"picked":"Singing Bowl","floor":48}],"player_experience":834323,"relics_obtained":[{"floor":6.0,"key":"Pantograph"},{"floor":9.0,"key":"Singing Bowl"},{"floor":10.0,"key":"Omamori"},{"floor":12.0,"key":"Dream Catcher"},{"floor":23.0,"key":"Pen Nib"},{"floor":23.0,"key":"Bronze Scales"},{"floor":26.0,"key":"Bag of Marbles"},{"floor":28.0,"key":"Art of War"},{"floor":28.0,"key":"Prayer Wheel"},{"floor":30.0,"key":"Centennial Puzzle"},{"floor":30.0,"key":"Anchor"},{"floor":31.0,"key":"Toy Ornithopter"},{"floor":31.0,"key":"Lantern"},{"floor":39,"key":"Peace Pipe"},{"floor":40,"key":"Bottled Tornado"},{"floor":40,"key":"Regal Pillow"},{"floor":43,"key":"Juzu Bracelet"},{"floor":44,"key":"Ornamental Fan"},{"floor":44,"key":"Vajra"},{"floor":48,"key":"StrikeDummy"},{"floor":48,"key":"FossilizedHelix"}],"event_choices":[{"damage_healed":0.0,"max_hp_gain":0.0,"max_hp_loss":0.0,"gold_gain":0.0,"event_name":"Match and Keep!","player_choice":"0 cards matched","floor":19.0,"gold_loss":0.0,"damage_taken":0.0,"cards_obtained":[]},{"damage_healed":0.0,"max_hp_gain":0.0,"max_hp_loss":0.0,"gold_gain":0.0,"event_name":"Upgrade Shrine","player_choice":"Upgraded","floor":22.0,"gold_loss":0.0,"damage_taken":0.0,"cards_upgraded":["Slimebound:SplitLeeching"]},{"damage_healed":0,"gold_gain":0,"player_choice":"Ignored","damage_taken":0,"max_hp_gain":0,"max_hp_loss":0,"event_name":"Tomb of Lord Red Mask","floor":36,"gold_loss":0},{"damage_healed":0,"gold_gain":0,"player_choice":"Fight","damage_taken":0,"max_hp_gain":0,"max_hp_loss":0,"event_name":"Mysterious Sphere","floor":39,"gold_loss":0},{"damage_healed":0,"gold_gain":0,"player_choice":"Embrace Madness","damage_taken":9,"max_hp_gain":0,"max_hp_loss":0,"event_name":"Winding Halls","floor":46,"gold_loss":0,"cards_obtained":["Madness","Madness"]}],"is_beta":false,"boss_relics":[{"not_picked":["Snecko Eye","Runic Pyramid"],"picked":"Black Star"},{"not_picked":["SlaversCollar","Calling Bell"],"picked":"Coffee Dripper"}],"items_purged_floors":[20,38],"is_endless":false,"potions_floor_spawned":[1,5,11,16,27,28,30,31,33,37,48],"ascension_level":1}}