{"host":"onmzcmq5a68cxj3d","time":1608582613,"event":{"mods":["BaseMod","Colored Map","Minty Spire (QoL Compilation)","Remove Card Discount Mod"],"gold_per_floor":[119,67,67,84,49,74,22,22,47,47,103,103,103,103,103],"floor_reached":14,"playtime":741,"items_purged":["Wraith Form v2","Dualcast","Defend_B","Defend_B","Strike_B"],"score":84,"play_id":"0c08dc81-629e-4439-b565-3360197a8363","local_time":"20201221133013","daily_mods":["Heirloom","Time Dilation","Flight"],"is_ascension_mode":false,"campfire_choices":[{"floor":8,"key":"REST"},{"data":"DevaForm","floor":10,"key":"SMITH"},{"data":"Echo Form","floor":12,"key":"SMITH"}],"circlet_count":0,"master_deck":["Demon Form","Echo Form+1","DevaForm+1","Strike_B","Strike_B","Strike_B","Defend_B","Defend_B","Zap","Gash","Self Repair","Leap","Leap"],"relics":["Unceasing Top","Bird Faced Urn","Gambling Chip","Bag of Preparation","Dream Catcher","Sundial"],"acts_visited":["Exordium"],"potions_floor_usage":[14],"damage_taken":[{"damage":22,"enemies":"Jaw Worm","floor":1,"turns":4},{"damage":16,"enemies":"2 Louse","floor":4,"turns":4},{"damage":71,"enemies":"Gremlin Nob","floor":6,"turns":6},{"damage":44,"enemies":"3 Sentries","floor":11,"turns":9},{"damage":30,"enemies":"3 Sentries","floor":14,"turns":4}],"seed_played":"-8721801694692611533","potions_obtained":[{"floor":4,"key":"SteroidPotion"}],"is_trial":true,"path_per_floor":["M","$","?","M","?","E","$","R","T","R","?","R","?","E"],"character_chosen":"DEFECT","items_purchased":["Gash","Leap"],"campfire_rested":1,"item_purchase_floors":[2,7],"current_hp_per_floor":[55,55,52,44,62,19,19,41,41,41,23,23,23,0,0],"gold":103,"neow_bonus":"","is_daily":false,"chose_seed":false,"campfire_upgraded":2,"win_rate":0.0,"timestamp":1608582613,"path_taken":["M","$","?","M","?","E","$","R","T","R","?","R","?","E"],"items_purchased_type":["Card","Card"],"build_version":"2020-12-13","purchased_purges":5,"victory":false,"max_hp_per_floor":[75,75,75,75,75,75,75,75,75,75,75,75,75,75,75],"card_choices":[{"not_picked":["Turbo","Coolheaded","Skim"],"picked":"SKIP","floor":1},{"not_picked":["Recycle","Sweeping Beam"],"picked":"Self Repair","floor":4},{"not_picked":["Coolheaded","Cold Snap"],"picked":"Leap","floor":6}],"player_experience":434833,"relics_obtained":[{"floor":6,"key":"Bag of Preparation"},{"floor":9,"key":"Dream Catcher"},{"floor":11,"key":"Sundial"}],"event_choices":[{"damage_healed":0,"gold_gain":0,"player_choice":"Success","damage_taken":3,"relics_obtained":["Gambling Chip"],"max_hp_gain":0,"max_hp_loss":0,"event_name":"Scrap Ooze","floor":3,"gold_loss":0},{"damage_healed":18,"gold_gain":0,"player_choice":"Healed","damage_taken":0,"max_hp_gain":0,"max_hp_loss":0,"event_name":"The Cleric","floor":5,"gold_loss":35},{"damage_healed":0,"gold_gain":0,"player_choice":"Searched \u00271\u0027 times","damage_taken":0,"max_hp_gain":0,"max_hp_loss":0,"event_name":"Dead Adventurer","floor":11,"gold_loss":0},{"damage_healed":0,"gold_gain":0,"player_choice":"Ignored","damage_taken":0,"max_hp_gain":0,"max_hp_loss":0,"event_name":"Shining Light","floor":13,"gold_loss":0}],"is_beta":false,"boss_relics":[],"items_purged_floors":[2,2,7,7,7],"is_endless":false,"potions_floor_spawned":[4],"killed_by":"3 Sentries","ascension_level":0}}