{"host":"wwt2ezt6nhdbor27","time":1608509518,"event":{"mods":["Act Like it!","Bard","BaseMod","Beaked The Cultist","Colored Map","Glutton Mod","Hermit","Highlight Path","Jorbs\u0027s Wanderer Trilogy","Koishi","Mad Scientist","Marisa????????","Minty Spire (QoL Compilation)","Relic Stats","StSLib","The Administrix","The Bug Knight","The Construct","The Cursed","The Marked","The Mystic","The Servant 0.9.4","The Witch"],"gold_per_floor":[115,126,74,74,92,123,123,139,139,152,178,188,188,199,199,199,199],"floor_reached":16,"playtime":2347,"items_purged":[],"score":139,"play_id":"148f9d9c-6247-4fee-97a3-076a9ab5be23","local_time":"20201220161158","is_ascension_mode":false,"campfire_choices":[{"floor":7,"key":"REST"},{"data":"HollowMod:FocusHealStart","floor":13,"key":"SMITH"},{"data":"HollowMod:Hiveblood","floor":15,"key":"SMITH"}],"circlet_count":0,"master_deck":["HollowMod:NailStrikeStart","HollowMod:NailStrikeStart","HollowMod:NailStrikeStart+1","HollowMod:NailStrikeStart","HollowMod:QuickDashStart","HollowMod:QuickDashStart","HollowMod:QuickDashStart","HollowMod:QuickDashStart","HollowMod:FocusHealStart+1","HollowMod:PogoStrike","HollowMod:HeavyBlow","HollowMod:NewJinnsSoul","HollowMod:DoubleDash+1","HollowMod:CornifersMapStart","HollowMod:Grubsong","HollowMod:SiblingsSouls","HollowMod:HuntersJournal","HollowMod:Hiveblood+1","HollowMod:HuntersJournal","HollowMod:SoulSplash"],"relics":["HollowMod:VesselMask","StoneCalendar","Meat on the Bone","Pear"],"acts_visited":["Exordium"],"potions_floor_usage":[11,16,16],"damage_taken":[{"damage":5,"enemies":"Small Slimes","floor":1,"turns":4},{"damage":3,"enemies":"2 Louse","floor":2,"turns":4},{"damage":0,"enemies":"Cultist","floor":5,"turns":3},{"damage":44,"enemies":"Lagavulin","floor":6,"turns":15},{"damage":0,"enemies":"2 Fungi Beasts","floor":8,"turns":4},{"damage":1,"enemies":"Exordium Wildlife","floor":10,"turns":4},{"damage":2,"enemies":"3 Sentries","floor":11,"turns":7},{"damage":17,"enemies":"3 Louse","floor":12,"turns":7},{"damage":10,"enemies":"Looter","floor":14,"turns":4},{"damage":135,"enemies":"Hexaghost","floor":16,"turns":16}],"seed_played":"2106265861520536131","potions_obtained":[{"floor":2,"key":"FearPotion"},{"floor":5,"key":"Energy Potion"},{"floor":8,"key":"Fire Potion"},{"floor":11,"key":"SkillPotion"}],"is_trial":false,"path_per_floor":["M","M","$","?","M","E","R","M","T","M","E","M","R","M","R","B"],"character_chosen":"THE_BUGKNIGHT","items_purchased":["HollowMod:DoubleDash"],"campfire_rested":1,"item_purchase_floors":[3],"current_hp_per_floor":[82,82,82,66,66,34,58,58,58,63,77,80,80,82,82,0,0],"gold":199,"neow_bonus":"TEN_PERCENT_HP_BONUS","is_daily":false,"chose_seed":false,"campfire_upgraded":2,"win_rate":0.0,"timestamp":1608509518,"path_taken":["M","M","$","?","M","E","R","M","T","M","E","M","R","M","R","BOSS"],"items_purchased_type":["Card"],"build_version":"2020-12-13","purchased_purges":0,"victory":false,"max_hp_per_floor":[82,82,82,82,82,82,82,82,82,82,92,92,92,92,92,92,92],"relic_stats":{"counters":[10,68],"StoneCalendar":[57],"obtain_stats":[{"Pear":11,"HollowMod:VesselMask":0,"StoneCalendar":6,"Meat on the Bone":9},{"Pear":7,"HollowMod:VesselMask":0,"StoneCalendar":4,"Meat on the Bone":5},{"Pear":41,"HollowMod:VesselMask":0,"StoneCalendar":26,"Meat on the Bone":30}],"Meat on the Bone":0},"card_choices":[{"not_picked":["HollowMod:InfectedAttack","HollowMod:HowlingWraiths"],"picked":"HollowMod:HeavyBlow","floor":1},{"not_picked":["HollowMod:WraithStrike","HollowMod:SiblingsShadow"],"picked":"HollowMod:NewJinnsSoul","floor":2},{"not_picked":["HollowMod:DoubleDash","HollowMod:TaintedHusks"],"picked":"HollowMod:CornifersMapStart","floor":5},{"not_picked":["HollowMod:theNailsmith","HollowMod:SharpenedShadows"],"picked":"HollowMod:Grubsong","floor":6},{"not_picked":["HollowMod:CoiledNail","HollowMod:InfectedAttack"],"picked":"HollowMod:SiblingsSouls","floor":8},{"not_picked":["HollowMod:CycloneSlash","HollowMod:DoubleDash"],"picked":"HollowMod:HuntersJournal","floor":10},{"not_picked":["HollowMod:PerfectDash","HollowMod:LifebloodCocoon"],"picked":"HollowMod:Hiveblood","floor":11},{"not_picked":["HollowMod:HeavyBlow","HollowMod:DashSlash"],"picked":"HollowMod:HuntersJournal","floor":12},{"not_picked":["HollowMod:InfectedCysts","HollowMod:PureNailStrike"],"picked":"HollowMod:SoulSplash","floor":14}],"player_experience":188040,"relics_obtained":[{"floor":6,"key":"StoneCalendar"},{"floor":9,"key":"Meat on the Bone"},{"floor":11,"key":"Pear"}],"event_choices":[{"damage_healed":0,"gold_gain":0,"player_choice":"Entered Light","damage_taken":16,"max_hp_gain":0,"max_hp_loss":0,"event_name":"Shining Light","floor":4,"gold_loss":0,"cards_upgraded":["HollowMod:NailStrikeStart","HollowMod:DoubleDash"]}],"is_beta":false,"boss_relics":[],"items_purged_floors":[],"is_endless":false,"potions_floor_spawned":[2,5,8,11],"killed_by":"Hexaghost","ascension_level":0}}