{"host":"Jean","time":1608571363,"event":{"mods":["BaseMod","Custom Start","Hubris","Minty Spire (QoL Compilation)","Replay The Spire","StSLib"],"gold_per_floor":[110,110,88,88,5,5,25,25,76,107,125,50,68,83,83,186,186,186,186,186,186,186,186,86,86,86,86,86,86,86,86,86,86,86,86,86,86,86,26,26,26,26,26,26,26,26,26,26,26,26,26],"floor_reached":50,"playtime":2656,"items_purged":["Defend_R","Defend_R"],"score":588,"play_id":"41878168-4bac-44a2-87e8-f1c471d4ac62","local_time":"20201222012243","is_ascension_mode":true,"campfire_choices":[{"data":"Replay:BasicMightCard","floor":6.0,"key":"SMITH"},{"data":"Forethought","floor":8.0,"key":"SMITH"},{"data":"Strike_R","floor":15.0,"key":"PURGE"},{"floor":23.0,"key":"REST"},{"data":"Dark Embrace","floor":25.0,"key":"SMITH"},{"data":"Bludgeon","floor":27.0,"key":"SMITH"},{"floor":32.0,"key":"REST"},{"floor":40.0,"key":"REST"},{"data":"Burning Pact","floor":44.0,"key":"SMITH"},{"floor":49.0,"key":"REST"}],"circlet_count":0,"master_deck":["Strike_R","Strike_R","Strike_R","Defend_R","Defend_R","Bash","Forethought+1","Iron Wave","Iron Wave","Replay:BasicMightCard+1","Iron Wave","Clash","Burning Pact+1","Barricade","Metallicize","Bludgeon+1","Iron Wave+1","Dark Embrace+1","Shrug It Off","Intimidate+1","ReplayTheSpireMod:Limb From Limb+1","Feed","Corruption","Flame Barrier+1","Flex+1","Parasite","Berserk"],"relics":["Burning Blood","Regal Pillow","PreservedInsect","Replay:Accelerometer","Ectoplasm","GremlinMask","Red Skull","Bag of Preparation","Snecko Eye","Nunchaku"],"acts_visited":["Exordium","TheCity","TheBeyond"],"potions_floor_usage":[50,50,50],"damage_taken":[{"damage":6.0,"enemies":"Cultist","floor":1.0,"turns":3.0},{"damage":3.0,"enemies":"Jaw Worm","floor":7.0,"turns":4.0},{"damage":20.0,"enemies":"Replay:BlueRogue","floor":10.0,"turns":4.0},{"damage":0.0,"enemies":"Small Slimes","floor":11.0,"turns":3.0},{"damage":0.0,"enemies":"Looter","floor":13.0,"turns":2.0},{"damage":13.0,"enemies":"Red Slaver","floor":14.0,"turns":3.0},{"damage":57.0,"enemies":"Slime Boss","floor":16.0,"turns":13.0},{"damage":22.0,"enemies":"3 Byrds","floor":18.0,"turns":7.0},{"damage":9.0,"enemies":"Chosen","floor":19.0,"turns":4.0},{"damage":17.0,"enemies":"Centurion and Healer","floor":20.0,"turns":5.0},{"damage":18.0,"enemies":"3 Cultists","floor":28.0,"turns":5.0},{"damage":16.0,"enemies":"Snake Plant","floor":29.0,"turns":2.0},{"damage":26.0,"enemies":"Snecko","floor":30.0,"turns":7.0},{"damage":9.0,"enemies":"Gremlin Leader","floor":31.0,"turns":4.0},{"damage":58.0,"enemies":"hubris:MusketHawk","floor":33.0,"turns":10.0},{"damage":5.0,"enemies":"3 Darklings","floor":35.0,"turns":5.0},{"damage":11.0,"enemies":"3 Shapes","floor":36.0,"turns":4.0},{"damage":50.0,"enemies":"Jaw Worm Horde","floor":37.0,"turns":3.0},{"damage":16.0,"enemies":"Maw","floor":38.0,"turns":5.0},{"damage":19.0,"enemies":"Writhing Mass","floor":42.0,"turns":5.0},{"damage":8.0,"enemies":"Spire Growth","floor":45.0,"turns":4.0},{"damage":12.0,"enemies":"Sphere and 2 Shapes","floor":46.0,"turns":3.0},{"damage":31.0,"enemies":"3 Darklings","floor":47.0,"turns":5.0},{"damage":91,"enemies":"Awakened One","floor":50,"turns":9}],"seed_played":"2591239411674818763","potions_obtained":[{"floor":1.0,"key":"SteroidPotion"},{"floor":16.0,"key":"Doom Potion"},{"floor":19.0,"key":"Adrenaline Potion"},{"floor":20.0,"key":"Fire Potion"},{"floor":29.0,"key":"Explosive Potion"},{"floor":31.0,"key":"Dexterity Potion"},{"floor":33.0,"key":"LiquidMemories"},{"floor":37.0,"key":"FearPotion"},{"floor":47.0,"key":"Flashbang"}],"is_trial":false,"path_per_floor":["M","$","$","?","$","R","M","R","T","E","M","$","M","M","R","B",null,"M","M","M","?","?","R","$","R","T","R","M","M","M","E","R","B",null,"M","M","M","M","?","R","$","M","T","R","M","M","M","$","R","B"],"character_chosen":"IRONCLAD","items_purchased":["Iron Wave","Replay:BasicMightCard"],"campfire_rested":4,"item_purchase_floors":[3,5],"current_hp_per_floor":[80,80,80,68,68,68,71,71,71,57,63,63,69,62,62,11,80,64,61,50,35,35,75,75,75,75,75,63,53,33,30,70,18,85,88,83,39,32,32,74,74,64,64,64,62,59,34,34,78,0,0],"gold":26,"neow_bonus":"RANDOM_COLORLESS","is_daily":false,"chose_seed":false,"campfire_upgraded":5,"win_rate":0.0,"timestamp":1608571363,"path_taken":["M","?","$","?","$","R","M","R","T","E","M","$","M","M","R","BOSS","M","M","M","?","?","R","$","R","T","R","M","M","?","E","R","BOSS","M","M","M","?","?","R","$","M","T","R","?","M","M","?","R","BOSS"],"items_purchased_type":["Card","Card"],"build_version":"2020-12-18","purchased_purges":2,"victory":false,"max_hp_per_floor":[80,80,80,80,80,80,80,80,80,80,80,80,80,80,80,80,80,80,80,80,85,85,85,85,85,85,85,85,85,85,85,85,85,85,88,88,88,91,91,91,91,94,94,94,94,97,97,97,97,97,97],"card_choices":[{"not_picked":["Purity","hubris:Ssssneak"],"picked":"Forethought","floor":0.0},{"not_picked":["Burning Pact","True Grit"],"picked":"Iron Wave","floor":1.0},{"not_picked":["Sentinel","hubris:ReadiedAction"],"picked":"Iron Wave","floor":7.0},{"not_picked":["Thunderclap","ReplayTheSpireMod:LeadingStrike"],"picked":"Clash","floor":10.0},{"not_picked":["Body Slam","hubris:ReadiedAction"],"picked":"Burning Pact","floor":11.0},{"not_picked":["Perfected Strike","hubris:ReadiedAction"],"picked":"Barricade","floor":13.0},{"not_picked":["Pommel Strike","True Grit"],"picked":"Metallicize","floor":14.0},{"not_picked":["hubris:StunningStrike","Impervious"],"picked":"Bludgeon","floor":16.0},{"not_picked":["Anger","Clothesline"],"picked":"Iron Wave+1","floor":18.0},{"not_picked":["Body Slam","Searing Blow"],"picked":"Dark Embrace","floor":19.0},{"not_picked":["Cleave","Havoc"],"picked":"Shrug It Off","floor":20.0},{"not_picked":["Cleave","Warcry"],"picked":"Intimidate+1","floor":28.0},{"not_picked":["Headbutt+1","Uppercut"],"picked":"ReplayTheSpireMod:Limb From Limb+1","floor":29.0},{"not_picked":["Havoc","ReplayTheSpireMod:Muscle Training","Headbutt"],"picked":"SKIP","floor":30.0},{"not_picked":["Uppercut","Dark Embrace"],"picked":"Feed","floor":31.0},{"not_picked":["Reaper","Juggernaut"],"picked":"Corruption","floor":33.0},{"not_picked":["Combust+1","Headbutt","Run Through+1"],"picked":"SKIP","floor":35.0},{"not_picked":["Warcry+1","Anger+1"],"picked":"Flame Barrier+1","floor":36.0},{"not_picked":["ReplayTheSpireMod:Muscle Training+1","Thunderclap+1"],"picked":"Flex+1","floor":37.0},{"not_picked":["hubris:CleavingFinish","ReplayTheSpireMod:Corrosion Curse","Perfected Strike+1"],"picked":"SKIP","floor":38.0},{"not_picked":["hubris:ReadiedAction+1","Heavy Blade","ReplayTheSpireMod:Muscle Training"],"picked":"SKIP","floor":42.0},{"not_picked":["Twin Strike","Carnage","Cleave+1"],"picked":"SKIP","floor":45.0},{"not_picked":["Bloodletting+1","Body Slam"],"picked":"Berserk","floor":46.0},{"not_picked":["hubris:ReadiedAction","Warcry","Anger+1"],"picked":"SKIP","floor":47.0}],"player_experience":185613,"relics_obtained":[{"floor":9.0,"key":"PreservedInsect"},{"floor":10.0,"key":"Replay:Accelerometer"},{"floor":26.0,"key":"Red Skull"},{"floor":31.0,"key":"Bag of Preparation"},{"floor":43.0,"key":"Nunchaku"}],"event_choices":[{"damage_healed":0.0,"max_hp_gain":0.0,"max_hp_loss":0.0,"gold_gain":0.0,"event_name":"Scrap Ooze","player_choice":"Success","floor":4.0,"gold_loss":0.0,"damage_taken":12.0,"relics_obtained":["Regal Pillow"]},{"damage_healed":0.0,"max_hp_gain":5.0,"max_hp_loss":0.0,"gold_gain":0.0,"event_name":"Forgotten Altar","player_choice":"Shed Blood","floor":21.0,"gold_loss":0.0,"damage_taken":20.0},{"damage_healed":0.0,"max_hp_gain":0.0,"max_hp_loss":0.0,"gold_gain":0.0,"event_name":"FaceTrader","player_choice":"Trade","floor":22.0,"gold_loss":0.0,"damage_taken":0.0,"relics_obtained":["GremlinMask"]},{"cards_removed":["Strike_R"],"damage_healed":0.0,"max_hp_gain":0.0,"max_hp_loss":0.0,"gold_gain":0.0,"event_name":"Designer","player_choice":"Single Remove","floor":39.0,"gold_loss":60.0,"damage_taken":0.0}],"is_beta":true,"boss_relics":[{"not_picked":["hubris:Stopwatch","Honey Jar"],"picked":"Ectoplasm"},{"not_picked":["hubris:ScarierMask","Replay:Ancient Bell"],"picked":"Snecko Eye"}],"items_purged_floors":[12,24],"is_endless":false,"potions_floor_spawned":[1,16,19,20,29,31,33,37,45,47],"killed_by":"Awakened One","ascension_level":3}}