{"host":"rqd50iigewdjy74u","time":1608543453,"event":{"mods":["AchievementEnabler","BaseMod","BetterRewards","Custom Start","Minty Spire (QoL Compilation)","StSLib"],"gold_per_floor":[116,129,204,204,204,204,237,250,250,280,280,293,306,317,317,420,420,431,481,497,547,697,724,724,739,739,739,771,147,215,227,227,326,326,344,444,461,11,26,26,59,84,84,113,216,229,229,0,0,96,96,108,158,172,240,290,290,310,324,324,339,356,356,381,441,441,536,536,555,605,617,165,232,265,265,281,315,332,359,359,409,7,7,106,106,119,169,182,454,468,468,483,483,516,530,545,37,87,99,99,197,197,214,234,345,361,411,411,461,511,542,606,621,635,29,79,79,209,209,233,198,248,269,287,287,300,300,340,361,382,186,186,90,90,209,209,224,243,95,111,13,13,63,78,114,223,237,287,400,424,424,544,544,544,544],"floor_reached":154,"playtime":6945,"items_purged":["Sunder"],"score":4311,"play_id":"2f08b8c1-c839-4ea4-914a-84272524994e","local_time":"20201221033733","daily_mods":["Draft"],"is_ascension_mode":false,"campfire_choices":[{"data":"Chill","floor":6,"key":"SMITH"},{"data":"All For One","floor":15,"key":"SMITH"},{"data":"Genetic Algorithm","floor":24,"key":"SMITH"},{"data":"Scrape","floor":27,"key":"SMITH"},{"data":"Redo","floor":32,"key":"SMITH"},{"data":"Apotheosis","floor":40,"key":"SMITH"},{"data":"1","floor":47,"key":"LIFT"},{"data":"2","floor":49,"key":"LIFT"},{"data":"3","floor":57,"key":"LIFT"},{"data":"Redo","floor":63,"key":"SMITH"},{"data":"Gash","floor":66,"key":"SMITH"},{"data":"Seek","floor":75,"key":"SMITH"},{"data":"Gash","floor":80,"key":"SMITH"},{"data":"Beam Cell","floor":83,"key":"SMITH"},{"data":"Jack Of All Trades","floor":91,"key":"SMITH"},{"data":"Beam Cell","floor":93,"key":"SMITH"},{"data":"Gash","floor":100,"key":"SMITH"},{"data":"Biased Cognition","floor":108,"key":"SMITH"},{"data":"Conserve Battery","floor":117,"key":"SMITH"},{"data":"Hello World","floor":125,"key":"SMITH"},{"data":"Beam Cell","floor":127,"key":"SMITH"},{"data":"Go for the Eyes","floor":132,"key":"SMITH"},{"data":"Sweeping Beam","floor":134,"key":"SMITH"},{"data":"Go for the Eyes","floor":142,"key":"SMITH"},{"data":"Stack","floor":151,"key":"SMITH"}],"circlet_count":0,"master_deck":["Hello World+1","Scrape+1","Beam Cell+1","Redo+1","Genetic Algorithm+1","Sweeping Beam+1","Ball Lightning+1","Gash+1","Beam Cell+1","Go for the Eyes+1","Go for the Eyes+1","Stack+1","Chill+1","Gash+1","Conserve Battery+1","FTL","Capacitor+1","Beam Cell+1","Conserve Battery+1","Gash+1","All For One+1","Genetic Algorithm+1","Defragment+1","Gash+1","Gash+1","Conserve Battery+1","Ball Lightning+1","Hologram+1","Redo+1","Stack+1","Apotheosis+1","BootSequence+1","Gash+1","Beam Cell+1","Conserve Battery+1","Seek+1","Biased Cognition+1","Gash+1","Go for the Eyes+1","Redo+1","Seek+1","Bandage Up+1","Jack Of All Trades+1","Beam Cell+1"],"relics":["Unceasing Top","Bird Faced Urn","WingedGreaves","HornCleat","White Beast Statue","SsserpentHead","Sozu","Nilry\u0027s Codex","MutagenicStrength","Kunai","Centennial Puzzle","Molten Egg 2","Sling","Ancient Tea Set","Eternal Feather","Coffee Dripper","Thread and Needle","Singing Bowl","DataDisk","War Paint","Girya","Cables","Ice Cream","Red Mask","Busted Crown","Gremlin Horn","Empty Cage","Bronze Scales","Omamori","Orrery","DollysMirror","Ornamental Fan","Runic Dome","Matryoshka","CaptainsWheel","Philosopher\u0027s Stone","Golden Idol","Letter Opener","Blue Candle","TheAbacus","Calling Bell","PreservedInsect","StrikeDummy","Lizard Tail","Juzu Bracelet","Vajra","Lantern","SlaversCollar","Anchor","Runic Capacitor","StoneCalendar","Calipers","Black Star"],"acts_visited":["Exordium","TheCity","TheBeyond","Exordium","TheCity","TheBeyond","Exordium","TheCity","TheBeyond","Exordium"],"potions_floor_usage":[28,28,28],"damage_taken":[{"damage":0,"enemies":"Small Slimes","floor":1,"turns":2},{"damage":0,"enemies":"Cultist","floor":2,"turns":3},{"damage":2,"enemies":"3 Sentries","floor":7,"turns":5},{"damage":0,"enemies":"Jaw Worm","floor":8,"turns":2},{"damage":0,"enemies":"Gremlin Nob","floor":10,"turns":3},{"damage":2,"enemies":"Exordium Thugs","floor":12,"turns":3},{"damage":0,"enemies":"Large Slime","floor":13,"turns":3},{"damage":0,"enemies":"2 Fungi Beasts","floor":14,"turns":2},{"damage":8,"enemies":"Hexaghost","floor":16,"turns":5},{"damage":16,"enemies":"2 Thieves","floor":18,"turns":2},{"damage":0,"enemies":"Spheric Guardian","floor":20,"turns":3},{"damage":8,"enemies":"Book of Stabbing","floor":23,"turns":4},{"damage":11,"enemies":"Shelled Parasite and Fungi","floor":25,"turns":4},{"damage":0,"enemies":"Slavers","floor":28,"turns":1},{"damage":4,"enemies":"Centurion and Healer","floor":30,"turns":2},{"damage":0,"enemies":"Snecko","floor":31,"turns":4},{"damage":0,"enemies":"Automaton","floor":33,"turns":3},{"damage":0,"enemies":"3 Shapes","floor":35,"turns":2},{"damage":0,"enemies":"Mind Bloom Boss Battle","floor":36,"turns":3},{"damage":0,"enemies":"Orb Walker","floor":37,"turns":2},{"damage":0,"enemies":"Writhing Mass","floor":39,"turns":4},{"damage":0,"enemies":"Giant Head","floor":41,"turns":2},{"damage":0,"enemies":"Nemesis","floor":42,"turns":3},{"damage":0,"enemies":"Reptomancer","floor":44,"turns":3},{"damage":0,"enemies":"2 Orb Walkers","floor":45,"turns":4},{"damage":0,"enemies":"Sphere and 2 Shapes","floor":46,"turns":2},{"damage":0,"enemies":"Donu and Deca","floor":50,"turns":4},{"damage":0,"enemies":"Cultist","floor":52,"turns":1},{"damage":0,"enemies":"Jaw Worm","floor":54,"turns":2},{"damage":0,"enemies":"2 Louse","floor":55,"turns":1},{"damage":0,"enemies":"Exordium Wildlife","floor":58,"turns":1},{"damage":0,"enemies":"Large Slime","floor":59,"turns":1},{"damage":0,"enemies":"3 Louse","floor":61,"turns":1},{"damage":0,"enemies":"Exordium Wildlife","floor":62,"turns":1},{"damage":0,"enemies":"Lagavulin","floor":64,"turns":2},{"damage":0,"enemies":"Lots of Slimes","floor":65,"turns":1},{"damage":6,"enemies":"The Guardian","floor":67,"turns":3},{"damage":0,"enemies":"2 Thieves","floor":69,"turns":2},{"damage":0,"enemies":"3 Byrds","floor":71,"turns":2},{"damage":0,"enemies":"Sentry and Sphere","floor":73,"turns":2},{"damage":0,"enemies":"Slavers","floor":74,"turns":1},{"damage":0,"enemies":"Snake Plant","floor":76,"turns":1},{"damage":0,"enemies":"Gremlin Leader","floor":77,"turns":2},{"damage":0,"enemies":"Centurion and Healer","floor":78,"turns":1},{"damage":0,"enemies":"Slavers","floor":79,"turns":2},{"damage":0,"enemies":"Collector","floor":84,"turns":3},{"damage":0,"enemies":"3 Darklings","floor":86,"turns":1},{"damage":0,"enemies":"3 Shapes","floor":88,"turns":1},{"damage":0,"enemies":"3 Darklings","floor":90,"turns":2},{"damage":0,"enemies":"Jaw Worm Horde","floor":92,"turns":1},{"damage":0,"enemies":"Giant Head","floor":94,"turns":2},{"damage":0,"enemies":"Transient","floor":95,"turns":4},{"damage":0,"enemies":"Maw","floor":96,"turns":1},{"damage":0,"enemies":"Jaw Worm Horde","floor":99,"turns":2},{"damage":0,"enemies":"Donu and Deca","floor":101,"turns":4},{"damage":0,"enemies":"Jaw Worm","floor":103,"turns":1},{"damage":0,"enemies":"Small Slimes","floor":104,"turns":2},{"damage":0,"enemies":"Cultist","floor":106,"turns":1},{"damage":0,"enemies":"3 Sentries","floor":111,"turns":2},{"damage":0,"enemies":"Blue Slaver","floor":112,"turns":1},{"damage":0,"enemies":"3 Louse","floor":113,"turns":2},{"damage":0,"enemies":"Exordium Wildlife","floor":114,"turns":2},{"damage":95,"enemies":"Hexaghost","floor":118,"turns":3},{"damage":0,"enemies":"Spheric Guardian","floor":120,"turns":1},{"damage":0,"enemies":"Chosen","floor":123,"turns":2},{"damage":0,"enemies":"Sentry and Sphere","floor":124,"turns":2},{"damage":0,"enemies":"Shelled Parasite and Fungi","floor":126,"turns":2},{"damage":0,"enemies":"Gremlin Leader","floor":128,"turns":2},{"damage":0,"enemies":"Snecko","floor":129,"turns":3},{"damage":0,"enemies":"Sentry and Sphere","floor":130,"turns":2},{"damage":0,"enemies":"Automaton","floor":135,"turns":5},{"damage":0,"enemies":"3 Shapes","floor":137,"turns":2},{"damage":0,"enemies":"Orb Walker","floor":138,"turns":2},{"damage":0,"enemies":"Writhing Mass","floor":140,"turns":3},{"damage":0,"enemies":"Transient","floor":144,"turns":5},{"damage":0,"enemies":"Giant Head","floor":145,"turns":3},{"damage":0,"enemies":"2 Orb Walkers","floor":146,"turns":4},{"damage":0,"enemies":"Sphere and 2 Shapes","floor":147,"turns":2},{"damage":0,"enemies":"Mind Bloom Boss Battle","floor":149,"turns":3},{"damage":0,"enemies":"Writhing Mass","floor":150,"turns":3},{"damage":0,"enemies":"Time Eater","floor":152,"turns":7},{"damage":296,"enemies":"Jaw Worm","floor":154,"turns":12}],"seed_played":"-4196067739318626525","potions_obtained":[{"floor":1,"key":"Block Potion"},{"floor":2,"key":"DistilledChaos"},{"floor":12,"key":"Explosive Potion"}],"is_trial":true,"path_per_floor":["M","M","?","?","?","R","E","M","T","E","?","M","M","M","R","B",null,"M","?","M","?","?","E","R","M","T","R","E","$","M","M","R","B",null,"M","?","M","$","M","R","E","E","T","E","?","M","R","?","R","B",null,"M","?","M","M","?","R","M","M","T","M","M","R","E","M","R","B",null,"M","?","M","$","M","E","R","M","E","M","E","R","?","$","R","B",null,"M","?","M","?","M","R","M","R","E","M","M","$","?","M","R","B",null,"M","M","?","M","?","R","?","?","E","M","M","M","$","?","R","B",null,"M","?","?","M","M","R","M","R","E","M","M","$","R","$","R","B",null,"M","M","$","M","$","R","?","M","E","?","M","?","?","M","R","B",null,"M"],"character_chosen":"DEFECT","items_purchased":["Sling","Ancient Tea Set","Eternal Feather","Singing Bowl","Apotheosis","Bronze Scales","Omamori","Orrery","DollysMirror","Ornamental Fan","Matryoshka","CaptainsWheel","Letter Opener","Blue Candle","TheAbacus","Vajra","Beam Cell+1","Lantern","Anchor","Runic Capacitor"],"campfire_rested":0,"item_purchase_floors":[29,29,29,38,38,72,72,72,82,82,97,97,115,115,115,131,131,133,139,141],"current_hp_per_floor":[75,75,64,52,52,52,52,52,52,56,56,56,58,58,58,54,75,59,43,49,49,49,45,45,40,40,40,42,42,40,44,59,61,75,75,75,75,75,77,77,77,79,79,79,79,79,79,79,79,79,79,81,81,83,85,77,85,87,89,89,91,91,91,93,95,95,93,97,99,99,101,107,109,111,111,111,113,115,117,117,117,117,117,119,119,121,113,119,119,125,127,129,129,131,133,135,135,128,130,130,132,132,134,136,136,138,138,138,104,104,106,110,114,128,128,99,123,40,148,150,150,117,123,127,151,161,161,163,165,167,167,167,167,167,169,169,171,173,173,175,175,175,171,183,185,187,189,189,191,193,193,195,195,0,0],"gold":544,"neow_bonus":"","is_daily":false,"chose_seed":false,"campfire_upgraded":22,"win_rate":0.0,"timestamp":1608543453,"path_taken":["M","M","?","?","?","R","E","?","T","E","?","M","M","M","R","BOSS","M","?","M","?","?","E","R","M","T","R","E","$","?","M","R","BOSS","M","?","M","$","M","R","E","E","T","E","?","M","R","?","R","BOSS","M","?","M","?","?","R","M","M","T","M","M","R","E","?","R","BOSS","M","?","M","$","?","E","R","M","E","M","E","R","?","$","R","BOSS","M","?","M","?","M","R","M","R","E","M","M","?","?","M","R","BOSS","M","M","?","M","?","R","?","?","E","?","M","M","?","?","R","BOSS","M","?","?","M","M","R","M","R","E","M","M","$","R","?","R","BOSS","M","M","$","M","?","R","?","M","E","?","M","?","?","M","R","BOSS","M"],"items_purchased_type":["Relic","Relic","Relic","Relic","Card","Relic","Relic","Relic","Relic","Relic","Relic","Relic","Relic","Relic","Relic","Relic","Card","Relic","Relic","Relic"],"build_version":"2020-12-13","purchased_purges":1,"victory":false,"max_hp_per_floor":[75,75,75,75,75,75,75,75,75,75,75,75,75,75,75,75,75,75,75,75,75,75,75,75,75,75,75,75,75,75,75,75,75,75,75,75,75,75,77,77,77,79,79,79,79,79,79,79,79,79,79,81,81,83,85,85,85,87,89,89,91,91,91,93,95,95,97,97,99,99,101,107,109,111,111,111,113,115,117,117,117,117,117,119,119,121,123,125,125,127,127,129,129,131,133,135,135,128,130,130,132,132,134,136,136,138,138,138,138,138,140,142,144,146,146,146,146,148,148,150,150,155,157,159,159,161,161,163,165,167,167,167,167,167,169,169,171,173,173,175,175,175,181,183,185,187,189,189,191,193,193,195,195,195,195],"card_choices":[{"not_picked":["Streamline","Skim"],"picked":"Hello World","floor":0},{"not_picked":["Loop","Barrage"],"picked":"Scrape","floor":0},{"not_picked":["Turbo","Hologram"],"picked":"Beam Cell","floor":0},{"not_picked":["Rebound","Turbo"],"picked":"Redo","floor":0},{"not_picked":["Beam Cell","Darkness"],"picked":"Genetic Algorithm","floor":0},{"not_picked":["Stack","Streamline"],"picked":"Sweeping Beam","floor":0},{"not_picked":["Melter","Glacier"],"picked":"Ball Lightning","floor":0},{"not_picked":["Beam Cell","Blizzard"],"picked":"Gash","floor":0},{"not_picked":["Cold Snap","Glacier"],"picked":"Beam Cell","floor":0},{"not_picked":["Barrage","Storm"],"picked":"Go for the Eyes","floor":0},{"not_picked":["Melter","Steam"],"picked":"Go for the Eyes","floor":0},{"not_picked":["Hologram","Rebound"],"picked":"Stack","floor":0},{"not_picked":["Stack","Cold Snap"],"picked":"Chill","floor":0},{"not_picked":["Compile Driver","Chill"],"picked":"Gash","floor":0},{"not_picked":["Skim","Consume"],"picked":"Conserve Battery","floor":0},{"not_picked":["Streamline","Rebound"],"picked":"FTL","floor":1},{"not_picked":["Defragment","Leap"],"picked":"Doom and Gloom","floor":2},{"not_picked":["Skim","Hologram"],"picked":"Capacitor","floor":7},{"not_picked":["Recycle","Streamline"],"picked":"Beam Cell","floor":8},{"not_picked":["Redo","Stack"],"picked":"Conserve Battery","floor":10},{"not_picked":["Steam","Leap"],"picked":"Sunder","floor":12},{"not_picked":["Go for the Eyes","Coolheaded"],"picked":"Gash","floor":13},{"not_picked":["Barrage","Tempest"],"picked":"All For One","floor":14},{"not_picked":["Doom and Gloom+1","Lockon"],"picked":"Rebound","floor":18},{"not_picked":["Hologram+1","Sunder"],"picked":"Genetic Algorithm","floor":20},{"not_picked":["Darkness+1","Melter+1"],"picked":"Defragment+1","floor":23},{"not_picked":["Self Repair+1","Ball Lightning"],"picked":"Gash","floor":25},{"not_picked":["Amplify","Coolheaded"],"picked":"Gash+1","floor":28},{"not_picked":["Gash+1","Coolheaded+1"],"picked":"Conserve Battery+1","floor":30},{"not_picked":["Echo Form","Glacier"],"picked":"Ball Lightning+1","floor":31},{"not_picked":["Electrodynamics","Echo Form"],"picked":"Machine Learning","floor":33},{"not_picked":["Undo","Barrage+1"],"picked":"Hologram+1","floor":35},{"not_picked":["Streamline+1","Coolheaded+1"],"picked":"Redo","floor":36},{"not_picked":["Storm+1","Turbo+1"],"picked":"Stack+1","floor":37},{"not_picked":["Loop","Undo","Stack+1"],"picked":"Singing Bowl","floor":39},{"not_picked":["Hologram+1","Barrage+1"],"picked":"BootSequence+1","floor":41},{"not_picked":["Electrodynamics","Go for the Eyes+1","Sweeping Beam+1"],"picked":"Singing Bowl","floor":42},{"not_picked":["Steam","Compile Driver+1"],"picked":"Gash+1","floor":44},{"not_picked":["Chill","Auto Shields+1"],"picked":"Beam Cell+1","floor":45},{"not_picked":["Barrage+1","Hello World"],"picked":"Conserve Battery","floor":46},{"not_picked":["Amplify","Core Surge+1"],"picked":"Seek","floor":50},{"not_picked":["Chaos"],"picked":"Singing Bowl","floor":52},{"not_picked":["Leap"],"picked":"Singing Bowl","floor":54},{"not_picked":["Hologram"],"picked":"Singing Bowl","floor":55},{"not_picked":["Barrage+1"],"picked":"Singing Bowl","floor":58},{"not_picked":["Go for the Eyes+1"],"picked":"Singing Bowl","floor":59},{"not_picked":["Capacitor"],"picked":"Singing Bowl","floor":61},{"not_picked":[],"picked":"Compile Driver+1","floor":62},{"not_picked":["BootSequence"],"picked":"Singing Bowl","floor":64},{"not_picked":["Conserve Battery"],"picked":"Singing Bowl","floor":65},{"not_picked":["Multi-Cast"],"picked":"Singing Bowl","floor":67},{"not_picked":["Self Repair+1"],"picked":"Singing Bowl","floor":69},{"not_picked":["Cold Snap+1"],"picked":"Singing Bowl","floor":71},{"not_picked":[],"picked":"Gash+1","floor":72},{"not_picked":["Streamline+1"],"picked":"Singing Bowl","floor":72},{"not_picked":[],"picked":"Go for the Eyes+1","floor":72},{"not_picked":["Redo"],"picked":"Singing Bowl","floor":72},{"not_picked":["Leap"],"picked":"Singing Bowl","floor":72},{"not_picked":["Barrage+1"],"picked":"Singing Bowl","floor":73},{"not_picked":["Capacitor+1"],"picked":"Singing Bowl","floor":74},{"not_picked":[],"picked":"Redo+1","floor":76},{"not_picked":["Coolheaded+1"],"picked":"Singing Bowl","floor":77},{"not_picked":["Rip and Tear+1"],"picked":"Singing Bowl","floor":78},{"not_picked":["Core Surge+1"],"picked":"Singing Bowl","floor":79},{"not_picked":["Hyperbeam+1"],"picked":"Singing Bowl","floor":84},{"not_picked":["Melter+1"],"picked":"Singing Bowl","floor":86},{"not_picked":[],"picked":"Bandage Up","floor":87},{"not_picked":[],"picked":"Jack Of All Trades","floor":87},{"not_picked":["Mind Blast+1"],"picked":"Singing Bowl","floor":87},{"not_picked":["Genetic Algorithm+1"],"picked":"Singing Bowl","floor":88},{"not_picked":["Stack+1"],"picked":"Singing Bowl","floor":90},{"not_picked":["Hologram+1"],"picked":"Singing Bowl","floor":92},{"not_picked":["Rip and Tear+1"],"picked":"Singing Bowl","floor":94},{"not_picked":["Lockon+1"],"picked":"Singing Bowl","floor":95},{"not_picked":["Ball Lightning+1"],"picked":"Singing Bowl","floor":96},{"not_picked":["Steam+1"],"picked":"Singing Bowl","floor":99},{"not_picked":["Amplify"],"picked":"Singing Bowl","floor":101},{"not_picked":["Hologram"],"picked":"Singing Bowl","floor":103},{"not_picked":["Go for the Eyes+1"],"picked":"Singing Bowl","floor":104},{"not_picked":["Rebound+1"],"picked":"Singing Bowl","floor":106},{"not_picked":["Conserve Battery"],"picked":"Singing Bowl","floor":111},{"not_picked":["Blizzard+1"],"picked":"Singing Bowl","floor":112},{"not_picked":["Recycle"],"picked":"Singing Bowl","floor":113},{"not_picked":["Go for the Eyes+1"],"picked":"Singing Bowl","floor":114},{"not_picked":["Thunder Strike+1"],"picked":"Singing Bowl","floor":118},{"not_picked":["Conserve Battery"],"picked":"Singing Bowl","floor":120},{"not_picked":["Steam"],"picked":"Singing Bowl","floor":123},{"not_picked":["Reprogram"],"picked":"Singing Bowl","floor":124},{"not_picked":["Go for the Eyes+1"],"picked":"Singing Bowl","floor":126},{"not_picked":["Lockon+1"],"picked":"Singing Bowl","floor":128},{"not_picked":["Go for the Eyes+1"],"picked":"Singing Bowl","floor":129},{"not_picked":["Lockon+1"],"picked":"Singing Bowl","floor":130},{"not_picked":["Thunder Strike+1"],"picked":"Singing Bowl","floor":135},{"not_picked":["Sweeping Beam+1"],"picked":"Singing Bowl","floor":137},{"not_picked":["Hologram+1"],"picked":"Singing Bowl","floor":138},{"not_picked":["Scrape+1"],"picked":"Singing Bowl","floor":140},{"not_picked":["Mind Blast+1"],"picked":"Singing Bowl","floor":143},{"not_picked":["Panacea"],"picked":"Singing Bowl","floor":143},{"not_picked":["Finesse"],"picked":"Singing Bowl","floor":143},{"not_picked":["Sweeping Beam+1"],"picked":"Singing Bowl","floor":144},{"not_picked":["Aggregate+1"],"picked":"Singing Bowl","floor":145},{"not_picked":["Streamline+1"],"picked":"Singing Bowl","floor":146},{"not_picked":["Buffer"],"picked":"Singing Bowl","floor":147},{"not_picked":["Loop+1"],"picked":"Singing Bowl","floor":149},{"not_picked":["Self Repair+1"],"picked":"Singing Bowl","floor":150},{"not_picked":["Hyperbeam+1"],"picked":"Singing Bowl","floor":152}],"player_experience":102057,"relics_obtained":[{"floor":7,"key":"WingedGreaves"},{"floor":9,"key":"HornCleat"},{"floor":10,"key":"White Beast Statue"},{"floor":19,"key":"Nilry\u0027s Codex"},{"floor":23,"key":"Kunai"},{"floor":26,"key":"Centennial Puzzle"},{"floor":28,"key":"Molten Egg 2"},{"floor":36,"key":"Thread and Needle"},{"floor":41,"key":"DataDisk"},{"floor":42,"key":"War Paint"},{"floor":43,"key":"Girya"},{"floor":44,"key":"Cables"},{"floor":45,"key":"Ice Cream"},{"floor":60,"key":"Gremlin Horn"},{"floor":119,"key":"PreservedInsect"},{"floor":119,"key":"StrikeDummy"},{"floor":119,"key":"Lizard Tail"},{"floor":146,"key":"StoneCalendar"},{"floor":149,"key":"Calipers"}],"event_choices":[{"damage_healed":0,"gold_gain":75,"player_choice":"Gather Gold","damage_taken":11,"max_hp_gain":0,"max_hp_loss":0,"event_name":"World of Goop","floor":3,"gold_loss":0},{"damage_healed":0,"gold_gain":0,"player_choice":"Success","damage_taken":12,"relics_obtained":["Bird Faced Urn"],"max_hp_gain":0,"max_hp_loss":0,"event_name":"Scrap Ooze","floor":4,"gold_loss":0},{"damage_healed":0,"gold_gain":0,"player_choice":"Forge","damage_taken":0,"max_hp_gain":0,"max_hp_loss":0,"event_name":"Accursed Blacksmith","floor":5,"gold_loss":0,"cards_upgraded":["Genetic Algorithm"]},{"damage_healed":0,"gold_gain":0,"player_choice":"Trade","damage_taken":0,"relics_obtained":["SsserpentHead"],"max_hp_gain":0,"max_hp_loss":0,"event_name":"FaceTrader","floor":11,"gold_loss":0},{"damage_healed":0,"gold_gain":0,"player_choice":"Obtained Book","damage_taken":16,"max_hp_gain":0,"max_hp_loss":0,"event_name":"Cursed Tome","floor":19,"gold_loss":0},{"damage_healed":0,"gold_gain":0,"player_choice":"Inject Mutagens","damage_taken":0,"relics_obtained":["MutagenicStrength"],"max_hp_gain":0,"max_hp_loss":0,"event_name":"Drug Dealer","floor":21,"gold_loss":0},{"damage_healed":0,"gold_gain":100,"player_choice":"Pray","damage_taken":0,"max_hp_gain":0,"max_hp_loss":0,"event_name":"Golden Shrine","floor":22,"gold_loss":0},{"damage_healed":0,"gold_gain":0,"player_choice":"Fight","damage_taken":0,"max_hp_gain":0,"max_hp_loss":0,"event_name":"MindBloom","floor":36,"gold_loss":0},{"damage_healed":0,"gold_gain":0,"player_choice":"Fight","damage_taken":0,"max_hp_gain":0,"max_hp_loss":0,"event_name":"Mysterious Sphere","floor":45,"gold_loss":0},{"damage_healed":0,"gold_gain":0,"player_choice":"Paid","damage_taken":0,"relics_obtained":["Red Mask"],"max_hp_gain":0,"max_hp_loss":0,"event_name":"Tomb of Lord Red Mask","floor":48,"gold_loss":279},{"damage_healed":0,"gold_gain":0,"player_choice":"Got Potions","damage_taken":0,"max_hp_gain":0,"max_hp_loss":0,"event_name":"Lab","floor":53,"gold_loss":0},{"damage_healed":0,"gold_gain":0,"player_choice":"Damaged","damage_taken":8,"max_hp_gain":0,"max_hp_loss":0,"event_name":"Wheel of Change","floor":56,"gold_loss":0},{"damage_healed":0,"gold_gain":0,"cards_transformed":["Rebound"],"player_choice":"Transformed","damage_taken":0,"max_hp_gain":0,"max_hp_loss":0,"event_name":"Transmorgrifier","floor":70,"gold_loss":0,"cards_obtained":["Biased Cognition"]},{"cards_removed":["Machine Learning"],"damage_healed":0,"gold_gain":0,"player_choice":"Elegance","damage_taken":0,"max_hp_gain":0,"max_hp_loss":0,"event_name":"Back to Basics","floor":81,"gold_loss":0},{"damage_healed":0,"gold_gain":0,"player_choice":"Memory 3","damage_taken":10,"max_hp_gain":0,"max_hp_loss":0,"event_name":"SensoryStone","floor":87,"gold_loss":0},{"damage_healed":0,"gold_gain":222,"player_choice":"Wore Mask","damage_taken":0,"max_hp_gain":0,"max_hp_loss":0,"event_name":"Tomb of Lord Red Mask","floor":89,"gold_loss":0},{"damage_healed":0,"gold_gain":0,"player_choice":"Max HP","damage_taken":0,"max_hp_gain":0,"max_hp_loss":7,"event_name":"Winding Halls","floor":98,"gold_loss":0},{"damage_healed":0,"gold_gain":61,"player_choice":"Gained Gold","damage_taken":0,"max_hp_gain":0,"max_hp_loss":0,"event_name":"Golden Wing","floor":105,"gold_loss":0},{"damage_healed":0,"gold_gain":0,"player_choice":"Grow","damage_taken":0,"max_hp_gain":0,"max_hp_loss":0,"event_name":"Living Wall","floor":107,"gold_loss":0,"cards_upgraded":["Bandage Up"]},{"damage_healed":0,"gold_gain":0,"player_choice":"Take Damage","damage_taken":34,"relics_obtained":["Golden Idol"],"max_hp_gain":0,"max_hp_loss":0,"event_name":"Golden Idol","floor":109,"gold_loss":0},{"damage_healed":0,"gold_gain":0,"player_choice":"Ignored","damage_taken":0,"max_hp_gain":0,"max_hp_loss":0,"event_name":"NoteForYourself","floor":110,"gold_loss":0},{"damage_healed":0,"gold_gain":0,"player_choice":"Entered Light","damage_taken":29,"max_hp_gain":0,"max_hp_loss":0,"event_name":"Shining Light","floor":116,"gold_loss":0,"cards_upgraded":["Gash","Ball Lightning"]},{"damage_healed":0,"gold_gain":0,"player_choice":"Obtained Relic","damage_taken":0,"relics_obtained":["Juzu Bracelet"],"max_hp_gain":0,"max_hp_loss":0,"event_name":"Addict","floor":121,"gold_loss":85},{"damage_healed":0,"gold_gain":0,"player_choice":"Shed Blood","damage_taken":38,"max_hp_gain":5,"max_hp_loss":0,"event_name":"Forgotten Altar","floor":122,"gold_loss":0},{"damage_healed":0,"gold_gain":0,"player_choice":"Memory 3","damage_taken":10,"max_hp_gain":0,"max_hp_loss":0,"event_name":"SensoryStone","floor":143,"gold_loss":0},{"damage_healed":0,"gold_gain":0,"player_choice":"Fight","damage_taken":0,"max_hp_gain":0,"max_hp_loss":0,"event_name":"Mysterious Sphere","floor":146,"gold_loss":0},{"damage_healed":0,"gold_gain":0,"player_choice":"Upgraded","damage_taken":0,"max_hp_gain":0,"max_hp_loss":0,"event_name":"Upgrade Shrine","floor":148,"gold_loss":0,"cards_upgraded":["Capacitor"]},{"damage_healed":0,"gold_gain":0,"player_choice":"Fight","damage_taken":0,"max_hp_gain":0,"max_hp_loss":0,"event_name":"MindBloom","floor":149,"gold_loss":0}],"is_beta":false,"boss_relics":[{"not_picked":["Snecko Eye","Calling Bell"],"picked":"Sozu"},{"not_picked":["Nuclear Battery","Runic Pyramid"],"picked":"Coffee Dripper"},{"not_picked":["Cursed Key","Tiny House"],"picked":"Busted Crown"},{"not_picked":["Black Star","SacredBark"],"picked":"Empty Cage"},{"not_picked":["Tiny House","Inserter"],"picked":"Runic Dome"},{"not_picked":["Fusion Hammer","Cursed Key"],"picked":"Philosopher\u0027s Stone"},{"not_picked":["Nuclear Battery","SacredBark"],"picked":"Calling Bell"},{"not_picked":["Cursed Key","Astrolabe"],"picked":"SlaversCollar"},{"not_picked":["Fusion Hammer","Tiny House"],"picked":"Black Star"}],"items_purged_floors":[29],"is_endless":true,"potions_floor_spawned":[1,2,12,13,14,16,18,20,23,25,28,30,31,33,35,36,37,39,41,42,44,45,46,50,52,54,55,58,59,61,62,64,65,67,69,71,73,74,76,77,78,79,84,86,88,90,92,94,95,96,99,101,103,104,106,111,112,113,114,118,120,123,124,126,128,129,130,135,137,138,140,144,145,146,147,149,150,152],"killed_by":"Jaw Worm","ascension_level":0}}