{"host":"tljppfwplya481bc","time":1608555672,"event":{"mods":["BaseMod","Colored Map","Minty Spire (QoL Compilation)","Permanent Neow","Quick Restart"],"gold_per_floor":[118,43,62,62,62,92,104,104,104,104,104,104,117,135,135,135,135],"floor_reached":16,"playtime":276,"items_purged":["Strike_R"],"score":138,"play_id":"2c54aeaf-3ce1-4bac-8227-e504af8c2801","local_time":"20201221220112","is_ascension_mode":true,"campfire_choices":[{"data":"Twin Strike","floor":8.0,"key":"SMITH"},{"data":"Spot Weakness","floor":10.0,"key":"SMITH"},{"data":"Body Slam","floor":15,"key":"SMITH"}],"circlet_count":0,"master_deck":["Strike_R","Strike_R+1","Strike_R","Defend_R","Defend_R","Defend_R","Defend_R","Bash","Armaments+1","Spot Weakness+1","Twin Strike+1","Body Slam+1"],"relics":["Burning Blood","NeowsBlessing","Unceasing Top","Calipers"],"acts_visited":["Exordium"],"potions_floor_usage":[14],"damage_taken":[{"damage":0.0,"enemies":"2 Louse","floor":1.0,"turns":1.0},{"damage":0.0,"enemies":"Jaw Worm","floor":3.0,"turns":1.0},{"damage":0.0,"enemies":"3 Sentries","floor":6.0,"turns":1.0},{"damage":1.0,"enemies":"Small Slimes","floor":7.0,"turns":3.0},{"damage":0,"enemies":"Exordium Wildlife","floor":13,"turns":3},{"damage":17,"enemies":"Looter","floor":14,"turns":3},{"damage":59,"enemies":"Hexaghost","floor":16,"turns":8}],"seed_played":"4007384836497212405","potions_obtained":[{"floor":7.0,"key":"BlessingOfTheForge"},{"floor":14,"key":"Fruit Juice"}],"is_trial":false,"path_per_floor":["M","$","M","?","?","E","M","R","T","R","?","?","M","M","R","B"],"character_chosen":"IRONCLAD","items_purchased":[],"campfire_rested":0,"item_purchase_floors":[],"current_hp_per_floor":[80,80,80,80,64,70,75,75,75,75,80,80,85,79,79,20,20],"gold":135,"neow_bonus":"THREE_ENEMY_KILL","is_daily":false,"chose_seed":false,"campfire_upgraded":3,"win_rate":0.0,"timestamp":1608555672,"path_taken":["M","$","M","?","?","E","M","R","T","R","?","?","M","M","R","BOSS"],"items_purchased_type":[],"build_version":"2020-12-13","purchased_purges":1,"victory":false,"max_hp_per_floor":[80,80,80,80,80,80,80,80,80,80,85,85,85,90,90,90,90],"card_choices":[{"not_picked":["Perfected Strike","Shrug It Off"],"picked":"Armaments","floor":1.0},{"not_picked":["Thunderclap","Shrug It Off","Iron Wave"],"picked":"SKIP","floor":3.0},{"not_picked":["Twin Strike","Infernal Blade"],"picked":"Spot Weakness","floor":6.0},{"not_picked":["Burning Pact","Iron Wave"],"picked":"Twin Strike","floor":7.0},{"not_picked":["Dark Embrace","Perfected Strike"],"picked":"Body Slam","floor":13},{"not_picked":["Wild Strike","Warcry","Dark Embrace"],"picked":"SKIP","floor":14}],"player_experience":200044,"relics_obtained":[{"floor":6.0,"key":"Unceasing Top"},{"floor":9.0,"key":"Calipers"}],"event_choices":[{"damage_healed":0.0,"max_hp_gain":0.0,"max_hp_loss":0.0,"gold_gain":0.0,"event_name":"Liars Game","player_choice":"Ignored","floor":4.0,"gold_loss":0.0,"damage_taken":0.0},{"damage_healed":0.0,"max_hp_gain":0.0,"max_hp_loss":0.0,"gold_gain":0.0,"event_name":"Shining Light","player_choice":"Entered Light","floor":5.0,"gold_loss":0.0,"damage_taken":16.0,"cards_upgraded":["Armaments","Strike_R"]},{"damage_healed":0.0,"max_hp_gain":5.0,"max_hp_loss":0.0,"gold_gain":0.0,"event_name":"Big Fish","player_choice":"Donut","floor":11.0,"gold_loss":0.0,"damage_taken":0.0},{"cards_removed":["Strike_R"],"damage_healed":0.0,"max_hp_gain":0.0,"max_hp_loss":0.0,"gold_gain":0.0,"event_name":"Living Wall","player_choice":"Forget","floor":12.0,"gold_loss":0.0,"damage_taken":0.0}],"is_beta":false,"boss_relics":[],"items_purged_floors":[2],"is_endless":false,"potions_floor_spawned":[7,14],"killed_by":"Hexaghost","ascension_level":2}}