{"host":"9ndbo4kgsfoemf7y","time":1608561134,"event":{"mods":["AchievementEnabler","BaseMod","Colored Map","DeckTracker","Keyboard Shortcuts","Minty Spire (QoL Compilation)","Permanent Neow","Quick Restart","Relic Stats","StSLib","SuperFastMode"],"gold_per_floor":[112,25,45,45,56,56,89,89,114,144,144,144,182,195,195,288,288,307,70,70,70,70],"floor_reached":21,"playtime":676,"items_purged":[],"score":370,"play_id":"b964fc6d-9340-47f5-8aaa-d82300bc3376","local_time":"20201221233214","is_ascension_mode":true,"campfire_choices":[{"data":"Infernal Blade","floor":6.0,"key":"SMITH"},{"floor":8.0,"key":"REST"},{"floor":12.0,"key":"REST"},{"floor":15.0,"key":"REST"}],"circlet_count":0,"master_deck":["AscendersBane","Strike_R+1","Defend_R","Defend_R","Defend_R","Defend_R","Bash","Berserk","Flex+1","Infernal Blade+1","Cleave","Bludgeon","Feed","Barricade","Ghostly","Ghostly","Ghostly"],"relics":["Burning Blood","Strawberry","Toy Ornithopter","White Beast Statue","Golden Idol","Odd Mushroom","Empty Cage","TheAbacus"],"acts_visited":["Exordium","TheCity"],"potions_floor_usage":[21,21],"damage_taken":[{"damage":8.0,"enemies":"Small Slimes","floor":1.0,"turns":4.0},{"damage":2.0,"enemies":"2 Louse","floor":3.0,"turns":2.0},{"damage":6.0,"enemies":"Cultist","floor":5.0,"turns":3.0},{"damage":35.0,"enemies":"Lagavulin","floor":7.0,"turns":6.0},{"damage":35.0,"enemies":"3 Sentries","floor":10.0,"turns":7.0},{"damage":32.0,"enemies":"The Mushroom Lair","floor":13.0,"turns":3.0},{"damage":7.0,"enemies":"Looter","floor":14.0,"turns":3.0},{"damage":39.0,"enemies":"The Guardian","floor":16.0,"turns":11.0},{"damage":21.0,"enemies":"2 Thieves","floor":18.0,"turns":5.0},{"damage":52,"enemies":"3 Byrds","floor":21,"turns":6}],"seed_played":"-3904003042938502215","potions_obtained":[{"floor":3.0,"key":"Energy Potion"},{"floor":5.0,"key":"Ancient Potion"},{"floor":13.0,"key":"SteroidPotion"},{"floor":14.0,"key":"BlessingOfTheForge"},{"floor":16.0,"key":"HeartOfIron"},{"floor":18.0,"key":"Swift Potion"}],"is_trial":false,"path_per_floor":["M","$","M","?","M","R","E","R","T","E","?","R","?","M","R","B",null,"M","$","?","M"],"character_chosen":"IRONCLAD","items_purchased":["Infernal Blade","TheAbacus","Barricade"],"campfire_rested":3,"item_purchase_floors":[2,19,19],"current_hp_per_floor":[66,66,68,48,48,48,26,48,48,24,24,44,18,17,37,9,53,46,46,35,0,0],"gold":70,"neow_bonus":"TRANSFORM_TWO_CARDS","is_daily":false,"chose_seed":false,"campfire_upgraded":1,"win_rate":0.0,"timestamp":1608561134,"path_taken":["M","$","M","?","M","R","E","R","T","E","?","R","?","M","R","BOSS","M","$","?","M"],"items_purchased_type":["Card","Relic","Card"],"build_version":"2020-12-13","purchased_purges":0,"victory":false,"max_hp_per_floor":[68,68,68,68,68,68,75,75,75,75,68,68,68,68,68,68,68,71,71,35,39,39],"relic_stats":{"TheAbacus":[12],"counters":[10,50],"Golden Idol":34,"obtain_stats":[{"TheAbacus":19,"Golden Idol":11,"Strawberry":7,"Odd Mushroom":13,"Empty Cage":17,"Burning Blood":0,"Toy Ornithopter":9,"White Beast Statue":10},{"TheAbacus":9,"Golden Idol":5,"Strawberry":4,"Odd Mushroom":6,"Empty Cage":8,"Burning Blood":0,"Toy Ornithopter":4,"White Beast Statue":5},{"TheAbacus":44,"Golden Idol":22,"Strawberry":15,"Odd Mushroom":25,"Empty Cage":39,"Burning Blood":0,"Toy Ornithopter":15,"White Beast Statue":22}],"Burning Blood":52,"Toy Ornithopter":15},"card_choices":[{"not_picked":["Havoc","Flex","Clash"],"picked":"SKIP","floor":1.0},{"not_picked":["Warcry","Evolve"],"picked":"Cleave","floor":3.0},{"not_picked":["Anger","Pummel","Flex"],"picked":"SKIP","floor":5.0},{"not_picked":["Heavy Blade","Inflame"],"picked":"Bludgeon","floor":7.0},{"not_picked":["Anger","Warcry","Flex"],"picked":"SKIP","floor":10.0},{"not_picked":["Fire Breathing","Pummel","Rupture"],"picked":"SKIP","floor":14.0},{"not_picked":["Bludgeon","Double Tap"],"picked":"Feed","floor":16.0},{"not_picked":["Flex","Sword Boomerang","Iron Wave"],"picked":"SKIP","floor":18.0}],"player_experience":729486,"relics_obtained":[{"floor":7.0,"key":"Strawberry"},{"floor":9.0,"key":"Toy Ornithopter"},{"floor":10.0,"key":"White Beast Statue"},{"floor":13.0,"key":"Odd Mushroom"}],"event_choices":[{"damage_healed":0.0,"max_hp_gain":0.0,"max_hp_loss":0.0,"gold_gain":0.0,"event_name":"Shining Light","player_choice":"Entered Light","floor":4.0,"gold_loss":0.0,"damage_taken":20.0,"cards_upgraded":["Strike_R","Flex"]},{"damage_healed":0.0,"max_hp_gain":0.0,"max_hp_loss":7.0,"gold_gain":0.0,"event_name":"Golden Idol","player_choice":"Lose Max HP","floor":11.0,"gold_loss":0.0,"damage_taken":0.0,"relics_obtained":["Golden Idol"]},{"damage_healed":0.0,"max_hp_gain":0.0,"max_hp_loss":0.0,"gold_gain":0.0,"event_name":"Mushrooms","player_choice":"Fought Mushrooms","floor":13.0,"gold_loss":0.0,"damage_taken":0.0},{"damage_healed":0.0,"max_hp_gain":0.0,"max_hp_loss":36.0,"gold_gain":0.0,"event_name":"Ghosts","player_choice":"Became a Ghost","floor":20.0,"gold_loss":0.0,"damage_taken":0.0,"cards_obtained":["Ghostly","Ghostly","Ghostly"]}],"is_beta":false,"boss_relics":[{"not_picked":["Mark of Pain","Sozu"],"picked":"Empty Cage"}],"items_purged_floors":[],"is_endless":false,"potions_floor_spawned":[3,5,13,14,16,18],"killed_by":"3 Byrds","ascension_level":20}}