{"host":"bxdue9bkfm2khp2x","time":1608536601,"event":{"mods":["Aspiration","BaseMod","Better Vampires","Challenge The Spire","Colored Powertips","Conspire","Decade(王小明)","Dota2Spire","Downfall","Highlight Path","Marisa（F雨　魔理沙）","Minty Spire (QoL Compilation)","MostiFishMod","Remilia（蕾米莉亚）","Replay The Spire","RumiaBox-露米娅的神秘盒子","StSLib","Td1madao Mod","The Alterego","The Cursed","The Servant 0.9.4","Waifu the Spire","WarShipGirlsR/战舰少女R mod","Youmu（魂魄妖梦）","noobMod","vexMod","【功能Mod】混沌之环修复补丁","【遗物卡牌】REMEMod","篝火指南"],"gold_per_floor":[113,127,21998,22021,22043,22043,22043,22043,22043,22043,22084,22084,21550,21550,21043,21133,21133,21158,21158,21184,21200,21217,21059,21059,21076,21076,20869,20382,20421,20147,20169,19676,19775,19775,19799,19799,19422,19443,19500,19044,19108,19136,19136,18683,18734,18751,18766,18766,18766,18794],"floor_reached":51,"playtime":2696,"items_purged":["alterego_mod:Impale","alterego_mod:BigMeatyClaws+1","alterego_mod:DiscoLights","alterego_mod:DiscoLights","alterego_mod:Strike","alterego_mod:Strike","alterego_mod:Strike+1","alterego_mod:Strike+1","alterego_mod:Defend","alterego_mod:Rake","MostiFishMod:KingOfFree"],"score":1841,"play_id":"8fc95394-08b5-4829-a67a-3d0c9b7bcd3f","local_time":"20201221154321","is_ascension_mode":true,"campfire_choices":[{"data":"MostiFishMod:IntelligentEquipment","floor":6.0,"key":"SMITH"},{"data":"alterego_mod:BigMeatyClaws","floor":8.0,"key":"SMITH"},{"data":"alterego_mod:Palingenesis","floor":49,"key":"SMITH"}],"circlet_count":0,"master_deck":["AscendersBane","alterego_mod:Defend","alterego_mod:Defend","alterego_mod:BrynhildrsRune+1","MostiFishMod:IntelligentEquipment+1","alterego_mod:Pet","alterego_mod:MagicResistance","alterego_mod:Undulate+1","alterego_mod:ChallengeComplete","alterego_mod:ClassAdvantage","alterego_mod:MaintainEyeContact","alterego_mod:Venus","alterego_mod:Palingenesis+1","alterego_mod:Nekomimi+1","MostiFishMod:SparklingWater"],"relics":["alterego_mod:MasochisticConstitution","REME_ComplimentaryCards","DaveBox","ice","RhineSuit","NeowsBlessing","Question Card","ReplayFunnel","ChiLing","Chi","Ling","Replay:Bandana","Mirror","Whetstone","Chemical X","Iron Hammer","Membership Card","REME_LimitBreaker","ImportantClient","JellyFishMachine","Gremlin Food","Omamori","MoreBug","Happy Flower","Dota2Spire:AghanimScepter","Dota2Spire:Mjollnir","Dota2Spire:LotusOrb","vexMod:HeadHunter","CaptainsWheel","War Paint","Runic Pyramid","SecretRecord","Shovel","DianDianMeat","Dota2Spire:MonkeyKingBar","Dota2Spire:PhaseBoots","Gremlin Horn","conspire:DeflatedDodgeball"],"acts_visited":["Exordium","TheCity","TheBeyond"],"potions_floor_usage":[35],"damage_taken":[{"damage":0.0,"enemies":"Small Slimes","floor":1.0,"turns":1.0},{"damage":0.0,"enemies":"Jaw Worm","floor":2.0,"turns":1.0},{"damage":0.0,"enemies":"2 Louse","floor":4.0,"turns":1.0},{"damage":2.0,"enemies":"Blue Slaver","floor":5.0,"turns":3.0},{"damage":3.0,"enemies":"Lagavulin","floor":11.0,"turns":4.0},{"damage":3.0,"enemies":"Slime Boss","floor":16.0,"turns":1.0},{"damage":3.0,"enemies":"Chosen","floor":18.0,"turns":3.0},{"damage":3.0,"enemies":"2 Thieves","floor":21.0,"turns":2.0},{"damage":3.0,"enemies":"conspire:HollyBat","floor":22.0,"turns":6.0},{"damage":4.0,"enemies":"Centurion and Healer","floor":25.0,"turns":4.0},{"damage":5.0,"enemies":"Book of Stabbing","floor":29.0,"turns":4.0},{"damage":3.0,"enemies":"Snecko","floor":31.0,"turns":3.0},{"damage":12.0,"enemies":"Collector","floor":33.0,"turns":3.0},{"damage":3,"enemies":"3 Darklings","floor":35,"turns":3},{"damage":5,"enemies":"Orb Walker","floor":38,"turns":3},{"damage":3,"enemies":"Mind Bloom Boss Battle","floor":39,"turns":3},{"damage":4,"enemies":"Nemesis","floor":41,"turns":3},{"damage":7,"enemies":"Sphere and 2 Shapes","floor":42,"turns":3},{"damage":0,"enemies":"R_Hoarder","floor":45,"turns":3},{"damage":3,"enemies":"Spire Growth","floor":46,"turns":2},{"damage":3,"enemies":"3 Darklings","floor":47,"turns":2},{"damage":7,"enemies":"Awakened One","floor":50,"turns":3}],"seed_played":"866199714197364673","potions_obtained":[{"floor":4.0,"key":"AttackPotion"},{"floor":16.0,"key":"DuplicationPotion"},{"floor":21.0,"key":"ColorlessPotion"},{"floor":42,"key":"Elixir"}],"is_trial":false,"path_per_floor":["M","M","$","M","M","R","?","R","T","?","E","?","$","?","R","B",null,"M","?","T","M","M","R","?","M","T","$","$","E","R","M","R","B",null,"M","?","$","M","?","R","E","M","T","$","E","M","M","?","R","B",null],"character_chosen":"The_Alterego","items_purchased":["ReplayFunnel","ChiLing","Replay:Bandana","alterego_mod:DiscoLights","alterego_mod:Undulate","Fire Potion","Chemical X","Iron Hammer","Membership Card","vexMod:BerryBomb","REME_LimitBreaker","Omamori","Happy Flower","Dota2Spire:AghanimScepter","MostiFishMod:KingOfFree","Dota2Spire:Mjollnir","vexMod:HeadHunter","CaptainsWheel","War Paint","alterego_mod:Venus","LifebloodPotion","SecretRecord","alterego_mod:Nekomimi+1","DianDianMeat","Dota2Spire:MonkeyKingBar","conspire:DeflatedDodgeball","MostiFishMod:SparklingWater"],"campfire_rested":0,"item_purchase_floors":[3,3,3,3,3,3,13,13,15,15,15,23,27,28,28,28,30,32,32,32,32,37,37,40,40,44,44],"current_hp_per_floor":[59,59,59,59,65,65,65,65,65,65,63,59,59,59,65,63,71,69,73,73,76,74,74,74,78,78,78,78,79,79,78,78,68,78,77,77,77,81,81,81,84,86,86,87,87,87,85,85,85,79],"gold":18794,"neow_bonus":"THREE_ENEMY_KILL","is_daily":false,"chose_seed":false,"campfire_upgraded":3,"win_rate":0.0,"timestamp":1608536601,"path_taken":["M","M","$","M","M","R","?","R","T","?","E","?","$","?","R","BOSS","M","?","?","M","M","R","?","M","T","?","$","E","R","M","R","BOSS","M","?","$","?","?","R","E","M","T","$","E","M","M","?","R","BOSS"],"items_purchased_type":["Relic","Relic","Relic","Card","Card","Potion","Relic","Relic","Relic","Relic","Relic","Relic","Relic","Relic","Card","Relic","Relic","Relic","Relic","Card","Potion","Relic","Card","Relic","Relic","Relic","Card"],"build_version":"2020-12-13","purchased_purges":11,"victory":true,"max_hp_per_floor":[65,65,65,65,66,66,66,66,66,66,67,67,67,67,73,74,74,75,75,75,76,77,77,77,78,78,78,78,79,79,80,80,81,81,82,82,82,83,84,84,85,86,86,87,87,88,89,89,89,90],"card_choices":[{"not_picked":["alterego_mod:PerceptionDisorder","alterego_mod:DustData"],"picked":"alterego_mod:Pet","floor":1.0},{"not_picked":["alterego_mod:Collar","alterego_mod:Pet","alterego_mod:Rip"],"picked":"alterego_mod:MagicResistance","floor":2.0},{"not_picked":["alterego_mod:DeftHands","alterego_mod:Birthday","alterego_mod:GoddessCore"],"picked":"alterego_mod:DiscoLights","floor":4.0},{"not_picked":["alterego_mod:SakuraPetals","alterego_mod:Cycle","alterego_mod:DestructionOfProperty"],"picked":"alterego_mod:ChallengeComplete","floor":5.0},{"not_picked":["alterego_mod:GoddessCore","alterego_mod:TrashNCrash","alterego_mod:Undulate","alterego_mod:Cooking"],"picked":"SKIP","floor":11.0},{"not_picked":["alterego_mod:TrickOrTreatment","alterego_mod:Weigh","alterego_mod:PainIsPleasure"],"picked":"alterego_mod:ClassAdvantage","floor":16.0},{"not_picked":["alterego_mod:HighServant","alterego_mod:Bounce","alterego_mod:SakuraPetals+1","alterego_mod:Mirror"],"picked":"SKIP","floor":18.0},{"not_picked":["alterego_mod:Lingerie","alterego_mod:HighServant","alterego_mod:MagicResistance"],"picked":"alterego_mod:MaintainEyeContact","floor":21.0},{"not_picked":["alterego_mod:BrynhildrRomantia","alterego_mod:Pet","alterego_mod:Cycle","alterego_mod:TrashNCrash"],"picked":"SKIP","floor":22.0},{"not_picked":["alterego_mod:Mirror","alterego_mod:BoobPocket","alterego_mod:GoddessCore","alterego_mod:Punishment"],"picked":"SKIP","floor":25.0},{"not_picked":["alterego_mod:STier","alterego_mod:Maid","alterego_mod:HighServant","alterego_mod:Clones"],"picked":"SKIP","floor":29.0},{"not_picked":["alterego_mod:BiFurious","alterego_mod:SuperDuperMasochism","alterego_mod:HighServant","alterego_mod:Support"],"picked":"SKIP","floor":31.0},{"not_picked":["alterego_mod:VirginLaserPalladion","alterego_mod:IdEs","alterego_mod:PainIsPleasure"],"picked":"alterego_mod:Palingenesis","floor":33.0},{"not_picked":["alterego_mod:Pet+1","alterego_mod:Undulate","alterego_mod:Support+1","alterego_mod:PerceptionDisorder+1"],"picked":"SKIP","floor":35},{"not_picked":["alterego_mod:MaintainEyeContact","alterego_mod:Exercise","alterego_mod:Jiggle","alterego_mod:Mirror+1"],"picked":"SKIP","floor":38},{"not_picked":["alterego_mod:Valkyrie","alterego_mod:TrickOrTreatment","alterego_mod:Lift","alterego_mod:SideboobHour"],"picked":"SKIP","floor":41},{"not_picked":["alterego_mod:RingBreak","alterego_mod:SuperDuperMasochism","alterego_mod:DiscoLights","alterego_mod:Pet"],"picked":"SKIP","floor":41},{"not_picked":["alterego_mod:Cushion","alterego_mod:BusterCard","alterego_mod:RidiculouslyBig","alterego_mod:Rip"],"picked":"SKIP","floor":42},{"not_picked":["alterego_mod:Rake","alterego_mod:RingBreak","alterego_mod:STier","alterego_mod:Lift"],"picked":"SKIP","floor":45},{"not_picked":["alterego_mod:DiscoLights","alterego_mod:Santa","alterego_mod:Vow","alterego_mod:Lingerie"],"picked":"SKIP","floor":45},{"not_picked":["alterego_mod:Nekomimi","alterego_mod:Jiggle","alterego_mod:PresenceConcealment","alterego_mod:PerceptionDisorder"],"picked":"SKIP","floor":46},{"not_picked":["alterego_mod:Cooking","alterego_mod:TrashNCrash","alterego_mod:Maid","alterego_mod:DustData"],"picked":"SKIP","floor":47}],"player_experience":1400464,"relics_obtained":[{"floor":1.0,"key":"Question Card"},{"floor":9.0,"key":"Mirror"},{"floor":11.0,"key":"Whetstone"},{"floor":16.0,"key":"ImportantClient"},{"floor":20.0,"key":"Gremlin Food"},{"floor":26.0,"key":"MoreBug"},{"floor":29.0,"key":"Dota2Spire:LotusOrb"},{"floor":39,"key":"Shovel"},{"floor":41,"key":"Dota2Spire:PhaseBoots"},{"floor":43,"key":"Gremlin Horn"}],"event_choices":[{"damage_healed":0.0,"max_hp_gain":0.0,"max_hp_loss":0.0,"gold_gain":0.0,"event_name":"conspire:LoneGhost","player_choice":"Disagree","floor":7.0,"gold_loss":0.0,"damage_taken":0.0},{"damage_healed":0.0,"max_hp_gain":0.0,"max_hp_loss":0.0,"gold_gain":0.0,"event_name":"Shining Light","player_choice":"Ignored","floor":10.0,"gold_loss":0.0,"damage_taken":0.0},{"damage_healed":0.0,"max_hp_gain":0.0,"max_hp_loss":0.0,"gold_gain":0.0,"event_name":"conspire:Investor","player_choice":"Leave","floor":12.0,"gold_loss":0.0,"damage_taken":0.0},{"damage_healed":0.0,"max_hp_gain":0.0,"max_hp_loss":0.0,"gold_gain":0.0,"event_name":"The Library","player_choice":"Read","floor":24.0,"gold_loss":0.0,"damage_taken":0.0,"cards_obtained":["alterego_mod:Rake"]},{"cards_removed":["alterego_mod:Defend"],"damage_healed":0,"gold_gain":0,"player_choice":"Purged","damage_taken":0,"max_hp_gain":0,"max_hp_loss":0,"event_name":"Purifier","floor":36,"gold_loss":0},{"damage_healed":0,"gold_gain":0,"player_choice":"Fight","damage_taken":0,"max_hp_gain":0,"max_hp_loss":0,"event_name":"MindBloom","floor":39,"gold_loss":0},{"damage_healed":0,"gold_gain":0,"player_choice":"Memory 1","damage_taken":0,"max_hp_gain":0,"max_hp_loss":0,"event_name":"SensoryStone","floor":48,"gold_loss":0}],"is_beta":false,"boss_relics":[{"not_picked":["OneHitWonderSystem","Replay:Drink Me"],"picked":"JellyFishMachine"},{"not_picked":["aspiration:RunicSpoon","BirthdayGift-Icosahedron"],"picked":"Runic Pyramid"}],"items_purged_floors":[3,13,15,23,27,28,30,32,37,40,44],"is_endless":false,"potions_floor_spawned":[4,11,16,21,31,33,42,46,47],"ascension_level":16}}