{"host":"nptej036rrbiurf5","time":1608536505,"event":{"mods":["BaseMod","Colored Map","Colored Powertips","DeckTracker","Minty Spire (QoL Compilation)","StSLib","SuperFastMode"],"gold_per_floor":[15,15,15,38,61,61,102,123,204,240,240,315,6,20,20,110,110,124,124,74,15,40,78,78,78,78,78,92,116,116,135,135,231,231,249,34,59,82,146,146,185,185,210,241,241,241,255,291,291,291,291],"floor_reached":52,"playtime":1736,"items_purged":["Strike_R","Wild Strike"],"score":2276,"play_id":"72028b57-6de7-488f-b4b4-7de87d7d92a1","local_time":"20201221164145","is_ascension_mode":true,"campfire_choices":[{"data":"1","floor":6.0,"key":"LIFT"},{"data":"2","floor":11.0,"key":"LIFT"},{"data":"3","floor":15.0,"key":"LIFT"},{"data":"Limit Break","floor":24.0,"key":"SMITH"},{"data":"Body Slam","floor":27.0,"key":"SMITH"},{"data":"Armaments","floor":30.0,"key":"SMITH"},{"floor":32.0,"key":"REST"},{"data":"Dark Embrace","floor":40,"key":"SMITH"},{"data":"Offering","floor":42,"key":"SMITH"},{"data":"Corruption","floor":46,"key":"SMITH"},{"data":"Evolve","floor":49,"key":"SMITH"}],"circlet_count":0,"master_deck":["AscendersBane","Defend_R","Defend_R","Defend_R","Bash","Twin Strike+1","Power Through+1","Sword Boomerang","Master of Strategy","Body Slam+1","Armaments+1","Limit Break+1","Uppercut+1","Flame Barrier+1","Double Tap+1","True Grit+1","Shrug It Off","Pummel","Corruption+1","Impervious","Warcry","Dark Embrace+1","Offering+1","Evolve+1"],"relics":["Burning Blood","Girya","Golden Idol","Pocketwatch","Matryoshka","Pen Nib","Astrolabe","Ornamental Fan","Anchor","The Courier","Runic Dome","Bird Faced Urn","Eternal Feather","Meat on the Bone","PreservedInsect","Calipers","Question Card"],"acts_visited":["Exordium","TheCity","TheBeyond"],"potions_floor_usage":[48,51,51],"damage_taken":[{"damage":4.0,"enemies":"2 Louse","floor":1.0,"turns":3.0},{"damage":7.0,"enemies":"Small Slimes","floor":4.0,"turns":4.0},{"damage":7.0,"enemies":"Jaw Worm","floor":5.0,"turns":3.0},{"damage":15.0,"enemies":"3 Sentries","floor":7.0,"turns":4.0},{"damage":2.0,"enemies":"3 Louse","floor":8.0,"turns":4.0},{"damage":15.0,"enemies":"Lagavulin","floor":10.0,"turns":7.0},{"damage":3.0,"enemies":"Large Slime","floor":14.0,"turns":4.0},{"damage":0.0,"enemies":"Slime Boss","floor":16.0,"turns":4.0},{"damage":0.0,"enemies":"3 Byrds","floor":18.0,"turns":3.0},{"damage":5.0,"enemies":"Shell Parasite","floor":22.0,"turns":4.0},{"damage":60.0,"enemies":"Gremlin Leader","floor":23.0,"turns":7.0},{"damage":0.0,"enemies":"Centurion and Healer","floor":28.0,"turns":4.0},{"damage":1.0,"enemies":"Snake Plant","floor":29.0,"turns":2.0},{"damage":8.0,"enemies":"Shelled Parasite and Fungi","floor":31.0,"turns":3.0},{"damage":92.0,"enemies":"Automaton","floor":33.0,"turns":8.0},{"damage":0,"enemies":"3 Shapes","floor":35,"turns":6},{"damage":18,"enemies":"3 Darklings","floor":37,"turns":5},{"damage":7,"enemies":"Writhing Mass","floor":38,"turns":2},{"damage":24,"enemies":"2 Orb Walkers","floor":39,"turns":5},{"damage":6,"enemies":"Reptomancer","floor":41,"turns":2},{"damage":19,"enemies":"Mind Bloom Boss Battle","floor":44,"turns":4},{"damage":16,"enemies":"Maw","floor":47,"turns":3},{"damage":6,"enemies":"Nemesis","floor":48,"turns":3},{"damage":28,"enemies":"Time Eater","floor":50,"turns":4},{"damage":6,"enemies":"Donu and Deca","floor":51,"turns":4}],"seed_played":"-8780113543212713452","potions_obtained":[{"floor":1.0,"key":"Strength Potion"},{"floor":4.0,"key":"DistilledChaos"},{"floor":10.0,"key":"EssenceOfSteel"},{"floor":16.0,"key":"EssenceOfSteel"},{"floor":18.0,"key":"DistilledChaos"},{"floor":22.0,"key":"FairyPotion"},{"floor":23.0,"key":"Weak Potion"},{"floor":41,"key":"Strength Potion"},{"floor":47,"key":"SkillPotion"},{"floor":48,"key":"ColorlessPotion"}],"is_trial":false,"path_per_floor":["M","?","?","M","M","R","E","M","T","E","R","?","$","M","R","B",null,"M","?","?","$","M","E","R","?","T","R","M","M","R","M","R","B",null,"M","$","M","M","?","R","E","R","T","?","?","R","M","E","R","B","B",null],"character_chosen":"IRONCLAD","items_purchased":["Master of Strategy","Body Slam","Shrug It Off","Dark Embrace","Offering"],"campfire_rested":1,"item_purchase_floors":[13,13,21,36,36],"current_hp_per_floor":[70,70,44,43,42,42,33,37,37,28,28,17,17,20,20,26,63,69,69,69,69,70,16,16,16,16,16,22,27,27,25,47,20,61,67,67,55,54,36,36,42,54,54,47,75,75,67,71,75,55,61],"gold":291,"neow_bonus":"ONE_RARE_RELIC","is_daily":false,"chose_seed":false,"campfire_upgraded":7,"win_rate":0.0,"timestamp":1608536505,"path_taken":["M","?","?","M","M","R","E","M","T","E","R","?","?","M","R","BOSS","M","?","?","$","?","E","R","?","T","R","M","M","R","M","R","BOSS","M","$","M","?","?","R","E","R","T","?","?","R","?","E","R","BOSS","BOSS"],"items_purchased_type":["Card","Card","Card","Card","Card"],"build_version":"2020-12-13","purchased_purges":2,"victory":true,"max_hp_per_floor":[75,75,75,75,75,75,75,75,75,75,75,75,75,75,75,75,75,75,75,75,75,75,75,75,75,75,75,75,75,75,75,75,75,75,75,75,75,75,75,75,75,75,75,75,75,75,75,75,75,75,75],"card_choices":[{"not_picked":["Twin Strike","Second Wind"],"picked":"Fire Breathing","floor":1.0},{"not_picked":["Iron Wave","Second Wind"],"picked":"Twin Strike","floor":4.0},{"not_picked":["Entrench","Clash","Combust"],"picked":"SKIP","floor":5.0},{"not_picked":["Shockwave","Havoc"],"picked":"Power Through","floor":7.0},{"not_picked":["Combust","Headbutt"],"picked":"Sword Boomerang","floor":8.0},{"not_picked":["Flame Barrier","Twin Strike"],"picked":"Wild Strike","floor":10.0},{"not_picked":["Body Slam","Infernal Blade"],"picked":"Armaments","floor":14.0},{"not_picked":["Berserk","Double Tap"],"picked":"Limit Break","floor":16.0},{"not_picked":["Clothesline","Seeing Red"],"picked":"True Grit+1","floor":18.0},{"not_picked":["Uppercut","Havoc"],"picked":"Pummel","floor":22.0},{"not_picked":["Whirlwind","True Grit+1"],"picked":"Corruption","floor":23.0},{"not_picked":["Body Slam","Clash","Pommel Strike"],"picked":"SKIP","floor":28.0},{"not_picked":["Pommel Strike","Anger","Armaments"],"picked":"SKIP","floor":29.0},{"not_picked":["Havoc","Clothesline","Thunderclap"],"picked":"SKIP","floor":31.0},{"not_picked":["Feed","Demon Form"],"picked":"Impervious","floor":33.0},{"not_picked":["Thunderclap","Anger+1"],"picked":"Warcry","floor":35},{"not_picked":["Metallicize","Clothesline","Infernal Blade"],"picked":"SKIP","floor":37},{"not_picked":["Pommel Strike","Warcry","Armaments"],"picked":"SKIP","floor":38},{"not_picked":["Reckless Charge","Inflame","Hemokinesis"],"picked":"SKIP","floor":41},{"not_picked":["Iron Wave","Havoc","Clash"],"picked":"SKIP","floor":47},{"not_picked":["Havoc+1","Second Wind"],"picked":"Evolve","floor":48}],"player_experience":840464,"relics_obtained":[{"floor":7.0,"key":"Pocketwatch"},{"floor":9.0,"key":"Matryoshka"},{"floor":10.0,"key":"Pen Nib"},{"floor":23.0,"key":"Ornamental Fan"},{"floor":26.0,"key":"Anchor"},{"floor":26.0,"key":"The Courier"},{"floor":39,"key":"Bird Faced Urn"},{"floor":41,"key":"Eternal Feather"},{"floor":43,"key":"Meat on the Bone"},{"floor":43,"key":"PreservedInsect"},{"floor":44,"key":"Calipers"},{"floor":48,"key":"Question Card"}],"event_choices":[{"cards_removed":["Strike_R"],"damage_healed":0.0,"max_hp_gain":0.0,"max_hp_loss":0.0,"gold_gain":0.0,"event_name":"Living Wall","player_choice":"Forget","floor":2.0,"gold_loss":0.0,"damage_taken":0.0},{"damage_healed":0.0,"max_hp_gain":0.0,"max_hp_loss":0.0,"gold_gain":0.0,"event_name":"Golden Idol","player_choice":"Take Damage","floor":3.0,"gold_loss":0.0,"damage_taken":26.0,"relics_obtained":["Golden Idol"]},{"damage_healed":0.0,"max_hp_gain":0.0,"max_hp_loss":0.0,"gold_gain":75.0,"event_name":"World of Goop","player_choice":"Gather Gold","floor":12.0,"gold_loss":0.0,"damage_taken":11.0},{"cards_removed":["Defend_R"],"damage_healed":0.0,"max_hp_gain":0.0,"max_hp_loss":0.0,"gold_gain":0.0,"event_name":"Back to Basics","player_choice":"Elegance","floor":19.0,"gold_loss":0.0,"damage_taken":0.0},{"damage_healed":0.0,"max_hp_gain":0.0,"max_hp_loss":0.0,"gold_gain":0.0,"event_name":"Designer","player_choice":"Upgraded Two","floor":20.0,"gold_loss":50.0,"damage_taken":0.0,"cards_upgraded":["Power Through","Twin Strike"]},{"damage_healed":0.0,"max_hp_gain":0.0,"max_hp_loss":0.0,"gold_gain":0.0,"event_name":"Transmorgrifier","player_choice":"Ignored","floor":25.0,"gold_loss":0.0,"damage_taken":0.0},{"damage_healed":0,"gold_gain":0,"player_choice":"Fight","damage_taken":0,"max_hp_gain":0,"max_hp_loss":0,"event_name":"Mysterious Sphere","floor":39,"gold_loss":0},{"damage_healed":0,"gold_gain":0,"player_choice":"Fight","damage_taken":0,"max_hp_gain":0,"max_hp_loss":0,"event_name":"MindBloom","floor":44,"gold_loss":0},{"cards_removed":["Fire Breathing"],"damage_healed":28,"gold_gain":0,"player_choice":"Offered Uncommon","damage_taken":0,"max_hp_gain":0,"max_hp_loss":0,"event_name":"Bonfire Elementals","floor":45,"gold_loss":0}],"is_beta":false,"boss_relics":[{"not_picked":["Tiny House","Coffee Dripper"],"picked":"Astrolabe"},{"not_picked":["Calling Bell","Runic Cube"],"picked":"Runic Dome"}],"items_purged_floors":[13,36],"is_endless":false,"potions_floor_spawned":[1,4,5,10,16,18,22,23,29,41,47,48],"ascension_level":20}}