{"host":"0jor5hi4rp0tpy7j","time":1608580405,"event":{"mods":["AchievementEnabler","BaseMod","Better Match","Better Note","Colored Map","Colored Powertips","Downfall","Highlight Path","Minty Spire (QoL Compilation)","StSLib"],"gold_per_floor":[119,131,146,156,32,32,32,94,94,21,35,60,79,93,93,93,93],"floor_reached":16,"playtime":508,"items_purged":[],"score":161,"play_id":"f94989a5-b422-4642-a7dd-bc73a45dfa46","local_time":"20201221205325","is_ascension_mode":true,"campfire_choices":[{"data":"Bash","floor":6,"key":"SMITH"},{"floor":15,"key":"REST"}],"circlet_count":0,"master_deck":["AscendersBane","Strike_R","Strike_R","Strike_R","Strike_R","Strike_R","Defend_R","Defend_R","Defend_R","Defend_R","Bash+1","Thunderclap","Feel No Pain","Wild Strike","Wild Strike","Feel No Pain","Havoc","True Grit","Fire Breathing","Shrug It Off","Sentinel","Wild Strike","Shrug It Off"],"relics":["Burning Blood","Sundial","Bag of Marbles","Tiny Chest"],"acts_visited":["Exordium"],"potions_floor_usage":[12,14,16],"damage_taken":[{"damage":1,"enemies":"Cultist","floor":1,"turns":3},{"damage":11,"enemies":"Jaw Worm","floor":2,"turns":4},{"damage":3,"enemies":"2 Louse","floor":3,"turns":3},{"damage":33,"enemies":"Exordium Thugs","floor":4,"turns":6},{"damage":27,"enemies":"3 Sentries","floor":8,"turns":11},{"damage":6,"enemies":"Blue Slaver","floor":11,"turns":4},{"damage":21,"enemies":"Gremlin Nob","floor":12,"turns":5},{"damage":12,"enemies":"Exordium Wildlife","floor":13,"turns":6},{"damage":9,"enemies":"Red Slaver","floor":14,"turns":2},{"damage":40,"enemies":"Hexaghost","floor":16,"turns":9}],"seed_played":"6058250359450495129","potions_obtained":[{"floor":2,"key":"SmokeBomb"},{"floor":4,"key":"Weak Potion"},{"floor":12,"key":"SteroidPotion"},{"floor":14,"key":"Energy Potion"}],"is_trial":false,"path_per_floor":["M","M","M","M","$","R","$","?","T","$","M","E","M","M","R","B"],"character_chosen":"IRONCLAD","items_purchased":["Feel No Pain","Havoc","Fire Breathing"],"campfire_rested":1,"item_purchase_floors":[5,5,10],"current_hp_per_floor":[85,80,83,56,56,56,56,35,35,35,35,20,14,11,37,0,0],"gold":93,"neow_bonus":"TEN_PERCENT_HP_BONUS","is_daily":false,"chose_seed":false,"campfire_upgraded":1,"win_rate":0.0,"timestamp":1608580405,"path_taken":["M","M","M","M","$","R","?","?","T","?","?","E","M","M","R","BOSS"],"items_purchased_type":["Card","Card","Card"],"build_version":"2020-12-13","purchased_purges":0,"victory":false,"max_hp_per_floor":[88,88,88,88,88,88,88,88,88,88,88,88,88,88,88,88,88],"card_choices":[{"not_picked":["Warcry","Searing Blow"],"picked":"Thunderclap","floor":1},{"not_picked":["Entrench","Searing Blow"],"picked":"Feel No Pain","floor":2},{"not_picked":["Headbutt","Body Slam"],"picked":"Wild Strike","floor":3},{"not_picked":["Second Wind","Offering"],"picked":"Wild Strike","floor":4},{"not_picked":["Bloodletting","Cleave"],"picked":"True Grit","floor":8},{"not_picked":["Burning Pact","Flex"],"picked":"Shrug It Off","floor":11},{"not_picked":["Disarm","Flame Barrier"],"picked":"Sentinel","floor":12},{"not_picked":["Cleave","Reaper"],"picked":"Wild Strike","floor":13},{"not_picked":["Body Slam","Twin Strike"],"picked":"Shrug It Off","floor":14}],"player_experience":348734,"relics_obtained":[{"floor":8,"key":"Sundial"},{"floor":9,"key":"Bag of Marbles"},{"floor":12,"key":"Tiny Chest"}],"event_choices":[{"damage_healed":0,"gold_gain":30,"player_choice":"Searched \u00273\u0027 times","damage_taken":0,"max_hp_gain":0,"max_hp_loss":0,"event_name":"Dead Adventurer","floor":8,"gold_loss":0}],"is_beta":false,"boss_relics":[],"items_purged_floors":[],"is_endless":false,"potions_floor_spawned":[2,4,12,14],"killed_by":"Hexaghost","ascension_level":11}}