{"host":"c59zqhrgluvxuu0k","time":1608576131,"event":{"mods":["BaseMod","Better Altar","Better Third Choice","BetterRewards","Colored Map","Colored Powertips","Curses Come First","Downfall","Duelist Mod","Friendly Minions","Hermit","Hubris","Minty Spire (QoL Compilation)","Replay The Spire","Shop Mod","Spicy Shops","StSLib","The Administrix","The Blackbeard","The Cursed","The Death Knight","The Dragon Tamer","The Druid","The Jungle","The Runesmith","The Wild Card"],"gold_per_floor":[109,119,199,213,60,85,85,97,150,167,167,167,167,113,113,218,218,233,251,201,45,67,67,67,99,125,125,125,146,185,37,37,138,138,162,180,198,0,0,38,57,87,112,12,48,67,67,83,83,83,83,83,388,426,426],"floor_reached":56,"playtime":8463,"items_purged":["Regret","Shame"],"score":1800,"play_id":"16cfe0c5-0f70-4b96-8b36-38de2954d83d","local_time":"20201221114211","is_ascension_mode":false,"metric_token":1683,"campfire_choices":[{"data":"DTMod:DoubleHit","floor":7,"key":"SMITH"},{"floor":11,"key":"RECALL"},{"data":"DTMod:Observe","floor":13,"key":"SMITH"},{"floor":15,"key":"REST"},{"data":"DTMod:EchoTactic","floor":23,"key":"SMITH"},{"data":"DTMod:SwitchingTactic","floor":28,"key":"SMITH"},{"floor":32,"key":"REST"},{"data":"DTMod:Overwhelm","floor":47,"key":"SMITH"},{"data":"DTMod:Hide","floor":49,"key":"SMITH"},{"data":"DTMod:BurningForce","floor":52,"key":"SMITH"}],"dtmod_dragon_data":[21,50,2,2,4,4],"circlet_count":0,"master_deck":["DTMod:DoubleHit+1","DTMod:TargetDefense","DTMod:TargetDefense+1","DTMod:TargetDefense","DTMod:TargetDefense","DTMod:SwitchingTactic+1","DTMod:Observe+1","DTMod:SneakAttack","DTMod:Hide+1","DTMod:RunningTactic","DTMod:Overwhelm+1","DTMod:ShieldDrain","DTMod:WarmUp+1","DTMod:Harmonize","Doubt","hubris:Greed","DTMod:ComboAttack","DTMod:CleansingStrike+1","DTMod:EchoTactic+1","DTMod:BurningForce+1","Slimebound:Tackle+1","Slimebound:Tackle+1","Slimebound:Tackle+1","DTMod:Hide+1","DTMod:Weaken+1","DTMod:HeadStart","DTMod:Dissolve+1","DTMod:CalculatedDefense","DTMod:BalancedStrike","DTMod:Adaptation","DTMod:Training","DTMod:Training+1","DTMod:TagTeam+1","Pot Of Greed","Pot Of Greed","Pot Of Greed","DTMod:ComboAttack","DTMod:BalancedStrike+1","Pot Of Greed","DTMod:ComboAttack+1","expansioncontent:DashGenerateEvil","DTMod:Weaken+1"],"relics":["DTMod:PactStone","NeowsBlessing","hubris:SlimyHat","hubris:ToyBattleship","PreservedInsect","Replay:Ancient Bell","Guardian:PocketSentry","Iron Hammer","DTMod:BindingString","ClockworkSouvenir","hubris:TinFlute","Replay:Ringing Soul","DTMod:BasicTextbook","Chemical X","Runic Pyramid","hubris:Metronome","ReplayTheSpireMod:Ring of Exchange","StoneCalendar","Replay:Baseball","Grinning Jar","DTMod:SolidMemories","hubris:NiceRug","hubris:CrystalStatue","Happy Flower","SlaversCollar","Replay:Rubber Ducky","Replay:Bottled Flurry","Ring of Chaos","hubris:BottledRain"],"acts_visited":["Exordium","TheCity","TheBeyond","TheEnding"],"potions_floor_usage":[6,16,25,30,33,41,50,54,55,55,55],"damage_taken":[{"damage":0,"enemies":"Cultist","floor":1,"turns":1},{"damage":8,"enemies":"Small Slimes","floor":2,"turns":2},{"damage":0,"enemies":"Jaw Worm","floor":4,"turns":1},{"damage":9,"enemies":"Lagavulin","floor":6,"turns":8},{"damage":0,"enemies":"Exordium Wildlife","floor":8,"turns":6},{"damage":0,"enemies":"Red Slaver","floor":10,"turns":4},{"damage":22,"enemies":"Slime Boss","floor":16,"turns":10},{"damage":9,"enemies":"2 Thieves","floor":18,"turns":4},{"damage":0,"enemies":"Spheric Guardian","floor":19,"turns":4},{"damage":13,"enemies":"3 Cultists","floor":22,"turns":6},{"damage":0,"enemies":"theDuelist:KaibaA2","floor":25,"turns":4},{"damage":9,"enemies":"Snecko","floor":29,"turns":3},{"damage":14,"enemies":"Book of Stabbing","floor":30,"turns":7},{"damage":10,"enemies":"Pondfish","floor":33,"turns":15},{"damage":24,"enemies":"3 Darklings","floor":35,"turns":7},{"damage":6,"enemies":"3 Shapes","floor":36,"turns":5},{"damage":0,"enemies":"3 Darklings","floor":37,"turns":5},{"damage":14,"enemies":"R_Hoarder","floor":40,"turns":5},{"damage":0,"enemies":"Maw","floor":41,"turns":7},{"damage":0,"enemies":"Nemesis","floor":42,"turns":3},{"damage":0,"enemies":"Reptomancer","floor":45,"turns":5},{"damage":0,"enemies":"Transient","floor":46,"turns":5},{"damage":0,"enemies":"Jaw Worm Horde","floor":48,"turns":4},{"damage":54,"enemies":"hubris:GrandSnecko","floor":50,"turns":8},{"damage":60,"enemies":"hubris:Merchant","floor":53,"turns":7},{"damage":0,"enemies":"Shield and Spear","floor":54,"turns":3},{"damage":0,"enemies":"The Heart","floor":55,"turns":8}],"seed_played":"5134546410634946221","potions_obtained":[{"floor":2,"key":"SkillPotion"},{"floor":10,"key":"FearPotion"},{"floor":16,"key":"FairyPotion"},{"floor":19,"key":"SmokeBomb"},{"floor":22,"key":"Fire Potion"},{"floor":29,"key":"sneckomod:MuddlingPotion"},{"floor":30,"key":"Elixir"},{"floor":36,"key":"SpeedPotion"},{"floor":40,"key":"hexamod:EctoCoolerPotion"},{"floor":41,"key":"Dexterity Potion"},{"floor":53,"key":"Swift Potion"},{"floor":53,"key":"Swift Potion"},{"floor":53,"key":"Milkshake"}],"is_trial":false,"path_per_floor":["M","M","?","M","$","E","R","M","T","M","R","?","R","$","R","B",null,"M","M","?","$","M","R","?","E","T","?","R","M","E","$","R","B",null,"M","M","M","$","?","E","M","E","T","$","E","M","R","M","R","B",null,"R","$","E","B",null],"character_chosen":"THE_DT","items_purchased":["hubris:SlimyHat","DTMod:WarmUp+1","ClockworkSouvenir","Chemical X","hubris:Metronome","DTMod:Adaptation"],"campfire_rested":2,"item_purchase_floors":[5,14,21,31,38,38],"current_hp_per_floor":[45,37,37,37,37,28,28,28,28,28,28,19,19,19,32,10,45,36,36,36,36,23,23,23,26,26,29,29,23,12,12,29,22,60,39,36,39,42,42,31,34,37,40,40,43,46,46,49,49,24,93,93,36,39,39],"gold":426,"neow_bonus":"THREE_ENEMY_KILL","is_daily":false,"chose_seed":false,"campfire_upgraded":7,"win_rate":0.0,"timestamp":1608576131,"path_taken":["M","?","?","M","$","E","R","M","T","M","R","?","R","?","R","BOSS","M","M","?","$","?","R","?","E","T","?","R","M","E","?","R","BOSS","M","M","M","$","?","E","M","E","T","$","E","M","R","M","R","BOSS","R","$","E","BOSS"],"items_purchased_type":["Relic","Card","Relic","Relic","Relic","Card"],"build_version":"2020-12-13","purchased_purges":2,"victory":true,"max_hp_per_floor":[45,45,45,45,45,45,45,45,45,45,45,45,45,45,45,45,45,45,45,45,45,45,45,45,48,48,51,51,54,57,57,57,60,60,63,66,69,72,72,75,78,81,84,84,87,90,90,93,93,93,93,93,96,99,99],"card_choices":[{"not_picked":["DTMod:Training","DTMod:LowKick"],"picked":"DTMod:Observe","floor":1},{"not_picked":["DTMod:FlameSlash","DTMod:RecklessFlurry"],"picked":"DTMod:SneakAttack","floor":2},{"not_picked":["DTMod:Astonish","DTMod:StarRain"],"picked":"DTMod:Hide","floor":4},{"not_picked":["DTMod:Hide","DTMod:ComboAttack"],"picked":"DTMod:RunningTactic","floor":6},{"not_picked":["DTMod:FlameSlash","DTMod:BreakAttack"],"picked":"DTMod:Overwhelm","floor":8},{"not_picked":["DTMod:TagTeam","DTMod:Weaken"],"picked":"DTMod:ShieldDrain","floor":10},{"not_picked":["DTMod:OpeningTactic","DTMod:ExcessFootwork"],"picked":"DTMod:Harmonize","floor":16},{"not_picked":["Slimebound:Icky","theDuelist:CurseDarkness"],"picked":"Doubt","floor":17},{"not_picked":["ReplayTheSpireMod:Restless Dread","CurseOfTheBell"],"picked":"hubris:Greed","floor":17},{"not_picked":["CurseOfTheBell","theDuelist:VampireCurse"],"picked":"Regret","floor":17},{"not_picked":["DTMod:QuickFly","DTMod:BreakAttack"],"picked":"DTMod:ComboAttack","floor":18},{"not_picked":["DTMod:BlazingStrike","DTMod:HeatWave"],"picked":"DTMod:CleansingStrike+1","floor":19},{"not_picked":["DTMod:BuildUp","DTMod:BizarreTactic"],"picked":"DTMod:EchoTactic","floor":22},{"not_picked":["DTMod:Cover","DTMod:RunningTactic+1"],"picked":"DTMod:BurningForce","floor":25},{"not_picked":["DTMod:Punisher+1","DTMod:Coolant"],"picked":"DTMod:Hide+1","floor":29},{"not_picked":["DTMod:Hide","DTMod:GhostSkin"],"picked":"DTMod:Weaken+1","floor":30},{"not_picked":["DTMod:TriAttack","DTMod:ResonanceForm"],"picked":"DTMod:HeadStart","floor":33},{"not_picked":["DTMod:Observe","DTMod:StarRain"],"picked":"DTMod:Dissolve+1","floor":35},{"not_picked":["DTMod:Haste+1","DTMod:Coolant+1"],"picked":"DTMod:CalculatedDefense","floor":36},{"not_picked":["DTMod:MasterPlan+1","DTMod:DarkBreath+1"],"picked":"DTMod:BalancedStrike","floor":37},{"not_picked":["DTMod:TauntingStrike","DTMod:HeatWave+1"],"picked":"DTMod:Training","floor":40},{"not_picked":["DTMod:Astonish+1","DTMod:Inferno"],"picked":"DTMod:Training+1","floor":41},{"not_picked":["DTMod:PurifyingFlame","DTMod:Cover+1"],"picked":"DTMod:TagTeam+1","floor":42},{"not_picked":["DTMod:FlameSlash","DTMod:Punisher+1"],"picked":"DTMod:ComboAttack","floor":45},{"not_picked":["DTMod:BuildUp","DTMod:LowKick"],"picked":"DTMod:BalancedStrike+1","floor":46},{"not_picked":["DTMod:ShieldDrain","DTMod:RunningTactic+1"],"picked":"DTMod:ComboAttack+1","floor":48},{"not_picked":[],"picked":"expansioncontent:DashGenerateEvil","floor":53},{"not_picked":["DTMod:FlameSlash"],"picked":"SKIP","floor":53},{"not_picked":["DTMod:HeatWave"],"picked":"SKIP","floor":53},{"not_picked":["DTMod:Threaten"],"picked":"SKIP","floor":53},{"not_picked":["DTMod:BizarreTactic"],"picked":"SKIP","floor":53},{"not_picked":["DTMod:WarmUp"],"picked":"SKIP","floor":53},{"not_picked":["Replay:Sssssssssshield"],"picked":"SKIP","floor":53},{"not_picked":["DTMod:TagTeam+1","DTMod:Punisher"],"picked":"DTMod:Weaken+1","floor":54}],"player_experience":2118800,"relics_obtained":[{"floor":6,"key":"hubris:ToyBattleship"},{"floor":9,"key":"PreservedInsect"},{"floor":25,"key":"Replay:Ringing Soul"},{"floor":30,"key":"DTMod:BasicTextbook"},{"floor":39,"key":"ReplayTheSpireMod:Ring of Exchange"},{"floor":40,"key":"StoneCalendar"},{"floor":42,"key":"Replay:Baseball"},{"floor":43,"key":"Grinning Jar"},{"floor":45,"key":"DTMod:SolidMemories"},{"floor":53,"key":"hubris:CrystalStatue"},{"floor":53,"key":"Happy Flower"},{"floor":53,"key":"SlaversCollar"},{"floor":53,"key":"Replay:Rubber Ducky"},{"floor":53,"key":"Replay:Bottled Flurry"},{"floor":53,"key":"Ring of Chaos"},{"floor":54,"key":"hubris:BottledRain"}],"event_choices":[{"damage_healed":28,"gold_gain":0,"player_choice":"Upgrade","damage_taken":9,"max_hp_gain":0,"max_hp_loss":45,"event_name":"betterThird:BetterShining","floor":12,"gold_loss":0,"cards_upgraded":["DTMod:TargetDefense","DTMod:Strike"]},{"damage_healed":0,"gold_gain":0,"player_choice":"Bet on Owner","damage_taken":0,"max_hp_gain":0,"max_hp_loss":0,"event_name":"The Joust","floor":20,"gold_loss":50},{"damage_healed":0,"gold_gain":0,"player_choice":"Stole Relic","damage_taken":0,"relics_obtained":["hubris:TinFlute"],"max_hp_gain":0,"max_hp_loss":0,"event_name":"Addict","floor":24,"gold_loss":0,"cards_obtained":["Shame"]}],"is_beta":false,"boss_relics":[{"not_picked":["hubris:BlackHole","hubris:GrandSneckoEye"],"picked":"Replay:Ancient Bell"},{"not_picked":["War Paint","MealTicket"],"picked":"Guardian:PocketSentry"},{"not_picked":["Darkstone Periapt","Toxic Egg 2"],"picked":"Iron Hammer"},{"not_picked":["hubris:BundleOfHerbs","Du-Vu Doll"],"picked":"DTMod:BindingString"},{"not_picked":["Replay:Fungal Core","Kintsugi"],"picked":"Runic Pyramid"}],"items_purged_floors":[31,44],"is_endless":false,"potions_floor_spawned":[2,10,16,19,22,29,30,36,40,41,42],"ascension_level":0}}