{"host":"7l2t4psy44vpcd9q","time":1608570079,"event":{"mods":["AchievementEnabler","BaseMod","DeckTracker","Minty Spire (QoL Compilation)","SuperFastMode"],"gold_per_floor":[112,125,135,210,230,230,230,262,289,289,322,333,333,84,84,156,156,172,182,182,182,197,197,210,210,210,221,235,235,235],"floor_reached":29,"playtime":1196,"items_purged":["Defend_B"],"score":462,"play_id":"b825256f-f880-4834-a9a4-9782127a3b12","local_time":"20201222020119","is_ascension_mode":true,"campfire_choices":[{"data":"Hologram","floor":6,"key":"SMITH"},{"data":"Hyperbeam","floor":10,"key":"SMITH"},{"data":"Echo Form","floor":15,"key":"SMITH"},{"data":"Defragment","floor":23,"key":"SMITH"},{"floor":25,"key":"REST"}],"circlet_count":0,"master_deck":["AscendersBane","Strike_B","Defend_B","Defend_B","Zap","Dualcast","Hyperbeam+1","Beam Cell","Glacier","Skim","Hologram+1","Leap","Go for the Eyes","Defragment+1","Echo Form+1","Defragment+1","Conserve Battery+1","Sunder+1","Coolheaded","White Noise+1","Coolheaded+1","Conserve Battery"],"relics":["Cracked Core","Oddly Smooth Stone","Blood Vial","Omamori","Astrolabe","Du-Vu Doll"],"acts_visited":["Exordium","TheCity"],"potions_floor_usage":[16,16,29],"damage_taken":[{"damage":5,"enemies":"Small Slimes","floor":1,"turns":3},{"damage":7,"enemies":"Jaw Worm","floor":2,"turns":2},{"damage":0,"enemies":"Cultist","floor":3,"turns":2},{"damage":0,"enemies":"Exordium Wildlife","floor":5,"turns":2},{"damage":5,"enemies":"3 Sentries","floor":8,"turns":2},{"damage":56,"enemies":"Gremlin Nob","floor":11,"turns":5},{"damage":4,"enemies":"3 Louse","floor":12,"turns":3},{"damage":6,"enemies":"Hexaghost","floor":16,"turns":9},{"damage":1,"enemies":"Spheric Guardian","floor":18,"turns":3},{"damage":0,"enemies":"Shell Parasite","floor":19,"turns":9},{"damage":21,"enemies":"Snake Plant","floor":22,"turns":5},{"damage":10,"enemies":"Centurion and Healer","floor":24,"turns":5},{"damage":5,"enemies":"Snecko","floor":27,"turns":8},{"damage":11,"enemies":"Shelled Parasite and Fungi","floor":28,"turns":7},{"damage":44,"enemies":"Gremlin Leader","floor":29,"turns":3}],"seed_played":"6512903526715318903","potions_obtained":[{"floor":1,"key":"FairyPotion"},{"floor":3,"key":"Energy Potion"},{"floor":12,"key":"AttackPotion"},{"floor":16,"key":"Ancient Potion"},{"floor":18,"key":"PowerPotion"},{"floor":22,"key":"SteroidPotion"}],"is_trial":false,"path_per_floor":["M","M","M","?","M","R","?","E","T","R","E","M","?","$","R","B",null,"M","M","?","?","M","R","M","R","T","M","M","E"],"character_chosen":"DEFECT","items_purchased":["Echo Form"],"campfire_rested":1,"item_purchase_floors":[14],"current_hp_per_floor":[59,52,52,52,52,52,52,47,47,47,21,19,42,42,42,38,63,64,66,66,60,41,41,33,54,54,51,42,0,0],"gold":235,"neow_bonus":"ONE_RANDOM_RARE_CARD","is_daily":false,"chose_seed":false,"campfire_upgraded":4,"win_rate":0.0,"timestamp":1608570079,"path_taken":["M","M","M","?","M","R","?","E","T","R","E","?","?","$","R","BOSS","M","M","?","?","M","R","M","R","T","M","?","E"],"items_purchased_type":["Card"],"build_version":"2020-12-13","purchased_purges":1,"victory":false,"max_hp_per_floor":[71,71,71,71,71,71,71,71,71,71,71,71,71,71,71,71,71,71,71,71,71,71,71,71,71,71,71,71,71,71],"card_choices":[{"not_picked":["Cold Snap","Coolheaded"],"picked":"Beam Cell","floor":1},{"not_picked":["Rebound","Steam"],"picked":"Glacier","floor":2},{"not_picked":["Compile Driver","Steam Power"],"picked":"Skim","floor":3},{"not_picked":["Blizzard","Redo"],"picked":"Hologram","floor":5},{"not_picked":["Glacier","Barrage"],"picked":"Leap","floor":8},{"not_picked":["Fusion","Barrage"],"picked":"Go for the Eyes","floor":11},{"not_picked":["Streamline","Chaos"],"picked":"Defragment","floor":12},{"not_picked":["Scrape+1","Conserve Battery"],"picked":"Coolheaded","floor":18},{"not_picked":["Go for the Eyes","Heatsinks","Reinforced Body"],"picked":"SKIP","floor":19},{"not_picked":["Thunder Strike","Rebound"],"picked":"White Noise+1","floor":22},{"not_picked":["Barrage","Beam Cell"],"picked":"Coolheaded+1","floor":24},{"not_picked":["Force Field","Storm"],"picked":"Conserve Battery","floor":27},{"not_picked":["Sweeping Beam","Rebound","Cold Snap"],"picked":"SKIP","floor":28}],"player_experience":1118842,"relics_obtained":[{"floor":8,"key":"Oddly Smooth Stone"},{"floor":9,"key":"Blood Vial"},{"floor":11,"key":"Omamori"},{"floor":26,"key":"Du-Vu Doll"}],"event_choices":[{"damage_healed":0,"gold_gain":75,"player_choice":"Gained Gold","damage_taken":0,"max_hp_gain":0,"max_hp_loss":0,"event_name":"Golden Wing","floor":4,"gold_loss":0},{"cards_removed":["Strike_B"],"damage_healed":0,"gold_gain":0,"player_choice":"Purged","damage_taken":0,"max_hp_gain":0,"max_hp_loss":0,"event_name":"Purifier","floor":7,"gold_loss":0},{"damage_healed":23,"gold_gain":0,"player_choice":"Banana","damage_taken":0,"max_hp_gain":0,"max_hp_loss":0,"event_name":"Big Fish","floor":13,"gold_loss":0},{"damage_healed":0,"gold_gain":0,"player_choice":"Ignored","damage_taken":0,"max_hp_gain":0,"max_hp_loss":0,"event_name":"Vampires","floor":20,"gold_loss":0},{"damage_healed":0,"gold_gain":0,"player_choice":"","damage_taken":6,"max_hp_gain":0,"max_hp_loss":0,"event_name":"Knowing Skull","floor":21,"potions_obtained":[],"gold_loss":0,"cards_obtained":[]}],"is_beta":false,"boss_relics":[{"not_picked":["SlaversCollar","Tiny House"],"picked":"Astrolabe"}],"items_purged_floors":[14],"is_endless":false,"potions_floor_spawned":[1,3,12,16,18,22,24],"killed_by":"Gremlin Leader","ascension_level":19}}