{"host":"fjnjuohsz43l8o15","time":1608563889,"event":{"mods":["2.2 Compatiblity","Act Like it!","BaseMod","Downfall","Friendly Minions","Minty Spire (QoL Compilation)","StSLib"],"gold_per_floor":[99,99,99,99,199,229,229,229,154,188,206,206,224,235,249,344,344,344,376,538,569,581,627,688,713,143,68,68,68,81,81,95,194,194,119,147,57,57,67,153,180,180,193,193,193,193,211,211,229,229,229,256,83,83,83],"floor_reached":56,"playtime":5295,"items_purged":["Pain"],"score":1269,"play_id":"c097b754-5197-4c9d-a038-15776efcbc2e","local_time":"20201221151809","is_ascension_mode":false,"campfire_choices":[{"data":"Slimebound:Split","floor":1,"key":"SMITH"},{"floor":3,"key":"RECALL"},{"data":"Slimebound:SamplingLick","floor":9,"key":"SMITH"},{"data":"Slimebound:DuplicatedForm","floor":18,"key":"SMITH"},{"floor":22,"key":"REST"},{"data":"expansioncontent:StudyTheSpire","floor":27,"key":"SMITH"},{"data":"Slimebound:MassRepurpose","floor":35,"key":"PURGE"},{"data":"Slimebound:LeadByExample","floor":42,"key":"SMITH"},{"data":"Slimebound:SpikyOuterGoop","floor":44,"key":"PURGE"},{"floor":54,"key":"REST"}],"circlet_count":0,"master_deck":["Slimebound:Strike_Slimebound+1","Slimebound:Strike_Slimebound+1","Slimebound:Strike_Slimebound+1","Slimebound:Tackle","Slimebound:Defend_Slimebound+1","Slimebound:Defend_Slimebound+1","Slimebound:Defend_Slimebound+1","Slimebound:Defend_Slimebound+1","Slimebound:Split+1","Slimebound:CorrosiveSpit","Slimebound:LeechingTouch","Slimebound:SlimeTap","Slimebound:SamplingLick+1","Slimebound:LeechEnergy","Slimebound:Grow","Slimebound:FormOfPuddle","Slimebound:DuplicatedForm+1","Slimebound:GoopSpray","Slimebound:SplitSpecialist","Slimebound:LeechLife","expansioncontent:StudyTheSpire+1","Slimebound:LeadByExample+1","Slimebound:Equalize","Slimebound:MegaLick","Slimebound:DisruptingSlam+1","Slimebound:PrepareCrush","Slimebound:LeechingTouch+1","Slimebound:Prepare","expansioncontent:Collect","Slimebound:Prepare","expansioncontent:CaCaw","expansioncontent:DecasProtection","expansioncontent:ChargeUp","Slimebound:SplitMire","Slimebound:LevelUp","Slimebound:FormOfPuddle+1","expansioncontent:DashGenerateEvil"],"relics":["Slimebound:AbsorbEndCombat","downfall:HeartsMalice","downfall:HeartBlessingRed","Gambling Chip","Slimebound:ScrapOozeRelic","Slimebound:TarBlob","Letter Opener","Ice Cream","downfall:HeartBlessingBlue","WarpedTongs","downfall:RedIOU","Sozu","downfall:HeartBlessingGreen","Blood Vial","Strange Spoon","Unceasing Top"],"acts_visited":["Exordium","TheCity","TheBeyond","TheEnding"],"potions_floor_usage":[52],"damage_taken":[{"damage":0,"enemies":"2 Louse","floor":4,"turns":1},{"damage":0,"enemies":"3 Sentries","floor":6,"turns":1},{"damage":0,"enemies":"Small Slimes","floor":8,"turns":1},{"damage":27,"enemies":"Lagavulin","floor":10,"turns":5},{"damage":8,"enemies":"Cultist","floor":11,"turns":2},{"damage":8,"enemies":"Exordium Wildlife","floor":13,"turns":2},{"damage":8,"enemies":"Gremlin Gang","floor":14,"turns":3},{"damage":8,"enemies":"3 Louse","floor":15,"turns":3},{"damage":26,"enemies":"downfall:Watcher","floor":16,"turns":7},{"damage":43,"enemies":"Slavers","floor":19,"turns":6},{"damage":25,"enemies":"3 Byrds","floor":21,"turns":4},{"damage":52,"enemies":"Book of Stabbing","floor":23,"turns":5},{"damage":37,"enemies":"Shell Parasite","floor":25,"turns":4},{"damage":37,"enemies":"downfall:FleeingMerchant","floor":26,"turns":4},{"damage":26,"enemies":"Shelled Parasite and Fungi","floor":30,"turns":3},{"damage":2,"enemies":"Snake Plant","floor":32,"turns":2},{"damage":54,"enemies":"downfall:Defect","floor":33,"turns":6},{"damage":64,"enemies":"Reptomancer","floor":36,"turns":5},{"damage":36,"enemies":"downfall:FleeingMerchant","floor":37,"turns":4},{"damage":54,"enemies":"downfall:FleeingMerchant","floor":38,"turns":4},{"damage":16,"enemies":"Orb Walker","floor":39,"turns":3},{"damage":18,"enemies":"downfall:FleeingMerchant","floor":40,"turns":1},{"damage":27,"enemies":"3 Darklings","floor":43,"turns":3},{"damage":39,"enemies":"Maw","floor":47,"turns":7},{"damage":10,"enemies":"Sphere and 2 Shapes","floor":49,"turns":4},{"damage":15,"enemies":"downfall:Ironclad","floor":50,"turns":9},{"damage":73,"enemies":"downfall:CharBossMerchant","floor":52,"turns":7},{"damage":89,"enemies":"downfall:NeowBoss","floor":55,"turns":18}],"seed_played":"8555777889998508706","potions_obtained":[{"floor":6,"key":"champ:CounterPotion"},{"floor":11,"key":"Swift Potion"},{"floor":15,"key":"AttackPotion"},{"floor":25,"key":"LiquidMemories"}],"is_trial":false,"path_per_floor":["R","?","R","M","?","E","T","M","R","E","M","?","M","M","M","B",null,"R","E","?","M","R","E","T","M","$","R","?","?","M","?","M","B",null,"R","E","?","?","M","$","T","R","M","R","?","?","M","?","M","B",null,"E","$","R","B",null],"character_chosen":"SLIMEBOUND","items_purchased":["Ice Cream","expansioncontent:StudyTheSpire","Slimebound:LeadByExample","expansioncontent:Collect","Strange Spoon","expansioncontent:DashGenerateEvil"],"campfire_rested":2,"item_purchase_floors":[26,26,26,40,40,53],"current_hp_per_floor":[60,60,60,60,60,60,60,60,60,47,51,51,57,60,60,50,60,60,31,31,30,48,37,37,39,45,55,55,55,52,52,70,70,70,70,67,66,61,66,67,67,67,69,69,59,59,49,49,67,65,70,40,40,61,65],"gold":83,"neow_bonus":"THREE_ENEMY_KILL","is_daily":false,"chose_seed":false,"campfire_upgraded":5,"win_rate":0.0,"timestamp":1608563889,"path_taken":["R","?","R","M","?","E","T","M","R","E","M","?","M","M","M","BOSS","R","E","?","M","R","E","T","?","$","R","?","?","?","?","M","BOSS","R","E","?","?","M","$","T","R","M","R","?","?","?","?","M","BOSS","E","$","R","BOSS"],"items_purchased_type":["Relic","Card","Card","Card","Relic","Card"],"build_version":"2020-12-13","purchased_purges":1,"victory":true,"max_hp_per_floor":[60,60,60,60,60,60,60,60,60,60,60,60,60,60,60,60,60,60,60,60,60,60,60,60,60,60,70,70,70,70,70,70,70,70,70,70,70,70,70,70,70,70,70,70,70,70,70,70,70,70,70,70,70,70,70],"card_choices":[{"not_picked":["Slimebound:BestDefense","Slimebound:Schlurp"],"picked":"Slimebound:LeechingTouch","floor":4},{"not_picked":["Slimebound:Schlurp","Slimebound:SplitBruiser"],"picked":"Slimebound:SlimeTap","floor":6},{"not_picked":["Slimebound:Schlurp","Slimebound:PressTheAttack"],"picked":"Slimebound:SamplingLick","floor":8},{"not_picked":["Slimebound:SplitAcid","Slimebound:GrowthPunch"],"picked":"Slimebound:Equalize","floor":10},{"not_picked":["Slimebound:SplitAcid","Slimebound:LeechingTouch","Slimebound:SplitBruiser"],"picked":"SKIP","floor":11},{"not_picked":["Slimebound:SplitAcid","Slimebound:SlimeTap"],"picked":"Slimebound:LeechEnergy","floor":13},{"not_picked":["Slimebound:ComboTackle","Slimebound:ViciousTackle"],"picked":"Slimebound:Grow","floor":14},{"not_picked":["Slimebound:RainOfGoop","Slimebound:SplitAcid"],"picked":"Slimebound:FormOfPuddle","floor":15},{"not_picked":["Slimebound:LeechLife","Slimebound:MassRepurpose"],"picked":"Slimebound:DuplicatedForm","floor":16},{"not_picked":["Slimebound:SplitLeeching","Slimebound:SamplingLick"],"picked":"Slimebound:GoopSpray","floor":19},{"not_picked":["Slimebound:Schlurp","Slimebound:SplitBruiser"],"picked":"Slimebound:SpikyOuterGoop","floor":21},{"not_picked":["Slimebound:FinishingTackle","Slimebound:AcidTongue","Slimebound:SplitMire"],"picked":"SKIP","floor":23},{"not_picked":["Slimebound:GoopSpray","Slimebound:FinishingTackle"],"picked":"Slimebound:SplitSpecialist","floor":25},{"not_picked":["Slimebound:GrowthPunch","Slimebound:RainOfGoop"],"picked":"Slimebound:LeechLife","floor":26},{"not_picked":["Slimebound:ForwardTackle","Slimebound:ViciousTackle"],"picked":"Slimebound:Equalize","floor":30},{"not_picked":["Slimebound:GoopSpray","Slimebound:ViciousTackle"],"picked":"Slimebound:MegaLick","floor":32},{"not_picked":["Slimebound:SelfFormingGoo","Slimebound:DuplicatedForm"],"picked":"Slimebound:MassRepurpose","floor":33},{"not_picked":["Slimebound:ComboTackle","Slimebound:FinishingTackle"],"picked":"Slimebound:DisruptingSlam+1","floor":36},{"not_picked":["Slimebound:ComboTackle+1","Slimebound:FlameTackle"],"picked":"Slimebound:PrepareCrush","floor":37},{"not_picked":["Slimebound:Dissolve+1","Slimebound:GoopTackle"],"picked":"Slimebound:LeechingTouch+1","floor":39},{"not_picked":["Slimebound:Teamwork","Slimebound:SplitBruiser+1"],"picked":"Slimebound:Prepare","floor":40},{"not_picked":["Slimebound:DisruptingSlam+1","Slimebound:SplitBruiser+1"],"picked":"Slimebound:Prepare","floor":43},{"not_picked":["expansioncontent:PolyBeam","expansioncontent:LastStand"],"picked":"expansioncontent:CaCaw","floor":45},{"not_picked":["expansioncontent:DarkVoid","expansioncontent:ManipulateTime"],"picked":"expansioncontent:DecasProtection","floor":45},{"not_picked":["expansioncontent:HyperBeam","expansioncontent:Flail"],"picked":"expansioncontent:ChargeUp","floor":45},{"not_picked":["Slimebound:SpikyOuterGoop","Slimebound:SplitAcid+1"],"picked":"Slimebound:SplitMire","floor":47},{"not_picked":["Slimebound:Repurpose+1","Slimebound:LeechingTouch+1"],"picked":"Slimebound:LevelUp","floor":49},{"not_picked":["Slimebound:HauntingLick+1","Slimebound:Replication"],"picked":"Slimebound:FormOfPuddle+1","floor":52}],"player_experience":125171,"relics_obtained":[{"floor":6,"key":"Bag of Marbles"},{"floor":7,"key":"Lantern"},{"floor":10,"key":"Gambling Chip"},{"floor":19,"key":"MawBank"},{"floor":23,"key":"Letter Opener"},{"floor":36,"key":"Blood Vial"},{"floor":52,"key":"Unceasing Top"}],"event_choices":[{"damage_healed":0,"gold_gain":0,"player_choice":"Simplicity","damage_taken":0,"max_hp_gain":0,"max_hp_loss":0,"event_name":"Back to Basics","floor":28,"gold_loss":0,"cards_upgraded":["Slimebound:Strike_Slimebound","Slimebound:Strike_Slimebound","Slimebound:Strike_Slimebound","Slimebound:Defend_Slimebound","Slimebound:Defend_Slimebound","Slimebound:Defend_Slimebound","Slimebound:Defend_Slimebound"]},{"damage_healed":0,"gold_gain":0,"player_choice":"Rummage","damage_taken":0,"relics_obtained":["WarpedTongs"],"max_hp_gain":0,"max_hp_loss":0,"event_name":"Accursed Blacksmith","floor":29,"gold_loss":0,"cards_obtained":["Pain"]},{"cards_removed":["Slimebound:Equalize"],"damage_healed":0,"gold_gain":0,"player_choice":"Removed Attack","damage_taken":0,"max_hp_gain":0,"max_hp_loss":0,"event_name":"Falling","floor":46,"gold_loss":0},{"damage_healed":0,"gold_gain":0,"player_choice":"Ignored","damage_taken":0,"max_hp_gain":0,"max_hp_loss":0,"event_name":"Purifier","floor":48,"gold_loss":0}],"is_beta":false,"boss_relics":[{"not_picked":["Coffee Dripper","Tiny House"],"picked":"Slimebound:TarBlob"},{"not_picked":["Empty Cage","Velvet Choker"],"picked":"Sozu"}],"items_purged_floors":[37],"is_endless":false,"potions_floor_spawned":[6,11,15,16,25,30,33,36,49,52],"ascension_level":0}}