{"host":"0uumfqrc8aynrssa","time":1608536045,"event":{"mods":["AchievementEnabler","Act Like it!","AlwaysNeverKeys","Aspiration","Astrologer","BaseMod","Better Altar","Better Match","Better Note","Better Sensory Stone","Better Skull","Better Third Choice","Better Vampires","CapriCore","Colored Map","Colored Powertips","Conspire","Downfall","Energized Spire","Friendly Minions","Gensokyo","GifTheSpireLib","Hallownest","Hermit","Highlight Path","Hubris","Infinite Spire","Jorbs\u0027s Wanderer Trilogy","Koishi","Luminous","Marisa????????","Marked Mod","Minty Spire (QoL Compilation)","Pale of the Ancients","Permanent Neow","Potionbrewer","RNG Fix","Random Character Button","Rare Cards Sparkle","Reimu??????","Relic Sorter","Remilia??????","Replay The Spire","Robot Space Explorer","Shop Mod","Somnambulant","Spicy Shops","Spikes Relics","StSLib","Stuff the Spire","The Animator","The Awakened One except there are too many feathers","The Bug Knight","The Cursed","The Hayseed","The Hierophant","The Immortal","The IronCluck","The Mystic","The Problem Sleuth","The Runesmith","The Servant 0.9.4","TheBandit","TheFirefly","Trackpad","Wandering Minibosses","egg","everything is the same but u backflip on backflip","slay the spire mod where everything is the same but ironclad has a cowboy hat","vexMod"],"gold_per_floor":[210,223,242,256,256,282,300,300,300,315,335,349,369,381,381,483,483,497,514,240,256,256,256,256,256,256],"floor_reached":25,"playtime":1280,"items_purged":["Strike_B","Strike_B"],"score":211,"play_id":"bcba4f39-2790-4c16-a415-10fe9cba3f32","local_time":"20201221023405","is_ascension_mode":false,"campfire_choices":[{"floor":8,"key":"REST"},{"floor":15,"key":"REST"},{"data":"conspire:SharedLibrary","floor":23,"key":"SMITH"}],"circlet_count":0,"master_deck":["Strike_B","Strike_B","Defend_B","Defend_B","Defend_B","Defend_B","Zap","Dualcast","Panic Button","Redo","Force Field","StuffTheSpire:Plugnplay","infinitespire:Punishment","Ball Lightning","Hello World","Recycle","Redo","BootSequence","Electrodynamics","aspiration:Polymerization","Rebound+1","Storm","Hologram","Storm","conspire:SharedLibrary+1","DiskWipe+1","RefreshScreen","Force Field+1","infinitespire:Starlight"],"relics":["Cracked Core","Nloth\u0027s Gift"],"acts_visited":["Exordium","TheCity"],"potions_floor_usage":[10,10,16,16,19],"damage_taken":[{"damage":6,"enemies":"Cultist","floor":1,"turns":3},{"damage":9,"enemies":"2 Louse","floor":2,"turns":3},{"damage":5,"enemies":"Small Slimes","floor":3,"turns":3},{"damage":8,"enemies":"2 Fungi Beasts","floor":4,"turns":3},{"damage":16,"enemies":"Gremlin Nob","floor":6,"turns":3},{"damage":0,"enemies":"Large Slime","floor":7,"turns":3},{"damage":13,"enemies":"Gremlin Gang","floor":10,"turns":2},{"damage":8,"enemies":"Exordium Thugs","floor":11,"turns":5},{"damage":0,"enemies":"3 Louse","floor":12,"turns":3},{"damage":4,"enemies":"Blue Slaver","floor":13,"turns":3},{"damage":8,"enemies":"Exordium Thugs","floor":14,"turns":3},{"damage":16,"enemies":"Hexaghost","floor":16,"turns":8},{"damage":15,"enemies":"Shell Parasite","floor":18,"turns":3},{"damage":10,"enemies":"Sentry and Sphere","floor":19,"turns":3},{"damage":21,"enemies":"Cultist and Chosen","floor":21,"turns":5},{"damage":32,"enemies":"Slavers","floor":25,"turns":3}],"seed_played":"6007276444150301129","potions_obtained":[{"floor":2,"key":"Explosive Potion"},{"floor":4,"key":"Explosive Potion"},{"floor":7,"key":"sneckomod:MuddlingPotion"},{"floor":11,"key":"Adrenaline Potion"},{"floor":13,"key":"PotionOfCapacity"},{"floor":16,"key":"SteroidPotion"},{"floor":18,"key":"Fire Potion"}],"is_trial":false,"path_per_floor":["M","M","M","M","?","E","M","R","T","M","M","M","M","M","R","B",null,"M","M","$","M","AVR","R","?","E"],"character_chosen":"DEFECT","items_purchased":["Storm","Orrery"],"campfire_rested":2,"item_purchase_floors":[20,20],"current_hp_per_floor":[69,60,55,47,29,13,13,35,35,22,14,14,10,2,24,8,75,60,50,50,29,29,29,29,0,0],"gold":256,"neow_bonus":"HUNDRED_GOLD","is_daily":false,"chose_seed":false,"campfire_upgraded":1,"win_rate":0.0,"timestamp":1608536045,"path_taken":["M","M","M","M","?","E","M","R","T","M","M","?","M","M","R","BOSS","M","M","$","M","AVR","R","?","E"],"items_purchased_type":["Card","Relic"],"build_version":"2020-12-13","purchased_purges":2,"victory":false,"max_hp_per_floor":[75,75,75,75,75,75,75,75,75,75,75,75,75,75,75,75,75,75,75,75,75,75,75,75,75,75],"card_choices":[{"not_picked":["Sweeping Beam","StuffTheSpire:Plugnplay"],"picked":"Panic Button","floor":1},{"not_picked":["Gash","Turbo"],"picked":"Redo","floor":2},{"not_picked":["Stack","Redo"],"picked":"Force Field","floor":3},{"not_picked":["Go for the Eyes","Barrage"],"picked":"StuffTheSpire:Plugnplay","floor":4},{"not_picked":["hubris:Fate","infinitespire:Execution"],"picked":"infinitespire:Punishment","floor":5},{"not_picked":["StuffTheSpire:CleanHardDrive","StuffTheSpire:SnapShoot"],"picked":"Ball Lightning","floor":6},{"not_picked":["Mirror Shield","Rebound"],"picked":"Hello World","floor":7},{"not_picked":["StuffTheSpire:LoadUp","Cold Snap"],"picked":"Recycle","floor":10},{"not_picked":["Go for the Eyes","Compile Driver","Static Discharge"],"picked":"SKIP","floor":11},{"not_picked":["Steam Power","Coolheaded"],"picked":"Redo","floor":12},{"not_picked":["Turbo","StuffTheSpire:LaunchingStrike","Barrage"],"picked":"SKIP","floor":13},{"not_picked":["Ball Lightning","ReplaySort"],"picked":"BootSequence","floor":14},{"not_picked":["StuffTheSpire:LaunchingStrike","StuffTheSpire:ForEach"],"picked":"Electrodynamics","floor":16},{"not_picked":["Melter","Rebound"],"picked":"aspiration:Polymerization","floor":18},{"not_picked":["Static Discharge","StuffTheSpire:SnapShoot+1"],"picked":"Rebound+1","floor":19},{"not_picked":["StuffTheSpire:LoadUp+1","Steam Power"],"picked":"Hologram","floor":20},{"not_picked":["Leap","Doom and Gloom"],"picked":"Storm","floor":20},{"not_picked":["Go for the Eyes","Redo"],"picked":"conspire:SharedLibrary","floor":20},{"not_picked":["Redo","Barrage"],"picked":"DiskWipe+1","floor":20},{"not_picked":["StuffTheSpire:Plugnplay","Hologram"],"picked":"RefreshScreen","floor":20},{"not_picked":["ReplaySolidLightProjector","Echo Form"],"picked":"Force Field+1","floor":21}],"player_experience":913632,"relics_obtained":[],"event_choices":[{"damage_healed":0,"gold_gain":0,"player_choice":"Traded Relic","damage_taken":0,"relics_obtained":["Nloth\u0027s Gift"],"max_hp_gain":0,"max_hp_loss":0,"event_name":"N\u0027loth","floor":24,"relics_lost":["Orrery"],"gold_loss":0}],"is_beta":false,"boss_relics":[{"not_picked":["RedLine:ReiMu","Cursed Key","Runic Dome"]}],"items_purged_floors":[20,22],"is_endless":false,"potions_floor_spawned":[2,4,7,11,13,16,18],"killed_by":"Slavers","ascension_level":0}}