{"host":"wshh0nphwn6jv7vj","time":1608582590,"event":{"mods":["BaseMod","Bestiary","Minty Spire (QoL Compilation)"],"gold_per_floor":[110,35,54,54,54,85,85,129,129,164,213,29,29,80,80,192,192,250,259,287,212,95,95,113,113,113],"floor_reached":25,"playtime":3379,"items_purged":["Defend_P"],"score":383,"play_id":"6b6daeef-b81a-4bbd-9874-33bf3042d707","local_time":"20201221152950","is_ascension_mode":true,"campfire_choices":[{"data":"FlyingSleeves","floor":7,"key":"SMITH"},{"data":"Wish","floor":13,"key":"SMITH"},{"floor":15,"key":"REST"},{"data":"LessonLearned","floor":23,"key":"SMITH"}],"circlet_count":0,"master_deck":["AscendersBane","Defend_P","Defend_P","Eruption","Vigilance","BattleHymn","InnerPeace","FlyingSleeves+1","Wish+1","Consecrate","FlurryOfBlows","Perseverance","Pray","LessonLearned+1","Prostrate","RitualDagger","Wallop+1","ThirdEye"],"relics":["Sozu","CultistMask","Pantograph","CeramicFish","Nunchaku","Blue Candle","Bronze Scales","Empty Cage"],"acts_visited":["Exordium","TheCity"],"potions_floor_usage":[],"damage_taken":[{"damage":0,"enemies":"2 Louse","floor":1,"turns":1},{"damage":2,"enemies":"Jaw Worm","floor":3,"turns":4},{"damage":7,"enemies":"Lagavulin","floor":6,"turns":6},{"damage":22,"enemies":"3 Sentries","floor":8,"turns":9},{"damage":15,"enemies":"Gremlin Nob","floor":10,"turns":4},{"damage":1,"enemies":"Cultist","floor":11,"turns":3},{"damage":0,"enemies":"Red Slaver","floor":14,"turns":5},{"damage":25,"enemies":"Hexaghost","floor":16,"turns":9},{"damage":9,"enemies":"3 Byrds","floor":18,"turns":3},{"damage":8,"enemies":"Shell Parasite","floor":20,"turns":5},{"damage":29,"enemies":"3 Cultists","floor":24,"turns":5},{"damage":9,"enemies":"Snake Plant","floor":25,"turns":1}],"seed_played":"-3595319257060656081","potions_obtained":[],"is_trial":false,"path_per_floor":["M","?","M","?","?","E","R","E","T","E","M","$","R","M","R","B",null,"M","?","M","?","$","R","M","M"],"character_chosen":"WATCHER","items_purchased":["Bronze Scales","Perseverance","ThirdEye"],"campfire_rested":1,"item_purchase_floors":[12,12,22],"current_hp_per_floor":[61,61,59,59,59,52,52,30,30,15,14,14,14,14,34,34,60,51,45,37,37,37,37,8,0,0],"gold":113,"neow_bonus":"BOSS_RELIC","is_daily":false,"chose_seed":false,"campfire_upgraded":3,"win_rate":0.0,"timestamp":1608582590,"path_taken":["M","?","M","?","?","E","R","E","T","E","?","?","R","M","R","BOSS","M","?","M","?","$","R","M","M"],"items_purchased_type":["Relic","Card","Card"],"build_version":"2020-12-13","purchased_purges":1,"victory":false,"max_hp_per_floor":[68,68,68,68,68,68,68,68,68,68,68,68,68,68,68,68,68,68,68,68,68,68,68,68,68,68],"card_choices":[{"not_picked":["CrushJoints","Prostrate"],"picked":"BattleHymn","floor":1},{"not_picked":["ReachHeaven","CrushJoints"],"picked":"InnerPeace","floor":3},{"not_picked":["ClearTheMind","PathToVictory","SashWhip"],"picked":"SKIP","floor":6},{"not_picked":["CutThroughFate","Indignation"],"picked":"Wish","floor":8},{"not_picked":["JustLucky","Indignation"],"picked":"Consecrate","floor":10},{"not_picked":["Collect","BattleHymn"],"picked":"FlurryOfBlows","floor":11},{"not_picked":["Evaluate","EmptyBody"],"picked":"Pray","floor":14},{"not_picked":["ConjureBlade","Brilliance"],"picked":"LessonLearned","floor":16},{"not_picked":["FlurryOfBlows","Crescendo"],"picked":"Prostrate","floor":18},{"not_picked":["WreathOfFlame","WaveOfTheHand"],"picked":"Wallop+1","floor":20},{"not_picked":["Halt","Tantrum","Evaluate"],"picked":"SKIP","floor":24}],"player_experience":1462758,"relics_obtained":[{"floor":6,"key":"Pantograph"},{"floor":8,"key":"CeramicFish"},{"floor":9,"key":"Nunchaku"},{"floor":10,"key":"Blue Candle"}],"event_choices":[{"cards_removed":["Strike_P"],"damage_healed":0,"gold_gain":0,"player_choice":"Card Removal","damage_taken":0,"max_hp_gain":0,"max_hp_loss":0,"event_name":"The Cleric","floor":2,"gold_loss":75},{"damage_healed":0,"gold_gain":0,"cards_transformed":["Strike_P"],"player_choice":"Change","damage_taken":0,"max_hp_gain":0,"max_hp_loss":0,"event_name":"Living Wall","floor":4,"gold_loss":0,"cards_obtained":["FlyingSleeves"]},{"damage_healed":0,"gold_gain":0,"player_choice":"Trade","damage_taken":0,"relics_obtained":["CultistMask"],"max_hp_gain":0,"max_hp_loss":0,"event_name":"FaceTrader","floor":5,"gold_loss":0},{"damage_healed":0,"gold_gain":0,"player_choice":"Joined the Cult","damage_taken":6,"max_hp_gain":0,"max_hp_loss":0,"event_name":"Nest","floor":19,"gold_loss":0,"cards_obtained":["RitualDagger"]},{"cards_removed":["Defend_P"],"damage_healed":0,"gold_gain":0,"player_choice":"Gave Gold","damage_taken":0,"max_hp_gain":0,"max_hp_loss":0,"event_name":"Beggar","floor":21,"gold_loss":75}],"is_beta":false,"boss_relics":[{"not_picked":["SacredBark","Coffee Dripper"],"picked":"Empty Cage"}],"items_purged_floors":[22],"is_endless":false,"potions_floor_spawned":[3,8,11,16,20,24],"killed_by":"Snake Plant","ascension_level":15}}