{"host":"zhypnm5xlgq8j242","time":1608580666,"event":{"mods":["AchievementEnabler","BaseMod","BetterRewards","Colored Powertips","Hermit","Keyboard Shortcuts","Minty Spire (QoL Compilation)","Quick Restart","Replay The Spire","Shop Mod","StSLib","The Cursed","The Hierophant","The Runesmith"],"gold_per_floor":[109,109,121,136,136,136,153,214,214,214,242,0,0,75,75,205,205,220,220,245,261,261,300,315,358,358,374,0,0,0,41,41,171,171,194,194,494,3,22,22,42,81,160,203,266,61,81,94,94,94,94],"floor_reached":50,"playtime":3244,"items_purged":["Strike_B","Strike_B"],"score":982,"play_id":"9437218d-be6c-4d15-abc3-ec90dfb693ea","local_time":"20201222045746","is_ascension_mode":true,"campfire_choices":[{"data":"Dualcast","floor":6,"key":"SMITH"},{"data":"Blizzard","floor":10,"key":"SMITH"},{"floor":15,"key":"REST"},{"data":"Scrape","floor":32,"key":"PURGE"},{"data":"Fission","floor":40,"key":"SMITH"},{"data":"ReplayRNGCard","floor":49,"key":"SMITH"}],"circlet_count":0,"master_deck":["Strike_B","Defend_B","Defend_B","Defend_B","Defend_B","Zap","Dualcast+1","Ball Lightning","Blizzard+1","Conserve Battery","Hologram","Cold Snap","Cold Snap","Thunder Strike+1","Compile Driver+1","Go for the Eyes+1","Cold Snap+1","Static Discharge+1","Coolheaded","Defragment+1","Barrage+1","Blizzard+1","ReplayRNGCard+1","Fission+1","ReplayTheSpireMod:Reroute Power","Rebound+1","ReplayTheSpireMod:Calculation Training+1","Redo+1","Panic Button","ReplayTheSpireMod:Repulse","Tempest+1","Beam Cell+1"],"relics":["SacredBark","CultistMask","Darkstone Periapt","Iron Hammer","Meat on the Bone","Molten Egg 2","Golden Idol","Nuclear Battery","Enchiridion","Ring of Fury","Ring of Hypnosis","Centennial Puzzle","Akabeko","Regal Pillow","Ice Cream","Replay:Wax Seal","Coffee Dripper","Membership Card","HornCleat","Thread and Needle","Replay:Mystery Machine","Letter Opener","Bronze Scales","Ginger","Unceasing Top"],"acts_visited":["Exordium","TheCity","TheBeyond"],"potions_floor_usage":[8,11,23,25,41,42,47,50],"damage_taken":[{"damage":0,"enemies":"2 Louse","floor":1,"turns":3},{"damage":11,"enemies":"Cultist","floor":3,"turns":4},{"damage":1,"enemies":"Small Slimes","floor":4,"turns":3},{"damage":0,"enemies":"2 Fungi Beasts","floor":7,"turns":3},{"damage":12,"enemies":"Gremlin Nob","floor":8,"turns":4},{"damage":15,"enemies":"Lagavulin","floor":11,"turns":7},{"damage":1,"enemies":"The Guardian","floor":16,"turns":13},{"damage":2,"enemies":"Shell Parasite","floor":18,"turns":6},{"damage":2,"enemies":"Spheric Guardian","floor":20,"turns":3},{"damage":22,"enemies":"Snake Plant","floor":21,"turns":6},{"damage":41,"enemies":"Slavers","floor":23,"turns":5},{"damage":3,"enemies":"Sentry and Sphere","floor":24,"turns":4},{"damage":0,"enemies":"Replay:Snechameleon","floor":25,"turns":8},{"damage":10,"enemies":"Centurion and Healer","floor":27,"turns":6},{"damage":10,"enemies":"Slavers","floor":31,"turns":4},{"damage":39,"enemies":"Champ","floor":33,"turns":9},{"damage":7,"enemies":"Orb Walker","floor":35,"turns":3},{"damage":0,"enemies":"3 Shapes","floor":39,"turns":4},{"damage":0,"enemies":"Sphere and 2 Shapes","floor":41,"turns":4},{"damage":0,"enemies":"Reptomancer","floor":42,"turns":4},{"damage":14,"enemies":"R_Hoarder","floor":44,"turns":7},{"damage":6,"enemies":"Mind Bloom Boss Battle","floor":45,"turns":4},{"damage":21,"enemies":"Jaw Worm Horde","floor":47,"turns":2},{"damage":1,"enemies":"3 Darklings","floor":48,"turns":3},{"damage":46,"enemies":"Time Eater","floor":50,"turns":6}],"seed_played":"8179437189452997943","potions_obtained":[{"floor":3,"key":"LifebloodPotion"},{"floor":8,"key":"PowerPotion"},{"floor":18,"key":"Elixir"},{"floor":23,"key":"Languid Potion"},{"floor":27,"key":"Swift Potion"},{"floor":33,"key":"Adrenaline Potion"},{"floor":39,"key":"SkillPotion"},{"floor":41,"key":"Venom Potion"},{"floor":48,"key":"Fire Potion"}],"is_trial":false,"path_per_floor":["M","?","M","M","?","R","M","?","T","R","E","$","?","?","R","B",null,"M","?","M","M","?","E","M","E","T","M","$","?","$","E","R","B",null,"M","?","?","$","M","R","M","E","T","E","?","$","M","M","R","B"],"character_chosen":"DEFECT","items_purchased":["Molten Egg 2","Ice Cream","Blizzard+1","Membership Card","HornCleat","Thread and Needle","Rebound+1","Unceasing Top"],"campfire_rested":1,"item_purchase_floors":[12,28,28,38,38,38,38,46],"current_hp_per_floor":[68,68,57,56,56,56,56,44,44,44,29,29,35,24,48,47,73,71,55,53,43,49,20,29,41,41,43,43,43,43,45,45,18,70,63,63,63,63,63,63,63,63,63,49,55,55,46,45,45,0,0],"gold":94,"neow_bonus":"BOSS_RELIC","is_daily":false,"chose_seed":false,"campfire_upgraded":4,"win_rate":0.0,"timestamp":1608580666,"path_taken":["M","?","?","M","?","R","M","?","T","R","E","$","?","?","R","BOSS","M","?","M","M","?","E","M","E","T","M","?","?","$","E","R","BOSS","M","?","?","$","M","R","?","E","T","E","?","?","M","M","R","BOSS"],"items_purchased_type":["Relic","Relic","Card","Relic","Relic","Relic","Card","Relic"],"build_version":"2020-12-13","purchased_purges":2,"victory":false,"max_hp_per_floor":[75,75,75,75,75,75,75,75,75,75,75,75,81,81,81,81,81,81,81,81,81,87,87,87,87,87,87,87,87,87,87,87,87,87,87,87,87,87,87,87,87,87,87,87,87,87,87,87,87,87,87],"card_choices":[{"not_picked":["BasicCrystalCard","Redo"],"picked":"Ball Lightning","floor":1},{"not_picked":["Redo","ReplayTheSpireMod:Repulse"],"picked":"Blizzard","floor":3},{"not_picked":["ReplayTheSpireMod:System Scan","Heatsinks"],"picked":"Conserve Battery","floor":4},{"not_picked":["Streamline","Melter"],"picked":"Hologram","floor":7},{"not_picked":["ReplayTheSpireMod:Omega Cannon","Compile Driver"],"picked":"Cold Snap","floor":8},{"not_picked":["Barrage","Ball Lightning"],"picked":"Cold Snap","floor":11},{"not_picked":["Rainbow","Echo Form"],"picked":"Thunder Strike+1","floor":16},{"not_picked":["Sweeping Beam+1","Gash+1"],"picked":"Compile Driver+1","floor":18},{"not_picked":["Sweeping Beam+1","Doom and Gloom+1"],"picked":"Go for the Eyes+1","floor":20},{"not_picked":["Genetic Algorithm","Go for the Eyes+1"],"picked":"Cold Snap+1","floor":21},{"not_picked":["Panic Button","Self Repair"],"picked":"Static Discharge+1","floor":23},{"not_picked":["Ball Lightning+1","ReplayGash+1"],"picked":"Coolheaded","floor":24},{"not_picked":["Static Discharge","Streamline+1"],"picked":"Defragment+1","floor":25},{"not_picked":["Undo+1","Stack"],"picked":"Barrage+1","floor":27},{"not_picked":["Sunder+1","Go for the Eyes+1"],"picked":"ReplayRNGCard","floor":31},{"not_picked":["Electrodynamics","Multi-Cast"],"picked":"Fission","floor":33},{"not_picked":["ReplayTheSpireMod:GoodbyeWorld","Conserve Battery"],"picked":"ReplayTheSpireMod:Reroute Power","floor":35},{"not_picked":["Tempest","Conserve Battery+1"],"picked":"ReplayTheSpireMod:Calculation Training+1","floor":39},{"not_picked":["Streamline+1","Compile Driver+1"],"picked":"Redo+1","floor":41},{"not_picked":["Static Discharge","Leap+1"],"picked":"Panic Button","floor":42},{"not_picked":["Hello World","Static Discharge+1"],"picked":"ReplayTheSpireMod:Repulse","floor":44},{"not_picked":["Compile Driver+1","Steam Power"],"picked":"Tempest+1","floor":45},{"not_picked":["ReplayTheSpireMod:GoodbyeWorld","Conserve Battery"],"picked":"Beam Cell+1","floor":47},{"not_picked":["Storm+1","ReplaySolidLightProjector+1","Gash+1"],"picked":"SKIP","floor":48}],"player_experience":593588,"relics_obtained":[{"floor":8,"key":"Darkstone Periapt"},{"floor":9,"key":"Iron Hammer"},{"floor":11,"key":"Meat on the Bone"},{"floor":19,"key":"Enchiridion"},{"floor":22,"key":"Ring of Fury"},{"floor":22,"key":"Ring of Hypnosis"},{"floor":23,"key":"Centennial Puzzle"},{"floor":25,"key":"Akabeko"},{"floor":26,"key":"Regal Pillow"},{"floor":31,"key":"Replay:Wax Seal"},{"floor":42,"key":"Replay:Mystery Machine"},{"floor":43,"key":"Letter Opener"},{"floor":44,"key":"Bronze Scales"},{"floor":45,"key":"Ginger"}],"event_choices":[{"damage_healed":0,"gold_gain":0,"player_choice":"Trade","damage_taken":0,"relics_obtained":["CultistMask"],"max_hp_gain":0,"max_hp_loss":0,"event_name":"FaceTrader","floor":2,"gold_loss":0},{"damage_healed":0,"gold_gain":0,"cards_transformed":["Strike_B"],"player_choice":"Change","damage_taken":0,"max_hp_gain":0,"max_hp_loss":0,"event_name":"Living Wall","floor":5,"gold_loss":0,"cards_obtained":["Scrape"]},{"damage_healed":0,"gold_gain":30,"player_choice":"Searched \u00272\u0027 times","damage_taken":0,"max_hp_gain":0,"max_hp_loss":0,"event_name":"Dead Adventurer","floor":8,"gold_loss":0},{"damage_healed":0,"gold_gain":0,"player_choice":"Take Wound","damage_taken":0,"relics_obtained":["Golden Idol"],"max_hp_gain":0,"max_hp_loss":0,"event_name":"Golden Idol","floor":13,"gold_loss":0,"cards_obtained":["Injury"]},{"damage_healed":0,"gold_gain":75,"player_choice":"Gather Gold","damage_taken":11,"max_hp_gain":0,"max_hp_loss":0,"event_name":"World of Goop","floor":14,"gold_loss":0},{"damage_healed":0,"gold_gain":0,"player_choice":"Obtained Book","damage_taken":16,"max_hp_gain":0,"max_hp_loss":0,"event_name":"Cursed Tome","floor":19,"gold_loss":0},{"cards_removed":["Delirium","Injury"],"damage_healed":0,"gold_gain":0,"player_choice":"Removed Curses","damage_taken":0,"max_hp_gain":0,"max_hp_loss":0,"event_name":"Fountain of Cleansing","floor":29,"gold_loss":0},{"damage_healed":0,"gold_gain":0,"player_choice":"Ignored","damage_taken":0,"max_hp_gain":0,"max_hp_loss":0,"event_name":"Tomb of Lord Red Mask","floor":36,"gold_loss":0},{"damage_healed":0,"gold_gain":300,"player_choice":"Gold","damage_taken":0,"max_hp_gain":0,"max_hp_loss":0,"event_name":"Wheel of Change","floor":37,"gold_loss":0},{"damage_healed":0,"gold_gain":0,"player_choice":"Fight","damage_taken":0,"max_hp_gain":0,"max_hp_loss":0,"event_name":"MindBloom","floor":45,"gold_loss":0}],"is_beta":false,"boss_relics":[{"not_picked":["ReplayTheSpireMod:DimensionalGlitch","Velvet Choker"],"picked":"Nuclear Battery"},{"not_picked":["Runic Pyramid","Replay:Drink Me"],"picked":"Coffee Dripper"}],"items_purged_floors":[38,46],"is_endless":false,"potions_floor_spawned":[3,8,18,23,27,33,39,41,48],"killed_by":"Time Eater","ascension_level":9}}