{"host":"llpusn9usp8rznkj","time":1608593088,"event":{"mods":["2.2 Compatiblity","Aspiration","BaseMod","Colored Map","Colored Powertips","Conspire","Hubris","Minty Spire (QoL Compilation)","Rare Cards Sparkle","Replay The Spire","StSLib","The Cursed"],"gold_per_floor":[109,109,109,109,124,124,6,35,35,35,35,35,53,53,53,130,130,146,163,163,163],"floor_reached":20,"playtime":607,"items_purged":["Regret"],"score":390,"play_id":"588729bb-afdd-46e3-86da-d1eb93dac367","local_time":"20201221182448","is_ascension_mode":true,"campfire_choices":[{"data":"Neutralize","floor":6,"key":"SMITH"},{"data":"Poisoned Stab","floor":10,"key":"SMITH"},{"data":"Survivor","floor":15,"key":"SMITH"}],"circlet_count":0,"master_deck":["AscendersBane","Strike_G","Strike_G","Strike_G","Strike_G","Strike_G","Defend_G","Defend_G","Defend_G","Defend_G","Defend_G","Survivor+1","Neutralize+1","Poisoned Stab+1","Acrobatics+1","Reflex+1","Acrobatics+1","Deadly Poison+1","Accuracy","Adrenaline+1","Backflip+1","PiercingWail+1"],"relics":["Ring of the Snake","NeowsBlessing","Toxic Egg 2","hubris:Icosahedron","Replay:Rubber Ducky","conspire:Flyswatter","Anchor","aspiration:IroncladSkillbook"],"acts_visited":["Exordium","TheCity"],"potions_floor_usage":[16],"damage_taken":[{"damage":0,"enemies":"2 Louse","floor":1,"turns":1},{"damage":0,"enemies":"Small Slimes","floor":5,"turns":1},{"damage":0,"enemies":"Lagavulin","floor":8,"turns":1},{"damage":0,"enemies":"Jaw Worm","floor":13,"turns":2},{"damage":29,"enemies":"The Guardian","floor":16,"turns":9},{"damage":32,"enemies":"3 Byrds","floor":18,"turns":7},{"damage":23,"enemies":"Chosen","floor":19,"turns":6},{"damage":0,"enemies":"Chosen","floor":20,"turns":1}],"seed_played":"-4021428108902099848","potions_obtained":[{"floor":1,"key":"Explosive Potion"},{"floor":18,"key":"Venom Potion"}],"is_trial":false,"path_per_floor":["M","?","?","?","M","R","$","E","T","R","?","$","M","?","R_BF","B",null,"M","M","?"],"character_chosen":"THE_SILENT","items_purchased":["Reflex+1"],"campfire_rested":0,"item_purchase_floors":[7],"current_hp_per_floor":[59,59,59,59,59,59,59,59,59,59,59,59,59,52,52,23,55,38,19,19,19],"gold":163,"neow_bonus":"THREE_ENEMY_KILL","is_daily":false,"chose_seed":false,"campfire_upgraded":3,"win_rate":0.0,"timestamp":1608593088,"path_taken":["M","?","?","?","M","R","$","E","T","R","?","$","M","?","R_BF","BOSS","M","M","?"],"items_purchased_type":["Card"],"build_version":"2020-12-13","purchased_purges":1,"victory":false,"max_hp_per_floor":[66,66,66,66,66,66,66,66,66,66,66,66,66,66,66,66,66,66,66,66,66],"card_choices":[{"not_picked":["Concentrate","All Out Attack"],"picked":"Poisoned Stab","floor":1},{"not_picked":["hubris:SlightOfHand+1","Heel Hook"],"picked":"Acrobatics+1","floor":5},{"not_picked":["ReplayTheSpireMod:Necrosis+1","Sneak Up+1"],"picked":"Acrobatics+1","floor":8},{"not_picked":["Dagger Spray","Sucker Punch"],"picked":"Accuracy","floor":13},{"not_picked":["Burst+1","Bullet Time+1"],"picked":"Adrenaline+1","floor":16},{"not_picked":["Combust","Masterful Stab","Eviscerate"],"picked":"Backflip+1","floor":18},{"not_picked":["Bane","Deflect+1","Terror+1"],"picked":"PiercingWail+1","floor":19}],"player_experience":1109194,"relics_obtained":[{"floor":8,"key":"conspire:Flyswatter"},{"floor":9,"key":"Anchor"}],"event_choices":[{"damage_healed":0,"gold_gain":0,"player_choice":"Box","damage_taken":0,"relics_obtained":["Replay:Rubber Ducky"],"max_hp_gain":0,"max_hp_loss":0,"event_name":"Big Fish","floor":4,"gold_loss":0,"cards_obtained":["Regret"]},{"cards_removed":["Injury"],"damage_healed":0,"gold_gain":0,"player_choice":"Card Removal","damage_taken":7,"max_hp_gain":0,"max_hp_loss":0,"event_name":"Golden Wing","floor":14,"gold_loss":0}],"is_beta":false,"boss_relics":[{"not_picked":["conspire:SeveredTorchhead","Runic Dome"],"picked":"aspiration:IroncladSkillbook"}],"items_purged_floors":[7],"is_endless":false,"potions_floor_spawned":[1,18],"killed_by":"Chosen","ascension_level":20}}