{"host":"4qkvkh7pd9qr2mca","time":1608557622,"event":{"mods":["AchievementEnabler","BaseMod","Colored Map","Colored Powertips","Highlight Path","Minty Spire (QoL Compilation)","Permanent Neow","Quick Restart","StSLib","SuperFastMode"],"gold_per_floor":[14,26,41,60,60,60,91,106,106,106,124,143,143,177,177,251,251,268,30,30,30,44,44,79,91,116,116,36,68,85,85,85],"floor_reached":31,"playtime":978,"items_purged":["Strike_G","Strike_G"],"score":624,"play_id":"cc38c62d-1340-4b1c-951c-3b7b97685918","local_time":"20201221143342","is_ascension_mode":true,"campfire_choices":[{"floor":6,"key":"REST"},{"floor":10,"key":"REST"},{"floor":13,"key":"REST"},{"floor":15,"key":"REST"},{"data":"Sadistic Nature","floor":23,"key":"SMITH"},{"floor":27,"key":"REST"}],"circlet_count":0,"master_deck":["AscendersBane","Defend_G","Defend_G","Defend_G","Defend_G","Defend_G","Survivor","Neutralize","Sadistic Nature+1","Crippling Poison","Dagger Throw","Sucker Punch","Backflip","Flying Knee","Dash","Corpse Explosion","Deadly Poison","Die Die Die","Catalyst+1","Caltrops+1","Dagger Spray+1","Well Laid Plans","Footwork","Footwork","Acrobatics","Catalyst","PiercingWail"],"relics":["Ring of the Snake","Vajra","The Courier","Bottled Flame","Astrolabe","Letter Opener","MealTicket","Snake Skull"],"acts_visited":["Exordium","TheCity"],"potions_floor_usage":[24,29,30],"damage_taken":[{"damage":7.0,"enemies":"2 Louse","floor":1.0,"turns":4.0},{"damage":4.0,"enemies":"Cultist","floor":2.0,"turns":4.0},{"damage":0.0,"enemies":"Small Slimes","floor":3.0,"turns":3.0},{"damage":18,"enemies":"Exordium Thugs","floor":4,"turns":4},{"damage":32,"enemies":"Lagavulin","floor":7,"turns":9},{"damage":3,"enemies":"Exordium Wildlife","floor":8,"turns":3},{"damage":10,"enemies":"3 Louse","floor":11,"turns":3},{"damage":0,"enemies":"2 Fungi Beasts","floor":12,"turns":2},{"damage":29,"enemies":"Gremlin Nob","floor":14,"turns":4},{"damage":18,"enemies":"Hexaghost","floor":16,"turns":9},{"damage":2,"enemies":"Chosen","floor":18,"turns":4},{"damage":20,"enemies":"2 Thieves","floor":22,"turns":3},{"damage":30,"enemies":"Book of Stabbing","floor":24,"turns":6},{"damage":11,"enemies":"3 Cultists","floor":25,"turns":3},{"damage":3,"enemies":"Slavers","floor":29,"turns":4},{"damage":10,"enemies":"Centurion and Healer","floor":30,"turns":6},{"damage":36,"enemies":"Book of Stabbing","floor":31,"turns":5}],"seed_played":"-1803486207936354124","potions_obtained":[{"floor":1.0,"key":"LiquidMemories"},{"floor":2.0,"key":"SteroidPotion"},{"floor":4,"key":"Block Potion"},{"floor":24,"key":"PowerPotion"}],"is_trial":false,"path_per_floor":["M","M","M","M","?","R","E","M","T","R","M","M","R","E","R","B",null,"M","$","?","$","M","R","E","M","T","R","$","E","M","E"],"character_chosen":"THE_SILENT","items_purchased":["Well Laid Plans","Footwork","Footwork"],"campfire_rested":5,"item_purchase_floors":[19,19,19],"current_hp_per_floor":[52,48,48,30,30,49,17,14,14,33,23,23,42,13,32,14,53,51,51,66,66,46,46,16,5,5,24,39,36,26,0,0],"gold":85,"neow_bonus":"RANDOM_COLORLESS_2","is_daily":false,"chose_seed":false,"campfire_upgraded":1,"win_rate":0.0,"timestamp":1608557622,"path_taken":["M","M","M","M","?","R","E","M","T","R","?","M","R","E","R","BOSS","M","$","?","?","M","R","E","M","T","R","$","E","M","E"],"items_purchased_type":["Card","Card","Card"],"build_version":"2020-12-13","purchased_purges":2,"victory":false,"max_hp_per_floor":[66,66,66,66,66,66,66,66,66,66,66,66,66,66,66,66,66,66,66,66,66,66,66,66,66,66,66,66,66,66,66,66],"card_choices":[{"not_picked":["Secret Weapon","Metamorphosis"],"picked":"Sadistic Nature","floor":0.0},{"not_picked":["Accuracy","Flying Knee"],"picked":"Crippling Poison","floor":1.0},{"not_picked":["Dodge and Roll","Outmaneuver"],"picked":"Dagger Throw","floor":2.0},{"not_picked":["Flying Knee","Acrobatics"],"picked":"Sucker Punch","floor":3.0},{"not_picked":["Quick Slash","Dodge and Roll"],"picked":"Backflip","floor":4},{"not_picked":["Acrobatics","Riddle With Holes"],"picked":"Flying Knee","floor":7},{"not_picked":["Cloak And Dagger","Sucker Punch"],"picked":"Dash","floor":8},{"not_picked":["Flying Knee","Poisoned Stab"],"picked":"Corpse Explosion","floor":11},{"not_picked":["Bane","Prepared"],"picked":"Deadly Poison","floor":12},{"not_picked":["Accuracy","Finisher","Setup"],"picked":"SKIP","floor":14},{"not_picked":["Doppelganger","Storm of Steel"],"picked":"Die Die Die","floor":16},{"not_picked":["Underhanded Strike+1","Deadly Poison"],"picked":"Terror","floor":18},{"not_picked":["Reflex","Terror"],"picked":"Acrobatics","floor":22},{"not_picked":["Dagger Spray+1","Skewer","Acrobatics"],"picked":"SKIP","floor":24},{"not_picked":["Outmaneuver+1","Endless Agony","Prepared"],"picked":"SKIP","floor":25},{"not_picked":["Unload","Quick Slash"],"picked":"Catalyst","floor":29},{"not_picked":["Dagger Spray","Dagger Throw"],"picked":"PiercingWail","floor":30}],"player_experience":473304,"relics_obtained":[{"floor":7,"key":"Vajra"},{"floor":9,"key":"The Courier"},{"floor":14,"key":"Bottled Flame"},{"floor":24,"key":"Letter Opener"},{"floor":26,"key":"MealTicket"},{"floor":29,"key":"Snake Skull"}],"event_choices":[{"damage_healed":0,"gold_gain":0,"player_choice":"Got Potions","damage_taken":0,"max_hp_gain":0,"max_hp_loss":0,"event_name":"Lab","floor":5,"gold_loss":0},{"cards_removed":["Terror"],"damage_healed":15,"gold_gain":0,"player_choice":"Offered Uncommon","damage_taken":0,"max_hp_gain":0,"max_hp_loss":0,"event_name":"Bonfire Elementals","floor":20,"gold_loss":0}],"is_beta":false,"boss_relics":[{"not_picked":["HoveringKite","Black Star"],"picked":"Astrolabe"}],"items_purged_floors":[19,28],"is_endless":false,"potions_floor_spawned":[1,2,4,8,14,18,24,25],"killed_by":"Book of Stabbing","ascension_level":20}}