{"host":"hfvpa4llnnjpeawn","time":1608563753,"event":{"mods":["2.2 Compatiblity","AchievementEnabler","Act Like it!","Aspiration","Bard","BaseMod","Beaked The Cultist","Better Sensory Stone","Better Skull","Better Third Choice","BetterRewards","CapriCore","Conspire","Downfall","Elementarium","Energized Spire","Hubris","Jorbs\u0027s Wanderer Trilogy","Lobotomy","LobotomyExtend","Minty Spire (QoL Compilation)","Replay The Spire","Shade Mod","Spicy Shops","StSLib","The Bladedancer","The Factory","The Gatherer","The Jungle","Waifu the Spire","Wandering Minibosses"],"gold_per_floor":[115,125,145,164,178,178,41,55,67,93,112,112,112,112,112,138,150,184,184,284,284,284,284],"floor_reached":18,"playtime":1665,"items_purged":[],"score":178,"play_id":"76fc3550-9059-4132-8238-85a8b8f13ce8","local_time":"20201221101553","is_ascension_mode":false,"campfire_choices":[{"floor":8,"key":"REST"},{"data":"TalkToTheHand","floor":15,"key":"SMITH"}],"circlet_count":0,"master_deck":["Strike_P","Strike_P","Strike_P","Strike_P","Defend_P","Defend_P+1","Defend_P+1","Defend_P","Eruption","Vigilance","FlyingSleeves","Replay:BluntJabs","Worship","WindmillStrike+1","EmptyFist","DevaForm+1","JustLucky+1","Perseverance","BowlingBash","Replay:Battleflow","TalkToTheHand+1","Adrenaline+1","Establishment+1"],"relics":["MagicBullet_r","LetterFromLob","ReplayFunnel","Juzu Bracelet","War Paint","Replay:M_StaffOfTheSnake","aspiration:ChemicalBlood","Golden Egg","energizedSpire:OgreHead","Moonlight_r"],"acts_visited":["Exordium","Exordium"],"potions_floor_usage":[3,5,6,13,14,14,16,16,18,18,18,18],"damage_taken":[{"damage":0,"enemies":"Cultist","floor":1,"turns":3},{"damage":1,"enemies":"Jaw Worm","floor":2,"turns":2},{"damage":0,"enemies":"conspire:RoseBush","floor":3,"turns":3},{"damage":23,"enemies":"Large Slime","floor":4,"turns":6},{"damage":0,"enemies":"Cultist","floor":1,"turns":2},{"damage":1,"enemies":"conspire:RoseBush","floor":4,"turns":1},{"damage":0,"enemies":"Jaw Worm","floor":5,"turns":1},{"damage":31,"enemies":"3 Sentries","floor":6,"turns":5},{"damage":0,"enemies":"Large Slime","floor":7,"turns":3},{"damage":5,"enemies":"Red Slaver","floor":13,"turns":2},{"damage":20,"enemies":"Lagavulin","floor":14,"turns":5},{"damage":41,"enemies":"Fading Forest","floor":16,"turns":11},{"damage":45,"enemies":"Shell Parasite","floor":18,"turns":3}],"seed_played":"7743150528819582276","potions_obtained":[{"floor":1,"key":"Guardian:BlockOnCardUsePotion"},{"floor":4,"key":"PowerPotion"},{"floor":4,"key":"Adrenaline Potion"},{"floor":6,"key":"champ:CounterPotion"},{"floor":7,"key":"AttackPotion"},{"floor":16,"key":"ColorlessPotion"}],"is_trial":false,"path_per_floor":["M","M","M","M","?","M","?","$","M","M","E","M","R","T","?","?","T","M","E","R","B",null,"M"],"character_chosen":"WATCHER","items_purchased":["JustLucky+1","ReplayFunnel"],"campfire_rested":1,"item_purchase_floors":[3,3],"current_hp_per_floor":[72,71,71,48,72,58,58,57,57,26,26,47,47,82,82,82,77,57,57,26,82,0,0],"gold":284,"neow_bonus":"ONE_RANDOM_RARE_CARD","is_daily":false,"chose_seed":false,"campfire_upgraded":1,"win_rate":0.0,"timestamp":1608563753,"path_taken":["M","?","M","M","?","M","?","$","M","M","E","M","R","T","?","?","?","M","E","R","BOSS","M"],"items_purchased_type":["Card","Relic"],"build_version":"2020-12-13","purchased_purges":0,"victory":false,"max_hp_per_floor":[72,72,72,72,72,72,72,72,72,72,72,72,72,82,82,82,82,82,82,82,82,82,82],"card_choices":[{"not_picked":["SashWhip","EmptyFist"],"picked":"FlyingSleeves","floor":1},{"not_picked":["JustLucky","Replay:AtTheReady"],"picked":"Replay:BluntJabs","floor":2},{"not_picked":["CutThroughFate","SashWhip"],"picked":"Worship","floor":3},{"not_picked":["FlyingSleeves","Tantrum"],"picked":"WindmillStrike","floor":4},{"not_picked":["Evaluate","CarveReality"],"picked":"EmptyFist","floor":1},{"not_picked":["Crescendo","Replay:BluntJabs"],"picked":"Perseverance","floor":4},{"not_picked":["Crescendo","Collect","SashWhip"],"picked":"SKIP","floor":5},{"not_picked":["Study","Crescendo"],"picked":"BowlingBash","floor":6},{"not_picked":["ClearTheMind","Adaptation"],"picked":"Replay:Battleflow","floor":7},{"not_picked":["Adaptation","Consecrate"],"picked":"TalkToTheHand","floor":13},{"not_picked":["FollowUp","JustLucky"],"picked":"Adrenaline","floor":14},{"not_picked":["Replay:LoomingThreat","Scrawl"],"picked":"Establishment","floor":16}],"player_experience":293247,"relics_obtained":[{"floor":1,"key":"LetterFromLob"},{"floor":1,"key":"LetterFromLob"},{"floor":6,"key":"Juzu Bracelet"},{"floor":9,"key":"War Paint"},{"floor":12,"key":"aspiration:ChemicalBlood"},{"floor":14,"key":"Golden Egg"}],"event_choices":[{"damage_healed":0,"gold_gain":2,"player_choice":"2","damage_taken":0,"max_hp_gain":0,"max_hp_loss":14,"event_name":"betterStone:BetterStone","floor":2,"gold_loss":0},{"cards_removed":["Replay:LoomingThreat"],"damage_healed":25,"gold_gain":0,"player_choice":"Offered Rare","damage_taken":0,"max_hp_gain":10,"max_hp_loss":0,"event_name":"Bonfire Elementals","floor":10,"gold_loss":0}],"is_beta":false,"boss_relics":[{"not_picked":["Replay:Fungal Core","Tiny House"],"picked":"energizedSpire:OgreHead"}],"items_purged_floors":[],"is_endless":false,"potions_floor_spawned":[1,4,4,6,7,16],"killed_by":"Shell Parasite","ascension_level":0}}