{"host":"78zdngn0u28jm0pp","time":1608529501,"event":{"mods":["BaseMod","Jorbs\u0027s Wanderer Trilogy","Minty Spire (QoL Compilation)","Permanent Neow","Quick Restart","Relic Stats","StSLib","Unceasing Turn Reminder"],"gold_per_floor":[111,111,134,154,154,154,192,192,239,239,26,59,6,21,21,114,114,139,64,64,87,100,100,139,139,186,14,38,38,54,54,54,153,153,171,195,17,31,31,31,31],"floor_reached":40,"playtime":1992,"items_purged":["Strike_G","Strike_G+1"],"score":828,"play_id":"e93885c9-28bc-49d6-85b9-6ed9c8b56176","local_time":"20201220224501","is_ascension_mode":true,"campfire_choices":[{"data":"Neutralize","floor":6,"key":"SMITH"},{"data":"Dagger Spray","floor":8,"key":"SMITH"},{"data":"Backflip","floor":10,"key":"SMITH"},{"data":"Noxious Fumes","floor":15,"key":"SMITH"},{"floor":23,"key":"REST"},{"floor":25,"key":"REST"},{"data":"Phantasmal Killer","floor":29,"key":"SMITH"},{"data":"Crippling Poison","floor":32,"key":"SMITH"}],"circlet_count":0,"master_deck":["AscendersBane","Strike_G+1","Defend_G","Defend_G","Survivor","Neutralize+1","Die Die Die+1","PiercingWail+1","Wraith Form v2+1","Dagger Throw","Backflip+1","Dagger Spray+1","Noxious Fumes+1","Phantasmal Killer+1","Backstab","Tools of the Trade","Slice","Venomology","Bane+1","Well Laid Plans","Crippling Poison+1","After Image","Calculated Gamble+1","Catalyst","Bouncing Flask","Expertise+1"],"relics":["Astrolabe","Golden Idol","Whetstone","Blood Vial","Paper Crane","Philosopher\u0027s Stone","The Specimen","Snake Skull","Lee\u0027s Waffle","Cursed Key"],"acts_visited":["Exordium","TheCity","TheBeyond"],"potions_floor_usage":[7,12,16,16,22,22,24,24,28,30,33,35,36,38,40,40],"damage_taken":[{"damage":2,"enemies":"Small Slimes","floor":1,"turns":2},{"damage":0,"enemies":"2 Louse","floor":3,"turns":2},{"damage":4,"enemies":"Jaw Worm","floor":4,"turns":5},{"damage":6,"enemies":"3 Sentries","floor":7,"turns":8},{"damage":5,"enemies":"Lagavulin","floor":12,"turns":10},{"damage":0,"enemies":"Red Slaver","floor":14,"turns":3},{"damage":38,"enemies":"Slime Boss","floor":16,"turns":9},{"damage":2,"enemies":"2 Thieves","floor":18,"turns":4},{"damage":14,"enemies":"Shell Parasite","floor":21,"turns":5},{"damage":42,"enemies":"Snecko","floor":22,"turns":6},{"damage":17,"enemies":"Book of Stabbing","floor":24,"turns":5},{"damage":7,"enemies":"Centurion and Healer","floor":28,"turns":6},{"damage":20,"enemies":"Snake Plant","floor":30,"turns":4},{"damage":16,"enemies":"Collector","floor":33,"turns":8},{"damage":4,"enemies":"3 Darklings","floor":35,"turns":4},{"damage":20,"enemies":"3 Shapes","floor":36,"turns":5},{"damage":0,"enemies":"Maw","floor":38,"turns":7},{"damage":43,"enemies":"Reptomancer","floor":40,"turns":2}],"seed_played":"6906271900882357138","potions_obtained":[{"floor":1,"key":"SpeedPotion"},{"floor":3,"key":"BlessingOfTheForge"},{"floor":18,"key":"Explosive Potion"},{"floor":21,"key":"GamblersBrew"},{"floor":24,"key":"SkillPotion"},{"floor":30,"key":"Poison Potion"},{"floor":38,"key":"DistilledChaos"}],"is_trial":false,"path_per_floor":["M","?","M","M","?","R","E","R","T","R","$","E","$","M","R","B",null,"M","?","?","M","M","R","E","R","T","$","M","R","M","?","R","B",null,"M","M","$","M","$","E"],"character_chosen":"THE_SILENT","items_purchased":["Noxious Fumes","PowerPotion","ColorlessPotion","Lee\u0027s Waffle","Bouncing Flask"],"campfire_rested":2,"item_purchase_floors":[11,11,13,27,37],"current_hp_per_floor":[57,57,57,53,46,46,40,40,40,40,40,37,37,39,39,3,46,46,46,60,46,6,24,9,27,27,67,60,60,42,36,36,22,56,54,36,36,38,38,0,0],"gold":31,"neow_bonus":"BOSS_RELIC","is_daily":false,"chose_seed":false,"campfire_upgraded":6,"win_rate":0.0,"timestamp":1608529501,"path_taken":["M","?","M","M","?","R","E","R","T","R","$","E","?","?","R","BOSS","M","?","?","M","?","R","E","R","T","?","M","R","M","?","R","BOSS","M","M","$","M","?","E"],"items_purchased_type":["Card","Potion","Potion","Relic","Card"],"build_version":"2020-12-13","purchased_purges":2,"victory":false,"max_hp_per_floor":[66,60,60,60,60,60,60,60,60,60,60,60,60,60,60,60,60,60,60,60,60,60,60,60,60,60,67,67,67,67,67,67,67,67,67,67,67,67,67,67,67],"relic_stats":{"Blood Vial":24,"Lee\u0027s Waffle":40,"counters":[18,95],"Golden Idol":107,"Astrolabe":["Die Die Die","PiercingWail","Wraith Form v2"],"Snake Skull":[66],"Whetstone":["Strike_G","Strike_G"],"Cursed Key":0,"obtain_stats":[{"Blood Vial":9,"Lee\u0027s Waffle":27,"The Specimen":24,"Golden Idol":2,"Astrolabe":0,"Philosopher\u0027s Stone":17,"Snake Skull":26,"Whetstone":7,"Paper Crane":12,"Cursed Key":34,"Ring of the Snake":0},{"Blood Vial":4,"Lee\u0027s Waffle":11,"The Specimen":11,"Golden Idol":1,"Astrolabe":0,"Philosopher\u0027s Stone":7,"Snake Skull":11,"Whetstone":4,"Paper Crane":5,"Cursed Key":14,"Ring of the Snake":0},{"Blood Vial":17,"Lee\u0027s Waffle":59,"The Specimen":59,"Golden Idol":2,"Astrolabe":0,"Philosopher\u0027s Stone":39,"Snake Skull":59,"Whetstone":17,"Paper Crane":27,"Cursed Key":77,"Ring of the Snake":0}]},"card_choices":[{"not_picked":["Caltrops","Underhanded Strike"],"picked":"Dagger Throw","floor":1},{"not_picked":["Concentrate","Bane","Prepared"],"picked":"SKIP","floor":3},{"not_picked":["PiercingWail","Heel Hook"],"picked":"Backflip","floor":4},{"not_picked":["Flechettes","Dagger Throw"],"picked":"Dagger Spray","floor":7},{"not_picked":["Cloak And Dagger","Setup"],"picked":"Phantasmal Killer","floor":12},{"not_picked":["Flying Knee","Blur"],"picked":"Backstab","floor":14},{"not_picked":["Burst","Doppelganger"],"picked":"Tools of the Trade","floor":16},{"not_picked":["Quick Slash","Poisoned Stab"],"picked":"Slice","floor":18},{"not_picked":["Riddle With Holes","Prepared"],"picked":"Venomology","floor":21},{"not_picked":["Flying Knee","Deadly Poison+1"],"picked":"Bane+1","floor":22},{"not_picked":["Backflip","Choke+1"],"picked":"Well Laid Plans","floor":24},{"not_picked":["Heel Hook","Prepared","Backflip"],"picked":"SKIP","floor":28},{"not_picked":["Predator","All Out Attack"],"picked":"Crippling Poison","floor":30},{"not_picked":["Envenom","Malaise"],"picked":"After Image","floor":33},{"not_picked":["All Out Attack","Backflip+1"],"picked":"Calculated Gamble+1","floor":35},{"not_picked":["Blade Dance+1","PiercingWail"],"picked":"Catalyst","floor":36},{"not_picked":["Distraction","Prepared"],"picked":"Expertise+1","floor":38}],"player_experience":660567,"relics_obtained":[{"floor":7,"key":"Whetstone"},{"floor":9,"key":"Blood Vial"},{"floor":12,"key":"Paper Crane"},{"floor":24,"key":"The Specimen"},{"floor":26,"key":"Snake Skull"}],"event_choices":[{"damage_healed":0,"gold_gain":0,"player_choice":"Lose Max HP","damage_taken":0,"relics_obtained":["Golden Idol"],"max_hp_gain":0,"max_hp_loss":6,"event_name":"Golden Idol","floor":2,"gold_loss":0},{"cards_removed":["Defend_G"],"damage_healed":0,"gold_gain":0,"player_choice":"Card Removal","damage_taken":7,"max_hp_gain":0,"max_hp_loss":0,"event_name":"Golden Wing","floor":5,"gold_loss":0},{"cards_removed":["Defend_G"],"damage_healed":0,"gold_gain":0,"player_choice":"Gave Gold","damage_taken":0,"max_hp_gain":0,"max_hp_loss":0,"event_name":"Beggar","floor":19,"gold_loss":75},{"damage_healed":14,"gold_gain":0,"player_choice":"Full Heal","damage_taken":0,"max_hp_gain":0,"max_hp_loss":0,"event_name":"Wheel of Change","floor":20,"gold_loss":0},{"damage_healed":0,"gold_gain":0,"player_choice":"","damage_taken":6,"max_hp_gain":0,"max_hp_loss":0,"event_name":"Knowing Skull","floor":31,"potions_obtained":[],"gold_loss":0,"cards_obtained":[]}],"is_beta":false,"boss_relics":[{"not_picked":["Snecko Eye","Sozu"],"picked":"Philosopher\u0027s Stone"},{"not_picked":["Velvet Choker","Tiny House"],"picked":"Cursed Key"}],"items_purged_floors":[11,37],"is_endless":false,"potions_floor_spawned":[1,3,18,21,24,30,38],"killed_by":"Reptomancer","ascension_level":20}}