{"host":"q6rs3in4l29iepap","time":1608588218,"event":{"mods":["Aspiration","BaseMod","Colored Map","Downfall","Hermit","Hubris","Infinite Spire","Jorbs\u0027s Wanderer Trilogy","Minty Spire (QoL Compilation)","Replay The Spire","Shade Mod","StSLib","The Construct","The Cursed","The Servant 0.9.4"],"gold_per_floor":[110,160,170,170,19,51,64,98,122,122,42,42,42,59,59,155,155,167,180,180,180,180,180,30,46,46,60,60,75,92,92,92,187,187,219,219,249,249,232,232,260,260,260,260,260,260,290,329,329,329,329,329,329],"floor_reached":52,"playtime":4976,"items_purged":[],"score":762,"play_id":"078597d1-0a27-4627-875f-cdd544fd42c7","local_time":"20201221140338","is_ascension_mode":false,"campfire_choices":[{"floor":10,"key":"REST"},{"floor":13,"key":"REST"},{"floor":15,"key":"DIG"},{"floor":23,"key":"REST"},{"floor":28,"key":"REST"},{"floor":32,"key":"REST"},{"floor":40,"key":"REST"},{"floor":49,"key":"REST"},{"floor":51,"key":"REST"}],"circlet_count":0,"master_deck":["Shade:Strike_Shade","Shade:Strike_Shade","Shade:Strike_Shade","Shade:Strike_Shade","Shade:Defend_Shade","Shade:Defend_Shade","Shade:Defend_Shade","Shade:Defend_Shade","Shade:AnimateDead+1","Shade:CarefulCut+1","Shade:WallOfFlesh+1","Shade:CallWraith+1","Shade:FleshOffering+1","Shade:OpenGraves+1","Shade:Brains+1","Shade:SkeletonHug+1","Shade:Premonition+1","Shade:FreshBones+1","Shade:FingerOfDeath+1","Shade:GraveStillness+1","Shade:Trample+1","Shade:UnbarTheGrave+1","Shade:FreshBones+1","Shade:CoffinDance+1","infinitespire:Starlight+1","RitualDagger+1","Shade:CommandSoldier+1","Shade:CommandSoldier+1","Shade:CommandSoldier+1","Shade:Bite_Shade+1","Shade:Bonestorm+1","Shade:AuraOfUnlife+1","Shade:Patience+1","Shade:Premonition+1","Shade:AuraOfUnlife+1","Shade:CallWraith+1","Shade:FingerOfDeath+1","Shade:LichForm+1","Shade:Brains+1","Shade:FuneraryArmor+1","Shade:FuneraryArmor+1","Shade:PoundOfFlesh+1","Shade:LichForm+1","Shade:Premonition","Shade:Premonition+1","Shade:FleshLikeOak+1","Shade:SoulToxin+1"],"relics":["Slimebound:AbsorbEndCombat","NeowsBlessing","Mercury Hourglass","Dream Catcher","hubris:ToyBattleship","hubris:TenFootPole","Replay:Mystery Machine","infinitespire:Cubic Diamond","Simple Rune","construct:ClawGrip","Regal Pillow","Golden Egg","infinitespire:EvilPickle","aspiration:SecretTechniqueScroll","hubris:Icosahedron","Mark of the Bloom","Vajra","hubris:Backtick","hubris:Zylophone","Frozen Egg 2"],"acts_visited":["Exordium","TheCity","TheBeyond"],"potions_floor_usage":[33,33,37,41,41,41,47],"damage_taken":[{"damage":0,"enemies":"2 Louse","floor":1,"turns":1},{"damage":0,"enemies":"Small Slimes","floor":3,"turns":1},{"damage":0,"enemies":"Lagavulin","floor":6,"turns":1},{"damage":0,"enemies":"Cultist","floor":7,"turns":4},{"damage":11,"enemies":"Gremlin Nob","floor":8,"turns":4},{"damage":5,"enemies":"Exordium Thugs","floor":14,"turns":3},{"damage":5,"enemies":"Slime Boss","floor":16,"turns":8},{"damage":5,"enemies":"Spheric Guardian","floor":18,"turns":3},{"damage":31,"enemies":"3 Byrds","floor":19,"turns":5},{"damage":21,"enemies":"Snake Plant","floor":25,"turns":3},{"damage":1,"enemies":"Snecko","floor":27,"turns":4},{"damage":8,"enemies":"Chosen and Byrds","floor":29,"turns":5},{"damage":13,"enemies":"Centurion and Healer","floor":30,"turns":7},{"damage":47,"enemies":"Pondfish","floor":33,"turns":13},{"damage":8,"enemies":"Orb Walker","floor":35,"turns":4},{"damage":15,"enemies":"3 Darklings","floor":37,"turns":5},{"damage":11,"enemies":"Writhing Mass","floor":39,"turns":10},{"damage":0,"enemies":"Sphere and 2 Shapes","floor":41,"turns":4},{"damage":10,"enemies":"Spire Growth","floor":47,"turns":4},{"damage":9,"enemies":"Writhing Mass","floor":48,"turns":4},{"damage":55,"enemies":"hubris:GrandSnecko","floor":52,"turns":6}],"seed_played":"-5007912767937731271","potions_obtained":[{"floor":1,"key":"ColorlessPotion"},{"floor":2,"key":"GamblersBrew"},{"floor":7,"key":"Milkshake"},{"floor":33,"key":"Slimebound:ThreeZeroPotion"},{"floor":37,"key":"Explosive Potion"},{"floor":39,"key":"sneckomod:MuddlingPotion"},{"floor":44,"key":"LiquidBronze"},{"floor":44,"key":"SneckoOil"},{"floor":44,"key":"PowerPotion"},{"floor":47,"key":"Death Potion"}],"is_trial":false,"path_per_floor":["M","?","M","?","$","E","M","E","T","R","$","?","R","M","R_BF","B",null,"M","M","AVR","?","?","R","$","M","T","M","R","M","M","?","R","B",null,"M","?","M","?","M","R","M","?","T","?","PTL","PTL","M","M","R","AVR","R","B"],"character_chosen":"SHADE","items_purchased":["Dream Catcher","Shade:FreshBones","Shade:FingerOfDeath","Shade:CommandSoldier","Shade:Bite_Shade","Shade:Bonestorm"],"campfire_rested":8,"item_purchase_floors":[5,11,11,24,24,24],"current_hp_per_floor":[65,39,39,39,39,39,39,28,28,47,47,47,65,60,60,55,65,60,29,29,29,26,60,60,41,41,52,65,57,46,46,65,30,65,57,57,54,54,55,65,65,65,65,65,65,65,55,46,46,46,46,0,0],"gold":329,"neow_bonus":"THREE_ENEMY_KILL","is_daily":false,"chose_seed":false,"campfire_upgraded":0,"win_rate":0.0,"timestamp":1608588218,"path_taken":["M","?","M","?","$","E","?","E","T","R","$","?","R","M","R_BF","BOSS","M","M","AVR","?","?","R","?","M","T","?","R","M","M","?","R","BOSS","M","?","M","?","?","R","?","?","T","?","PTL","PTL","M","M","R","AVR","R","BOSS"],"items_purchased_type":["Relic","Card","Card","Card","Card","Card"],"build_version":"2020-12-13","purchased_purges":0,"victory":false,"max_hp_per_floor":[65,65,65,65,65,65,65,65,65,65,65,65,65,65,65,65,65,65,65,65,65,65,65,65,65,65,65,65,65,65,65,65,65,65,65,65,65,65,65,65,65,65,65,65,65,65,65,65,65,65,65,65,65],"card_choices":[{"not_picked":["Shade:Trample","Shade:Bonestorm"],"picked":"Shade:WallOfFlesh","floor":1},{"not_picked":["Shade:GoDigging","Shade:Carnophage"],"picked":"Shade:CallWraith","floor":2},{"not_picked":["Shade:CoffinDance","Shade:FreshBones"],"picked":"Shade:FleshOffering","floor":3},{"not_picked":["Shade:SkeletonArmy","Shade:BoneShards"],"picked":"Shade:OpenGraves","floor":6},{"not_picked":["Shade:WallOfFlesh","Shade:StitchTogether"],"picked":"Shade:Brains","floor":7},{"not_picked":["Shade:Consume","Shade:GreyBargain"],"picked":"Shade:SkeletonHug","floor":8},{"not_picked":["Shade:PressTheAttack","Shade:GoDigging"],"picked":"Shade:Premonition","floor":10},{"not_picked":["Shade:Doomsay","Shade:WallOfFlesh"],"picked":"Shade:GraveStillness","floor":13},{"not_picked":["Shade:FuneraryArmor","Shade:SkeletonHug"],"picked":"Shade:Trample","floor":14},{"not_picked":["Shade:GreaterAnimation","Shade:DarkOfNight"],"picked":"Shade:UnbarTheGrave","floor":16},{"not_picked":["Shade:Brains","Shade:GreyBargain"],"picked":"Shade:FreshBones","floor":18},{"not_picked":["Shade:AblativeArmor","Shade:Trample"],"picked":"Shade:CoffinDance","floor":19},{"not_picked":["Shade:PressTheAttack","Shade:AncientSpear+1"],"picked":"Shade:CommandSoldier+1","floor":23},{"not_picked":["Shade:Trample","Shade:SoulToxin"],"picked":"Shade:AuraOfUnlife","floor":25},{"not_picked":["Shade:OminousRitual","Shade:AblativeArmor"],"picked":"Shade:Patience","floor":27},{"not_picked":["Shade:DangerousRitual","Shade:Brains"],"picked":"Shade:Premonition","floor":28},{"not_picked":["Shade:Trample","Shade:SkeletonHug+1"],"picked":"Shade:AuraOfUnlife+1","floor":29},{"not_picked":["Shade:GreyBargain","Shade:ClawBack"],"picked":"Shade:CallWraith","floor":30},{"not_picked":["Shade:AncientSpear","Shade:DangerousRitual"],"picked":"Shade:FingerOfDeath","floor":32},{"not_picked":["Shade:MadHubris","Shade:LoseControl"],"picked":"Shade:LichForm","floor":33},{"not_picked":["Shade:CloudOfShrapnel","Shade:BoneShards"],"picked":"Shade:Brains+1","floor":35},{"not_picked":["Shade:Consume","Shade:Frenzy"],"picked":"Shade:FuneraryArmor","floor":37},{"not_picked":["Shade:BoneShards+1","Shade:CallOfTheGrave"],"picked":"Shade:FuneraryArmor+1","floor":39},{"not_picked":["Shade:BoneShards","Shade:Brains"],"picked":"Shade:PoundOfFlesh","floor":40},{"not_picked":["Shade:Frenzy","Shade:SkeletonHug"],"picked":"Shade:LichForm","floor":41},{"not_picked":["Shade:GreaterAnimation","Shade:GoDigging"],"picked":"Shade:Premonition","floor":47},{"not_picked":["Shade:TouchOfTheGrave+1","Shade:Doomsay"],"picked":"Shade:Premonition+1","floor":48},{"not_picked":["Shade:SkeletonHug+1","Shade:StitchTogether+1"],"picked":"Shade:FleshLikeOak+1","floor":49},{"not_picked":["Shade:SpontaneousRitual+1","Shade:Asphyxiate+1"],"picked":"Shade:SoulToxin+1","floor":51}],"player_experience":66755,"relics_obtained":[{"floor":2,"key":"Mercury Hourglass"},{"floor":6,"key":"hubris:ToyBattleship"},{"floor":8,"key":"hubris:TenFootPole"},{"floor":9,"key":"Replay:Mystery Machine"},{"floor":15,"key":"Simple Rune"},{"floor":26,"key":"Golden Egg"},{"floor":43,"key":"Vajra"}],"event_choices":[{"damage_healed":0,"gold_gain":0,"player_choice":"Forge","damage_taken":0,"max_hp_gain":0,"max_hp_loss":0,"event_name":"Accursed Blacksmith","floor":4,"gold_loss":0,"cards_upgraded":["Shade:CallWraith"]},{"damage_healed":0,"gold_gain":0,"player_choice":"Simplicity","damage_taken":0,"max_hp_gain":0,"max_hp_loss":0,"event_name":"Back to Basics","floor":21,"gold_loss":0,"cards_upgraded":["Shade:Strike_Shade","Shade:Strike_Shade","Shade:Strike_Shade","Shade:Strike_Shade","Shade:Defend_Shade","Shade:Defend_Shade","Shade:Defend_Shade","Shade:Defend_Shade"]},{"damage_healed":0,"gold_gain":0,"player_choice":"Joined the Cult","damage_taken":6,"max_hp_gain":0,"max_hp_loss":0,"event_name":"Nest","floor":22,"gold_loss":0,"cards_obtained":["RitualDagger"]},{"damage_healed":0,"gold_gain":0,"player_choice":"Ignored","damage_taken":0,"max_hp_gain":0,"max_hp_loss":0,"event_name":"Beggar","floor":31,"gold_loss":0},{"damage_healed":0,"gold_gain":0,"player_choice":"Ignored","damage_taken":0,"max_hp_gain":0,"max_hp_loss":0,"event_name":"Transmorgrifier","floor":38,"gold_loss":0},{"damage_healed":0,"gold_gain":0,"player_choice":"Upgrade","damage_taken":0,"relics_obtained":["Mark of the Bloom"],"max_hp_gain":0,"max_hp_loss":0,"event_name":"MindBloom","floor":42,"gold_loss":0,"cards_upgraded":["Shade:Strike_Shade","Shade:Strike_Shade","Shade:Strike_Shade","Shade:Strike_Shade","Shade:Defend_Shade","Shade:Defend_Shade","Shade:Defend_Shade","Shade:Defend_Shade","Shade:AnimateDead","Shade:CarefulCut","Shade:WallOfFlesh","Shade:FleshOffering","Shade:OpenGraves","Shade:Brains","Shade:SkeletonHug","Shade:Premonition","Shade:FreshBones","Shade:FingerOfDeath","Shade:GraveStillness","Shade:Trample","Shade:UnbarTheGrave","Shade:FreshBones","Shade:CoffinDance","infinitespire:Starlight","RitualDagger","Shade:CommandSoldier","Shade:CommandSoldier","Shade:Bite_Shade","Shade:Bonestorm","Shade:AuraOfUnlife","Shade:Patience","Shade:Premonition","Shade:CallWraith","Shade:FingerOfDeath","Shade:FuneraryArmor","Shade:PoundOfFlesh"]},{"damage_healed":0,"gold_gain":0,"player_choice":"Got Potions","damage_taken":0,"max_hp_gain":0,"max_hp_loss":0,"event_name":"Lab","floor":44,"gold_loss":0}],"is_beta":false,"boss_relics":[{"not_picked":["aspiration:RandomNobGenerator","Ectoplasm"],"picked":"construct:ClawGrip"},{"not_picked":["SacredBark","Philosopher\u0027s Stone"],"picked":"aspiration:SecretTechniqueScroll"}],"items_purged_floors":[],"is_endless":false,"potions_floor_spawned":[1,7,8,16,18,33,37,39,47],"killed_by":"hubris:GrandSnecko","ascension_level":0}}