{"host":"7o30bgpqouqblh42","time":1608571683,"event":{"mods":["AchievementEnabler","Aspiration","BaseMod","Colored Map","Downfall","Highlight Path","Hubris","Minty Spire (QoL Compilation)","StSLib","SuperFastMode"],"gold_per_floor":[99,99,99,99,130,141,186,200,215,140,140,240,7,17,31,31,31,31],"floor_reached":16,"playtime":4042,"items_purged":["Guardian:Strike_Guardian"],"score":125,"play_id":"1df6a2eb-7810-416b-82df-fdd9ae8f0557","local_time":"20201221122803","is_ascension_mode":false,"campfire_choices":[{"floor":1,"key":"RECALL"},{"data":"Guardian:SentryBeam","floor":10,"key":"SMITH"}],"circlet_count":0,"master_deck":["Guardian:Strike_Guardian","Guardian:Strike_Guardian","Guardian:Strike_Guardian","Guardian:Defend_Guardian","Guardian:Defend_Guardian","Guardian:Defend_Guardian","Guardian:Defend_Guardian","Guardian:CurlUp","Guardian:TwinSlam","Guardian:ShieldCharger","Guardian:TimeBomb","Guardian:Suspension","Guardian:Gem_Yellow","Guardian:SentryBeam+1","Guardian:StasisStrike","Guardian:SpikerProtocol","Guardian:Gem_Crimson"],"relics":["Guardian:ModeShifter","downfall:HeartsMalice","hubris:OldNail","Happy Flower","downfall:HeartBlessingRed","Potion Belt","hubris:EmptyBottle"],"acts_visited":["Exordium"],"potions_floor_usage":[9,12,12,16,16,16,16,16],"damage_taken":[{"damage":0,"enemies":"Small Slimes","floor":2,"turns":1},{"damage":0,"enemies":"Cultist","floor":3,"turns":1},{"damage":0,"enemies":"Gremlin Nob","floor":5,"turns":1},{"damage":0,"enemies":"Jaw Worm","floor":6,"turns":4},{"damage":0,"enemies":"Blue Slaver","floor":8,"turns":5},{"damage":0,"enemies":"Gremlin Gang","floor":9,"turns":3},{"damage":38,"enemies":"downfall:LadyInBlue","floor":12,"turns":9},{"damage":10,"enemies":"downfall:FleeingMerchant","floor":13,"turns":4},{"damage":3,"enemies":"Red Slaver","floor":14,"turns":3},{"damage":12,"enemies":"3 Louse","floor":15,"turns":3},{"damage":23,"enemies":"downfall:Silent","floor":16,"turns":2}],"seed_played":"342974645112607146","potions_obtained":[{"floor":6,"key":"Slimebound:ThreeZeroPotion"},{"floor":8,"key":"champ:CounterPotion"},{"floor":9,"key":"Explosive Potion"},{"floor":12,"key":"SneckoOil"},{"floor":12,"key":"LiquidMemories"},{"floor":12,"key":"hexamod:EctoCoolerPotion"},{"floor":15,"key":"Explosive Potion"}],"is_trial":false,"path_per_floor":["R","M","M","?","E","M","T","M","M","R","?","?","$","M","M","B"],"character_chosen":"GUARDIAN","items_purchased":["hubris:EmptyBottle"],"campfire_rested":0,"item_purchase_floors":[13],"current_hp_per_floor":[80,80,80,80,80,80,80,80,80,80,85,47,37,34,22,0,0,0],"gold":31,"neow_bonus":"THREE_ENEMY_KILL","is_daily":false,"chose_seed":false,"campfire_upgraded":1,"win_rate":0.0,"timestamp":1608571683,"path_taken":["R","M","M","?","E","?","T","M","M","R","?","?","$","?","M","BOSS"],"items_purchased_type":["Relic"],"build_version":"2020-12-13","purchased_purges":1,"victory":false,"max_hp_per_floor":[80,80,80,80,80,80,80,80,80,80,85,85,85,85,85,85,85,85],"card_choices":[{"not_picked":["Guardian:WalkerClaw","Guardian:Gem_Green"],"picked":"Guardian:ShieldCharger","floor":2},{"not_picked":["Guardian:PiercingHide","Guardian:VentSteam"],"picked":"Guardian:TimeBomb","floor":3},{"not_picked":["Guardian:Suspension","Guardian:PrismaticBarrier"],"picked":"Guardian:Gem_Yellow","floor":5},{"not_picked":["Guardian:Gem_Lightblue","Guardian:Gem_Green"],"picked":"Guardian:Suspension","floor":6},{"not_picked":["Guardian:Gem_Green","Guardian:WalkerClaw"],"picked":"Guardian:Gem_Yellow","floor":8},{"not_picked":["Guardian:WalkerClaw","Guardian:VentSteam"],"picked":"Guardian:SentryBeam","floor":9},{"not_picked":["Guardian:TemporalStrike","Guardian:Gem_Red"],"picked":"Guardian:StasisStrike","floor":12},{"not_picked":["Guardian:Incinerate","Guardian:VentSteam"],"picked":"Guardian:SpikerProtocol","floor":13},{"not_picked":["Guardian:VentSteam","Guardian:GuardianWhirl","Guardian:PrismaticBeam"],"picked":"SKIP","floor":14},{"not_picked":["Guardian:VentSteam","Guardian:EvasiveProtocol"],"picked":"Guardian:Gem_Crimson","floor":15}],"player_experience":74582,"relics_obtained":[{"floor":5,"key":"hubris:OldNail"},{"floor":7,"key":"Happy Flower"},{"floor":12,"key":"Potion Belt"}],"event_choices":[{"damage_healed":0,"gold_gain":0,"player_choice":"Donut","damage_taken":0,"max_hp_gain":5,"max_hp_loss":0,"event_name":"Big Fish","floor":11,"gold_loss":0}],"is_beta":false,"boss_relics":[],"items_purged_floors":[13],"is_endless":false,"potions_floor_spawned":[6,8,9,15],"killed_by":"downfall:Silent","ascension_level":0}}