{"host":"y9jgkjnf95sujozk","time":1608560083,"event":{"mods":["2.2 Compatiblity","AchievementEnabler","Act Like it!","BaseMod","Block Reminder","Colored Map","Colored Powertips","Downfall","Friendly Minions","Gensokyo","GifTheSpireLib","Hermit","Highlight Path","HololiveMod","MarisaÅiñ∂âJÅ@ñÇóùçπÅj","Minty Spire (QoL Compilation)","Random Character Button","Rare Cards Sparkle","Replay The Spire","StSLib","SuperFastMode","The Animator","The Bug Knight","The Cursed","The Servant 0.9.4"],"gold_per_floor":[119,134,148,5,5,5,5,92,104,144,156,7,19,19,19,118,118,128,145,161,181,181,181],"floor_reached":22,"playtime":599,"items_purged":["Regret"],"score":186,"play_id":"146d1ec8-3722-4a98-807d-19f70551af50","local_time":"20201221151443","is_ascension_mode":false,"campfire_choices":[{"floor":6,"key":"REST"},{"floor":11,"key":"REST"},{"floor":15,"key":"REST"}],"circlet_count":0,"master_deck":["sneckomod:Strike","sneckomod:Strike","sneckomod:Strike","sneckomod:Defend","sneckomod:Defend","sneckomod:Defend","sneckomod:TailWhip","sneckomod:SnekBite","sneckomod:Unknown","sneckomod:Unknown+1","sneckomod:UnknownClassTHE_UNNAMED","sneckomod:UnknownWeak","sneckomod:ImprovisedAttack","sneckomod:UnknownCommonAttack","sneckomod:SnekBeam","sneckomod:Unknown1Cost","sneckomod:UnknownX","sneckomod:WideSting","sneckomod:UnknownStrength","sneckomod:UnknownStrength","sneckomod:SnekBeam","sneckomod:UnknownRarePower","sneckomod:UnknownBlock","sneckomod:UnknownUncommonAttack","sneckomod:UnknownStrength","sneckomod:UnknownClassTHE_ANIMATOR+1"],"relics":["sneckomod:SneckoSoul","MawBank","Anchor","Smiling Mask","Cursed Key"],"acts_visited":["Exordium","Exordium"],"potions_floor_usage":[10,10,10,16,20,20],"damage_taken":[{"damage":0,"enemies":"Cultist","floor":1,"turns":3},{"damage":5,"enemies":"Jaw Worm","floor":2,"turns":5},{"damage":7,"enemies":"2 Louse","floor":3,"turns":3},{"damage":23,"enemies":"Lagavulin","floor":10,"turns":5},{"damage":14,"enemies":"Looter","floor":13,"turns":4},{"damage":90,"enemies":"Hexaghost","floor":16,"turns":18},{"damage":11,"enemies":"Gensokyo:AngelMirror","floor":18,"turns":2},{"damage":1,"enemies":"Gensokyo:Chomper","floor":19,"turns":3},{"damage":46,"enemies":"Gensokyo:Swordslinger","floor":20,"turns":6},{"damage":24,"enemies":"Gensokyo:3_Gloops","floor":21,"turns":4},{"damage":35,"enemies":"Gensokyo:Monolith_and_Dog","floor":22,"turns":4}],"seed_played":"-171254542283159591","potions_obtained":[{"floor":0,"key":"hexamod:EctoCoolerPotion"},{"floor":0,"key":"CultistPotion"},{"floor":0,"key":"Flashbang"},{"floor":13,"key":"PowerPotion"},{"floor":18,"key":"Milkshake"},{"floor":19,"key":"sneckomod:DiceRollPotion"}],"is_trial":false,"path_per_floor":["M","M","M","$","?","R","?","?","T","E","R","$","M","$","R","B",null,"M","M","M","M","M"],"character_chosen":"THE_SNECKO","items_purchased":["sneckomod:UnknownCommonAttack","sneckomod:SnekBeam","sneckomod:Unknown1Cost","sneckomod:WideSting","sneckomod:UnknownStrength"],"campfire_rested":3,"item_purchase_floors":[4,4,4,12,12],"current_hp_per_floor":[91,87,80,82,82,94,94,83,83,61,89,91,77,77,97,8,98,88,88,48,25,0,0],"gold":181,"neow_bonus":"THREE_SMALL_POTIONS","is_daily":false,"chose_seed":false,"campfire_upgraded":0,"win_rate":0.0,"timestamp":1608560083,"path_taken":["M","M","M","?","?","R","?","?","T","E","R","$","M","$","R","BOSS","M","M","M","M","M"],"items_purchased_type":["Card","Card","Card","Card","Card"],"build_version":"2020-12-13","purchased_purges":1,"victory":false,"max_hp_per_floor":[91,92,92,94,94,94,94,94,94,95,95,97,97,97,97,98,98,99,100,101,102,102,102],"card_choices":[{"not_picked":["sneckomod:SoulDraw","sneckomod:UnknownClassGUARDIAN"],"picked":"sneckomod:UnknownClassTHE_UNNAMED","floor":1},{"not_picked":["sneckomod:Unknown0Cost","sneckomod:Nope"],"picked":"sneckomod:UnknownWeak","floor":2},{"not_picked":["sneckomod:Nope","sneckomod:Unknown1Cost"],"picked":"sneckomod:ImprovisedAttack","floor":3},{"not_picked":["sneckomod:DiceCrush","sneckomod:UnlimitedRolls"],"picked":"sneckomod:UnknownX","floor":10},{"not_picked":["sneckomod:UnknownUncommonSkill","sneckomod:UnknownWeak"],"picked":"sneckomod:SnekBeam","floor":13},{"not_picked":["sneckomod:DangerNoodle","sneckomod:UnknownColorless"],"picked":"sneckomod:UnknownRarePower","floor":16},{"not_picked":["sneckomod:UnknownClassGREEN+1","sneckomod:UnknownClassAchievements+1"],"picked":"sneckomod:UnknownBlock","floor":18},{"not_picked":["sneckomod:UnknownUncommonPower","sneckomod:RainOfDice+1"],"picked":"sneckomod:UnknownUncommonAttack","floor":19},{"not_picked":["sneckomod:UnknownClassSLIMEBOUND","sneckomod:DiceBlock+1"],"picked":"sneckomod:UnknownStrength","floor":20},{"not_picked":["sneckomod:UnknownCommonAttack","sneckomod:SnakeSap"],"picked":"sneckomod:UnknownClassTHE_ANIMATOR+1","floor":21}],"player_experience":117475,"relics_obtained":[{"floor":9,"key":"Anchor"},{"floor":10,"key":"Smiling Mask"}],"event_choices":[{"damage_healed":0,"gold_gain":0,"player_choice":"Box","damage_taken":0,"relics_obtained":["MawBank"],"max_hp_gain":0,"max_hp_loss":0,"event_name":"Big Fish","floor":7,"gold_loss":0,"cards_obtained":["Regret"]},{"damage_healed":0,"gold_gain":75,"player_choice":"Gather Gold","damage_taken":11,"max_hp_gain":0,"max_hp_loss":0,"event_name":"World of Goop","floor":8,"gold_loss":0}],"is_beta":false,"boss_relics":[{"not_picked":["sneckomod:SuperSneckoSoul","Fusion Hammer"],"picked":"Cursed Key"}],"items_purged_floors":[12],"is_endless":false,"potions_floor_spawned":[1,2,13,18,19],"killed_by":"Gensokyo:Monolith_and_Dog","ascension_level":0}}