{"host":"bq4pt811tk9yrmjl","time":1608561786,"event":{"mods":["AchievementEnabler","BaseMod","Colored Map","Colored Powertips","Defuse TimeMaze Blight","Minty Spire (QoL Compilation)","StSLib","SuperFastMode","UnlockEverythingMod"],"gold_per_floor":[118,118,118,118,133,133,162,162,242,242,259,259,82,95,95,199,199,219,179,199,47,47,74,91,91,91,91,91,122,145,9,9,106,106,118,118,118,135,145,145,160,160,213,213,173,193,193,219,219,219,219],"floor_reached":50,"playtime":1033,"items_purged":[],"score":607,"play_id":"523f7c5b-e7e1-4a94-82e9-e4eac4f65228","local_time":"20201221124306","is_ascension_mode":true,"campfire_choices":[{"data":"Leg Sweep","floor":6.0,"key":"SMITH"},{"floor":10.0,"key":"RECALL"},{"floor":15.0,"key":"REST"},{"data":"Noxious Fumes","floor":25,"key":"SMITH"},{"floor":27,"key":"REST"},{"data":"A Thousand Cuts","floor":32,"key":"SMITH"},{"floor":40,"key":"REST"},{"data":"Footwork","floor":42,"key":"SMITH"},{"data":"Accuracy","floor":47,"key":"SMITH"},{"floor":49,"key":"REST"}],"circlet_count":0,"master_deck":["Strike_G","Strike_G+1","Strike_G","Strike_G","Strike_G","Defend_G","Defend_G","Defend_G+1","Defend_G+1","Defend_G","Survivor+1","Neutralize+1","Leg Sweep+1","Infinite Blades","Noxious Fumes+1","Footwork+1","Cloak And Dagger+1","PiercingWail+1","A Thousand Cuts+1","Leg Sweep+1","Madness","Madness","Accuracy+1"],"relics":["Ring of the Snake","NeowsBlessing","Anchor","Gremlin Horn","ClockworkSouvenir","Busted Crown","Vajra","Oddly Smooth Stone","Molten Egg 2","Lantern","Dream Catcher","Black Star","Bag of Marbles","White Beast Statue","Bronze Scales"],"acts_visited":["Exordium","TheCity","TheBeyond"],"potions_floor_usage":[16,20,23,29,41,41,46,48,50],"damage_taken":[{"damage":0.0,"enemies":"Cultist","floor":1.0,"turns":1.0},{"damage":0.0,"enemies":"Small Slimes","floor":5.0,"turns":1.0},{"damage":0.0,"enemies":"Gremlin Nob","floor":7.0,"turns":1.0},{"damage":0.0,"enemies":"Jaw Worm","floor":11.0,"turns":7.0},{"damage":0.0,"enemies":"3 Louse","floor":14.0,"turns":4.0},{"damage":26,"enemies":"The Guardian","floor":16,"turns":12},{"damage":0,"enemies":"Chosen","floor":18,"turns":7},{"damage":1,"enemies":"Shell Parasite","floor":20,"turns":9},{"damage":18,"enemies":"Slavers","floor":23,"turns":7},{"damage":13,"enemies":"3 Cultists","floor":24,"turns":7},{"damage":0,"enemies":"Book of Stabbing","floor":29,"turns":8},{"damage":19,"enemies":"Automaton","floor":33,"turns":11},{"damage":0,"enemies":"3 Shapes","floor":35,"turns":3},{"damage":0,"enemies":"Orb Walker","floor":38,"turns":4},{"damage":21,"enemies":"Sphere and 2 Shapes","floor":39,"turns":6},{"damage":0,"enemies":"3 Darklings","floor":41,"turns":6},{"damage":4,"enemies":"Transient","floor":46,"turns":5},{"damage":48,"enemies":"Nemesis","floor":48,"turns":11},{"damage":14,"enemies":"Time Eater","floor":50,"turns":7}],"seed_played":"3187327822888555664","potions_obtained":[{"floor":5.0,"key":"ColorlessPotion"},{"floor":7.0,"key":"Explosive Potion"},{"floor":8.0,"key":"BlessingOfTheForge"},{"floor":24,"key":"BlessingOfTheForge"},{"floor":29,"key":"Dexterity Potion"},{"floor":39,"key":"EntropicBrew"},{"floor":46,"key":"Fire Potion"}],"is_trial":false,"path_per_floor":["M","?","$","?","M","R","E","?","T","R","M","?","$","M","R","B",null,"M","?","M","$","?","E","M","R","T","R","$","E","T","$","R","B",null,"M","$","?","M","M","R","M","R","T","?","$","M","R","E","R","B"],"character_chosen":"THE_SILENT","items_purchased":["Noxious Fumes","ClockworkSouvenir","Vajra","A Thousand Cuts","Accuracy"],"campfire_rested":4,"item_purchase_floors":[13,13,21,31,45],"current_hp_per_floor":[70,56,56,56,56,56,56,56,56,56,56,44,44,44,65,39,70,70,70,69,69,69,51,38,38,38,59,59,59,59,59,59,40,70,70,70,70,70,49,70,70,70,70,61,61,57,57,9,30,16,16],"gold":219,"neow_bonus":"THREE_ENEMY_KILL","is_daily":false,"chose_seed":false,"campfire_upgraded":5,"win_rate":0.0,"timestamp":1608561786,"path_taken":["M","?","$","?","M","R","E","?","T","R","?","?","$","M","R","BOSS","M","?","?","$","?","E","M","R","T","R","?","E","?","?","R","BOSS","M","$","?","M","?","R","M","R","T","?","?","M","R","E","R","BOSS"],"items_purchased_type":["Card","Relic","Relic","Card","Card"],"build_version":"2020-12-13","purchased_purges":0,"victory":false,"max_hp_per_floor":[70,70,70,70,70,70,70,70,70,70,70,70,70,70,70,70,70,70,70,70,70,70,70,70,70,70,70,70,70,70,70,70,70,70,70,70,70,70,70,70,70,70,70,70,70,70,70,70,70,70,70],"card_choices":[{"not_picked":["Bane","Reflex"],"picked":"Leg Sweep","floor":1.0},{"not_picked":["Poisoned Stab","Well Laid Plans","Calculated Gamble"],"picked":"SKIP","floor":5.0},{"not_picked":["Phantasmal Killer","Finisher","Calculated Gamble"],"picked":"SKIP","floor":7.0},{"not_picked":["Bane","Deadly Poison"],"picked":"Infinite Blades","floor":11.0},{"not_picked":["Quick Slash","Dash"],"picked":"Footwork","floor":14.0},{"not_picked":["Prepared"],"picked":"SKIP","floor":18},{"not_picked":["Setup"],"picked":"SKIP","floor":20},{"not_picked":["Tactician+1"],"picked":"SKIP","floor":23},{"not_picked":[],"picked":"Cloak And Dagger+1","floor":24},{"not_picked":[],"picked":"PiercingWail+1","floor":29},{"not_picked":["Calculated Gamble"],"picked":"SKIP","floor":35},{"not_picked":[],"picked":"Leg Sweep+1","floor":38},{"not_picked":["Quick Slash+1"],"picked":"SKIP","floor":39},{"not_picked":["Infinite Blades"],"picked":"SKIP","floor":41},{"not_picked":["Bane+1"],"picked":"SKIP","floor":46},{"not_picked":["Bane+1"],"picked":"SKIP","floor":48}],"player_experience":92146,"relics_obtained":[{"floor":7.0,"key":"Anchor"},{"floor":23,"key":"Oddly Smooth Stone"},{"floor":26,"key":"Molten Egg 2"},{"floor":29,"key":"Lantern"},{"floor":30,"key":"Dream Catcher"},{"floor":43,"key":"Bag of Marbles"},{"floor":48,"key":"White Beast Statue"},{"floor":48,"key":"Bronze Scales"}],"event_choices":[{"damage_healed":0.0,"max_hp_gain":0.0,"max_hp_loss":0.0,"gold_gain":0.0,"event_name":"Shining Light","player_choice":"Entered Light","floor":2.0,"gold_loss":0.0,"damage_taken":14.0,"cards_upgraded":["Survivor","Defend_G"]},{"damage_healed":0.0,"max_hp_gain":0.0,"max_hp_loss":0.0,"gold_gain":0.0,"event_name":"Living Wall","player_choice":"Grow","floor":4.0,"gold_loss":0.0,"damage_taken":0.0,"cards_upgraded":["Neutralize"]},{"damage_healed":0.0,"max_hp_gain":0.0,"max_hp_loss":0.0,"gold_gain":0.0,"event_name":"Lab","player_choice":"Got Potions","floor":8.0,"gold_loss":0.0,"damage_taken":0.0},{"damage_healed":0.0,"max_hp_gain":0.0,"max_hp_loss":0.0,"gold_gain":0.0,"event_name":"Scrap Ooze","player_choice":"Success","floor":12.0,"gold_loss":0.0,"damage_taken":12.0,"relics_obtained":["Gremlin Horn"]},{"damage_healed":0,"gold_gain":0,"player_choice":"Upgraded Two","damage_taken":0,"max_hp_gain":0,"max_hp_loss":0,"event_name":"Designer","floor":19,"gold_loss":40,"cards_upgraded":["Strike_G","Defend_G"]},{"damage_healed":0,"gold_gain":0,"player_choice":"Ignored","damage_taken":0,"max_hp_gain":0,"max_hp_loss":0,"event_name":"Vampires","floor":22,"gold_loss":0},{"damage_healed":0,"gold_gain":0,"player_choice":"Ignored","damage_taken":0,"max_hp_gain":0,"max_hp_loss":0,"event_name":"Transmorgrifier","floor":37,"gold_loss":0},{"damage_healed":0,"gold_gain":0,"player_choice":"Embrace Madness","damage_taken":9,"max_hp_gain":0,"max_hp_loss":0,"event_name":"Winding Halls","floor":44,"gold_loss":0,"cards_obtained":["Madness","Madness"]}],"is_beta":false,"boss_relics":[{"not_picked":["Cursed Key","Snecko Eye"],"picked":"Busted Crown"},{"not_picked":["SlaversCollar","Fusion Hammer"],"picked":"Black Star"}],"items_purged_floors":[],"is_endless":false,"potions_floor_spawned":[5,7,11,14,24,29,39,46],"killed_by":"Time Eater","ascension_level":1}}