{"host":"6gzy6nvr8uokwcne","time":1608581872,"event":{"mods":["2.2 Compatiblity","AchievementEnabler","Act Like it!","BaseMod","Hallownest","Marisa????????","Minty Spire (QoL Compilation)","Quick Restart","StSLib","The Alterego","The Cursed","The Disciple","The Dragon Tamer","The Necromancer","The Servant 0.9.4"],"gold_per_floor":[113,123,17,33,44,78,78,91,91,91,116,116,130,146,146,251,251,262,262,282,298,298,298,313,85,85,120,120,120,120,130,130,231,231,250,266,41,59,77,77,96,96,150,150,150],"floor_reached":44,"playtime":10961,"items_purged":[],"score":509,"play_id":"6670392d-43e8-4990-9f07-37ae6b10bb14","local_time":"20201221131752","daily_mods":["Heirloom"],"is_ascension_mode":false,"campfire_choices":[{"data":"Accruing","floor":10,"key":"SMITH"},{"data":"MasterKey","floor":12,"key":"SMITH"},{"floor":15,"key":"REST"},{"floor":23,"key":"REST"},{"floor":28,"key":"RECALL"},{"floor":30,"key":"REST"},{"data":"Engulf","floor":32,"key":"SMITH"},{"data":"Engulf","floor":40,"key":"SMITH"},{"floor":42,"key":"REST"}],"circlet_count":0,"master_deck":["Strike_Br+1","Strike_Br+1","Strike_Br+1","Strike_Br+1","Defend_Br+1","Defend_Br+1","Defend_Br+1","Defend_Br+1","SecondHand","PatternShift","LockedPlans","LockedScales","ExoVibe","ReapSow+19","Backlash","Engulf","BlueShift","Engulf+1","Parity","MasterKey+1","Accruing+1","LockedScales","LockedBlood","HandsUpC","OracleForm","CurseOfTheBell","Echoward","HandsUpB","PrimeTime","LockedBlood","Engulf+1","LockedTornado","Sadistic Nature","TickedOff","LockedMercury","LockedFlame","VestedLegacy","MasterKey","CrunchTime","LockedBlood"],"relics":["Chronometer","Bird Faced Urn","MysticCrockPot","Odd Mushroom","Calling Bell","BlueBox","Paper Turtyl","Ice Cream","Nloth\u0027s Gift","Ornamental Fan","SlaversCollar","Akabeko"],"acts_visited":["Exordium","TheCity","TheBeyond"],"potions_floor_usage":[2,5,6,6,16,16,20,27,31,33,38,41],"damage_taken":[{"damage":2,"enemies":"Small Slimes","floor":1,"turns":8},{"damage":3,"enemies":"Jaw Worm","floor":2,"turns":4},{"damage":1,"enemies":"Cultist","floor":4,"turns":6},{"damage":0,"enemies":"2 Fungi Beasts","floor":5,"turns":6},{"damage":14,"enemies":"3 Sentries","floor":6,"turns":8},{"damage":0,"enemies":"Red Slaver","floor":8,"turns":6},{"damage":11,"enemies":"The Mushroom Lair","floor":11,"turns":4},{"damage":12,"enemies":"Blue Slaver","floor":13,"turns":2},{"damage":8,"enemies":"3 Louse","floor":14,"turns":4},{"damage":0,"enemies":"Hexaghost","floor":16,"turns":7},{"damage":30,"enemies":"3 Byrds","floor":18,"turns":7},{"damage":26,"enemies":"2 Thieves","floor":20,"turns":5},{"damage":29,"enemies":"Snake Plant","floor":21,"turns":4},{"damage":58,"enemies":"3 Cultists","floor":24,"turns":8},{"damage":55,"enemies":"Slavers","floor":27,"turns":6},{"damage":24,"enemies":"Shelled Parasite and Fungi","floor":31,"turns":6},{"damage":109,"enemies":"Collector","floor":33,"turns":12},{"damage":44,"enemies":"Orb Walker","floor":35,"turns":6},{"damage":20,"enemies":"3 Shapes","floor":36,"turns":6},{"damage":26,"enemies":"Maw","floor":38,"turns":8},{"damage":34,"enemies":"4 Shapes","floor":39,"turns":7},{"damage":71,"enemies":"Jaw Worm Horde","floor":41,"turns":9},{"damage":73,"enemies":"3 Darklings","floor":44,"turns":3}],"seed_played":"-3177505667403390539","potions_obtained":[{"floor":1,"key":"Weak Potion"},{"floor":4,"key":"WardPotion"},{"floor":5,"key":"AttackPotion"},{"floor":13,"key":"FearPotion"},{"floor":14,"key":"SkillPotion"},{"floor":16,"key":"DistilledChaos"},{"floor":27,"key":"SpeedPotion"},{"floor":31,"key":"ColorlessPotion"},{"floor":39,"key":"Weak Potion"}],"is_trial":true,"path_per_floor":["M","M","$","M","M","E","?","M","T","R","?","R","M","M","R","B",null,"M","?","M","M","?","R","M","$","T","E","R","?","R","M","R","B",null,"M","M","$","M","M","R","M","R","T","M"],"character_chosen":"CHRONO_CLASS","items_purchased":["ExoVibe","Energy Potion","LockedTornado","Block Potion","Sadistic Nature","MasterKey","DuplicationPotion"],"campfire_rested":4,"item_purchase_floors":[3,3,25,25,25,37,37],"current_hp_per_floor":[63,62,62,64,65,53,53,57,57,57,50,50,44,38,57,65,65,49,49,35,10,10,29,37,37,37,48,48,48,65,57,57,26,65,25,31,31,35,31,31,38,57,57,0,0],"gold":150,"neow_bonus":"","is_daily":false,"chose_seed":false,"campfire_upgraded":4,"win_rate":0.0,"timestamp":1608581872,"path_taken":["M","M","$","M","M","E","?","M","T","R","?","R","M","M","R","BOSS","M","?","M","M","?","R","?","$","T","E","R","?","R","M","R","BOSS","M","M","$","M","M","R","M","R","T","M"],"items_purchased_type":["Card","Potion","Card","Potion","Card","Card","Potion"],"build_version":"2020-12-13","purchased_purges":0,"victory":false,"max_hp_per_floor":[65,65,65,65,65,65,65,65,65,65,65,65,65,65,65,65,65,65,65,65,65,65,65,65,65,65,65,65,65,65,65,65,65,65,65,65,65,65,65,65,65,65,65,65,65],"card_choices":[{"not_picked":["Echoward","CrunchTime"],"picked":"LockedPlans","floor":1},{"not_picked":["Keepsakes","Recurrance"],"picked":"LockedScales","floor":2},{"not_picked":["LockedScales","HandsUpB"],"picked":"ReapSow","floor":4},{"not_picked":["CrunchTime","ReapSow"],"picked":"Backlash","floor":5},{"not_picked":["LockedUrn","Analog"],"picked":"Engulf","floor":6},{"not_picked":["LockedBlood","ShortSighted"],"picked":"LockedScales","floor":8},{"not_picked":["SlimeSpray","Keepsakes"],"picked":"LockedBlood","floor":11},{"not_picked":["ResonantCall","Stagnate"],"picked":"HandsUpC","floor":13},{"not_picked":["HandsUpC","CrunchTime","LockedAnchor"],"picked":"SKIP","floor":14},{"not_picked":["OverTime","OldTimer"],"picked":"OracleForm","floor":16},{"not_picked":["CrunchTime","LockedMedicine","Echoward"],"picked":"SKIP","floor":18},{"not_picked":["Tempo+1","LockedBell"],"picked":"PrimeTime","floor":20},{"not_picked":["HandsUpC","LockedAnchor"],"picked":"LockedBlood","floor":21},{"not_picked":["LockedBell","HandsUpB+1"],"picked":"Engulf","floor":24},{"not_picked":["ResonantCall","Break+1"],"picked":"TickedOff","floor":27},{"not_picked":["LockedWhetstone+1","DaylightSavings"],"picked":"LockedMercury","floor":31},{"not_picked":["MasterKey","LockedAstrolabe"],"picked":"LockedFlame","floor":33},{"not_picked":["Engulf","ReapSow+1","ExoVibe+1"],"picked":"SKIP","floor":35},{"not_picked":["BlueShift","Echoward+1"],"picked":"VestedLegacy","floor":36},{"not_picked":["PrimeTime","CrunchTime+1","LockedBell"],"picked":"SKIP","floor":38},{"not_picked":["LockedAnchor+1","Parity"],"picked":"CrunchTime","floor":39},{"not_picked":["Accruing+1","LockedPlans+1"],"picked":"LockedBlood","floor":41}],"player_experience":452693,"relics_obtained":[{"floor":6,"key":"Whetstone"},{"floor":9,"key":"MysticCrockPot"},{"floor":11,"key":"Odd Mushroom"},{"floor":17,"key":"BlueBox"},{"floor":17,"key":"Paper Turtyl"},{"floor":17,"key":"Ice Cream"},{"floor":27,"key":"Ornamental Fan"},{"floor":43,"key":"Akabeko"}],"event_choices":[{"damage_healed":0,"gold_gain":0,"player_choice":"Fought Mushrooms","damage_taken":0,"max_hp_gain":0,"max_hp_loss":0,"event_name":"Mushrooms","floor":11,"gold_loss":0},{"damage_healed":0,"gold_gain":0,"player_choice":"Simplicity","damage_taken":0,"max_hp_gain":0,"max_hp_loss":0,"event_name":"Back to Basics","floor":19,"gold_loss":0,"cards_upgraded":["Strike_Br","Strike_Br","Strike_Br","Defend_Br","Defend_Br","Defend_Br","Defend_Br"]},{"damage_healed":0,"gold_gain":0,"player_choice":"Traded Relic","damage_taken":0,"relics_obtained":["Nloth\u0027s Gift"],"max_hp_gain":0,"max_hp_loss":0,"event_name":"N\u0027loth","floor":22,"relics_lost":["Whetstone"],"gold_loss":0},{"damage_healed":0,"gold_gain":0,"player_choice":"Ignored","damage_taken":0,"max_hp_gain":0,"max_hp_loss":0,"event_name":"NoteForYourself","floor":29,"gold_loss":0}],"is_beta":false,"boss_relics":[{"not_picked":["Coffee Dripper","SacredBark"],"picked":"Calling Bell"},{"not_picked":["Tiny House","Empty Cage"],"picked":"SlaversCollar"}],"items_purged_floors":[],"is_endless":false,"potions_floor_spawned":[1,4,5,13,14,16,27,31,39],"killed_by":"3 Darklings","ascension_level":0}}