{"host":"k7ydf81uzdnp7fmx","time":1608520321,"event":{"mods":["AchievementEnabler","Act Like it!","BaseMod","Colored Powertips","Minty Spire (QoL Compilation)","Relic Stats","Shop Mod","StSLib","The Animator"],"gold_per_floor":[99,99,157,207,207,207],"floor_reached":6,"playtime":737,"items_purged":[],"score":84,"play_id":"d998b080-8716-4424-95a6-fcb4fc22761c","local_time":"20201221001201","is_ascension_mode":true,"campfire_choices":[{"floor":3,"key":"REST"}],"circlet_count":0,"master_deck":["animator:Strike_NoGameNoLife","animator:Defend_NoGameNoLife","animator:Strike","animator:Strike+1","animator:Defend","animator:Defend","animator:Defend","animator:DolaSchwi","animator:DolaCouronne","animator:Konayuki","animator:Ainz","Echo Form+1","DevaForm","Demon Form+1","MasterReality","animator:Konayuki+1"],"relics":["animator:TheEgnaroPiece","animator:AncientMedallion"],"acts_visited":["Exordium","TheEnding","EYB:TheUnnamedReign"],"potions_floor_usage":[6],"damage_taken":[{"damage":28,"enemies":"animator:UNNAMED_HAT","floor":5,"turns":14},{"damage":81,"enemies":"animator:TRIPLE_SHAPES_WEAK","floor":6,"turns":5}],"seed_played":"-9159300045005558558","potions_obtained":[{"floor":5,"key":"animator:FalseLifePotion"}],"is_trial":false,"path_per_floor":["M","R","??","M","M"],"character_chosen":"THE_ANIMATOR","items_purchased":[],"campfire_rested":1,"item_purchase_floors":[],"current_hp_per_floor":[66,66,98,70,0,0],"gold":207,"neow_bonus":"TRANSFORM_CARD","is_daily":false,"chose_seed":false,"campfire_upgraded":0,"win_rate":0.0,"timestamp":1608520321,"path_taken":["M","R","??","M","M"],"items_purchased_type":[],"build_version":"2020-12-13","purchased_purges":0,"victory":false,"max_hp_per_floor":[66,66,98,98,98,98],"relic_stats":{"counters":[3,20],"obtain_stats":[{"animator:TheEgnaroPiece":4,"animator:PurgingStone":0,"animator:AncientMedallion":4,"animator:TheMissingPiece":0,"animator:LivingPicture":0},{"animator:TheEgnaroPiece":1,"animator:PurgingStone":0,"animator:AncientMedallion":1,"animator:TheMissingPiece":0,"animator:LivingPicture":0},{"animator:TheEgnaroPiece":1,"animator:PurgingStone":0,"animator:AncientMedallion":1,"animator:TheMissingPiece":0,"animator:LivingPicture":0}]},"card_choices":[{"not_picked":["animator:Fredrika","animator:Megumin"],"picked":"animator:Konayuki+1","floor":5}],"player_experience":138320,"relics_obtained":[{"floor":4,"key":"animator:TheEgnaroPiece"},{"floor":4,"key":"animator:AncientMedallion"}],"event_choices":[],"is_beta":false,"boss_relics":[],"items_purged_floors":[],"is_endless":false,"potions_floor_spawned":[5],"killed_by":"animator:TRIPLE_SHAPES_WEAK","ascension_level":1}}