{"host":"yo9wwslrag05lh37","time":1608528413,"event":{"mods":["AchievementEnabler","BaseMod","Block Reminder","Colored Map","Colored Powertips","GifTheSpireLib","HexUI Lib","Highlight Path","Minty Spire (QoL Compilation)","Rare Cards Sparkle","Relic Stats","StSLib","everything is the same but u backflip on backflip"],"gold_per_floor":[118,128,128,144,54,84,102,122,122,122,122,141,141,160,160,239,239,250,250,140,8,23,23,57,69,69,85,98,98,112,123,123,195,195,195,207,207,207,207,207,235,235,235,252,252,252],"floor_reached":45,"playtime":3424,"items_purged":["Zap"],"score":938,"play_id":"4eac834d-3688-4972-9753-de959c7291f4","local_time":"20201221062653","is_ascension_mode":true,"campfire_choices":[{"floor":11.0,"key":"REST"},{"floor":15.0,"key":"RECALL"},{"floor":23.0,"key":"REST"},{"floor":29.0,"key":"REST"},{"floor":32.0,"key":"REST"},{"floor":40.0,"key":"REST"},{"floor":42.0,"key":"REST"}],"circlet_count":0,"master_deck":["AscendersBane","Strike_B+1","Strike_B+1","Strike_B+1","Defend_B+1","Defend_B+1","Sweeping Beam","Reprogram+1","Genetic Algorithm+1","Finesse","Reinforced Body","Steam","Beam Cell","Undo","Scrape","Machine Learning","Reinforced Body","Rebound","Undo+1","Rebound","Skim","Hyperbeam","Steam Power+1","Static Discharge+1","Creative AI+1","Undo+1","Self Repair","Reprogram"],"relics":["Fusion Hammer","Pear","PreservedInsect","SlaversCollar","Potion Belt","Unceasing Top","Astrolabe","Mercury Hourglass"],"acts_visited":["Exordium","TheCity","TheBeyond"],"potions_floor_usage":[],"damage_taken":[{"damage":7.0,"enemies":"Jaw Worm","floor":1.0,"turns":3.0},{"damage":1.0,"enemies":"Cultist","floor":2.0,"turns":4.0},{"damage":3.0,"enemies":"Small Slimes","floor":4.0,"turns":4.0},{"damage":46.0,"enemies":"Gremlin Nob","floor":6.0,"turns":5.0},{"damage":3.0,"enemies":"Blue Slaver","floor":7.0,"turns":4.0},{"damage":1.0,"enemies":"Exordium Wildlife","floor":8.0,"turns":4.0},{"damage":8.0,"enemies":"Gremlin Gang","floor":12.0,"turns":5.0},{"damage":0.0,"enemies":"Blue Slaver","floor":14.0,"turns":4.0},{"damage":23.0,"enemies":"Slime Boss","floor":16.0,"turns":12.0},{"damage":6.0,"enemies":"Spheric Guardian","floor":18.0,"turns":9.0},{"damage":10.0,"enemies":"Chosen","floor":22.0,"turns":7.0},{"damage":2.0,"enemies":"Book of Stabbing","floor":24.0,"turns":5.0},{"damage":47.0,"enemies":"3 Cultists","floor":25.0,"turns":6.0},{"damage":10.0,"enemies":"Shelled Parasite and Fungi","floor":27.0,"turns":10.0},{"damage":10.0,"enemies":"Centurion and Healer","floor":28.0,"turns":9.0},{"damage":4.0,"enemies":"Snake Plant","floor":30.0,"turns":7.0},{"damage":1.0,"enemies":"Sentry and Sphere","floor":31.0,"turns":12.0},{"damage":23.0,"enemies":"Champ","floor":33.0,"turns":15.0},{"damage":6.0,"enemies":"Orb Walker","floor":35.0,"turns":6.0},{"damage":2.0,"enemies":"3 Shapes","floor":36.0,"turns":10.0},{"damage":29.0,"enemies":"Reptomancer","floor":41.0,"turns":7.0},{"damage":14.0,"enemies":"Sphere and 2 Shapes","floor":44.0,"turns":10.0},{"damage":77,"enemies":"Maw","floor":45,"turns":9}],"seed_played":"2242025458256644813","potions_obtained":[{"floor":2.0,"key":"EntropicBrew"},{"floor":4.0,"key":"EssenceOfSteel"},{"floor":6.0,"key":"GamblersBrew"},{"floor":14.0,"key":"Fire Potion"},{"floor":16.0,"key":"Block Potion"},{"floor":24.0,"key":"Dexterity Potion"},{"floor":28.0,"key":"EssenceOfSteel"},{"floor":30.0,"key":"LiquidMemories"},{"floor":31.0,"key":"SmokeBomb"},{"floor":41.0,"key":"Fruit Juice"}],"is_trial":false,"path_per_floor":["M","M","?","M","$","E","M","M","T","?","R","M","?","M","R","B",null,"M","?","?","$","M","R","E","M","T","M","M","R","M","M","R","B",null,"M","M","?","?","?","R","E","R","T","M","M"],"character_chosen":"DEFECT","items_purchased":["Finesse","Swift Potion"],"campfire_rested":6,"item_purchase_floors":[5,21],"current_hp_per_floor":[57,56,56,53,53,17,14,13,13,13,37,29,29,29,29,6,62,56,56,56,56,46,70,68,21,21,11,1,25,21,20,44,21,66,60,58,58,58,58,77,48,71,71,64,0,0],"gold":252,"neow_bonus":"BOSS_RELIC","is_daily":false,"chose_seed":false,"campfire_upgraded":0,"win_rate":0.0,"timestamp":1608528413,"path_taken":["M","M","?","?","$","E","M","?","T","?","R","M","?","?","R","BOSS","M","?","?","$","M","R","E","M","T","M","M","R","M","M","R","BOSS","M","?","?","?","?","R","E","R","T","M","M"],"items_purchased_type":["Card","Potion"],"build_version":"2020-12-13","purchased_purges":1,"victory":false,"max_hp_per_floor":[71,71,71,71,71,81,81,81,81,81,81,81,81,81,81,81,81,81,81,81,81,81,81,81,81,81,81,81,81,81,81,81,81,81,81,81,81,81,77,77,77,77,77,77,77,77],"relic_stats":{"counters":[23,167],"Astrolabe":["Steam Power","Static Discharge","Creative AI"],"PreservedInsect":103,"obtain_stats":[{"Potion Belt":24,"SlaversCollar":17,"Pear":6,"Astrolabe":34,"Fusion Hammer":0,"PreservedInsect":9,"Cracked Core":0,"Unceasing Top":26,"Mercury Hourglass":41},{"Potion Belt":12,"SlaversCollar":9,"Pear":4,"Astrolabe":18,"Fusion Hammer":0,"PreservedInsect":6,"Cracked Core":0,"Unceasing Top":13,"Mercury Hourglass":21},{"Potion Belt":66,"SlaversCollar":45,"Pear":16,"Astrolabe":125,"Fusion Hammer":0,"PreservedInsect":24,"Cracked Core":0,"Unceasing Top":72,"Mercury Hourglass":148}],"Unceasing Top":[2],"Mercury Hourglass":[84]},"card_choices":[{"not_picked":["Stack","Gash"],"picked":"Sweeping Beam","floor":1.0},{"not_picked":["Streamline","Lockon"],"picked":"Reprogram","floor":2.0},{"not_picked":["Chill","Cold Snap"],"picked":"Genetic Algorithm","floor":4.0},{"not_picked":["Fission","Glacier"],"picked":"Reinforced Body","floor":6.0},{"not_picked":["Redo","Coolheaded"],"picked":"Steam","floor":7.0},{"not_picked":["Turbo","Stack"],"picked":"Beam Cell","floor":8.0},{"not_picked":["Scrape","Beam Cell"],"picked":"Undo","floor":12.0},{"not_picked":["Darkness","Ball Lightning"],"picked":"Scrape","floor":14.0},{"not_picked":["Multi-Cast","Reboot"],"picked":"Machine Learning","floor":16.0},{"not_picked":["Compile Driver","Loop+1"],"picked":"Reinforced Body","floor":18.0},{"not_picked":["Loop","Redo"],"picked":"White Noise","floor":22.0},{"not_picked":["Ball Lightning","Turbo"],"picked":"Rebound","floor":24.0},{"not_picked":["Beam Cell","Barrage"],"picked":"Undo+1","floor":25.0},{"not_picked":["Compile Driver+1","Coolheaded","Sunder"],"picked":"SKIP","floor":27.0},{"not_picked":["Leap","BootSequence+1"],"picked":"Rebound","floor":28.0},{"not_picked":["Coolheaded","Compile Driver"],"picked":"Skim","floor":30.0},{"not_picked":["Streamline","Fission","Compile Driver"],"picked":"SKIP","floor":31.0},{"not_picked":["Seek","Amplify"],"picked":"Hyperbeam","floor":33.0},{"not_picked":["Consume","Compile Driver"],"picked":"Undo+1","floor":36.0},{"not_picked":["Redo","Steam Power"],"picked":"Self Repair","floor":41.0},{"not_picked":["Hologram","Scrape"],"picked":"Reprogram","floor":44.0}],"player_experience":1367700,"relics_obtained":[{"floor":6.0,"key":"Pear"},{"floor":9.0,"key":"PreservedInsect"},{"floor":24.0,"key":"Potion Belt"},{"floor":26.0,"key":"Unceasing Top"},{"floor":41.0,"key":"Mercury Hourglass"}],"event_choices":[{"damage_healed":0.0,"max_hp_gain":0.0,"max_hp_loss":0.0,"gold_gain":0.0,"event_name":"Accursed Blacksmith","player_choice":"Forge","floor":3.0,"gold_loss":0.0,"damage_taken":0.0,"cards_upgraded":["Reprogram"]},{"damage_healed":0.0,"max_hp_gain":0.0,"max_hp_loss":0.0,"gold_gain":0.0,"event_name":"Shining Light","player_choice":"Ignored","floor":10.0,"gold_loss":0.0,"damage_taken":0.0},{"damage_healed":0.0,"max_hp_gain":0.0,"max_hp_loss":0.0,"gold_gain":0.0,"event_name":"FaceTrader","player_choice":"Leave","floor":13.0,"gold_loss":0.0,"damage_taken":0.0},{"damage_healed":0.0,"max_hp_gain":0.0,"max_hp_loss":0.0,"gold_gain":0.0,"event_name":"Back to Basics","player_choice":"Simplicity","floor":19.0,"gold_loss":0.0,"damage_taken":0.0,"cards_upgraded":["Strike_B","Strike_B","Strike_B","Strike_B","Defend_B","Defend_B","Defend_B","Defend_B"]},{"cards_removed":["Dualcast"],"damage_healed":0.0,"max_hp_gain":0.0,"max_hp_loss":0.0,"gold_gain":0.0,"event_name":"Designer","player_choice":"Upgrade and Remove","floor":20.0,"gold_loss":110.0,"damage_taken":0.0,"cards_upgraded":["Genetic Algorithm"]},{"damage_healed":0.0,"max_hp_gain":0.0,"max_hp_loss":0.0,"gold_gain":0.0,"event_name":"Mysterious Sphere","player_choice":"Ignored","floor":37.0,"gold_loss":0.0,"damage_taken":0.0},{"cards_removed":["Defend_B"],"damage_healed":0.0,"max_hp_gain":0.0,"max_hp_loss":0.0,"gold_gain":0.0,"event_name":"Falling","player_choice":"Removed Skill","floor":38.0,"gold_loss":0.0,"damage_taken":0.0},{"damage_healed":0.0,"max_hp_gain":0.0,"max_hp_loss":4.0,"gold_gain":0.0,"event_name":"Winding Halls","player_choice":"Max HP","floor":39.0,"gold_loss":0.0,"damage_taken":0.0}],"is_beta":false,"boss_relics":[{"not_picked":["SacredBark","Coffee Dripper"],"picked":"SlaversCollar"},{"not_picked":["Sozu","Pandora\u0027s Box"],"picked":"Astrolabe"}],"items_purged_floors":[21],"is_endless":false,"potions_floor_spawned":[2,4,6,14,16,24,28,30,31,35,41],"killed_by":"Maw","ascension_level":20}}