{"host":"337p6miwxbqfki03","time":1608568867,"event":{"mods":["BaseMod","Better Third Choice","Colored Map","Conspire","Downfall","Hermit","Hubris","Minty Spire (QoL Compilation)","Replay The Spire","StSLib","The Cursed","The Necromancer","The Poker Player","The Sage","The Valiant","Unceasing Turn Reminder"],"gold_per_floor":[118,138,138,151,170,197,197,217,244,270,270,235,235,235,270,22,22,126,126,138,167,167,167,0,0,0,0,0],"floor_reached":27,"playtime":1366,"items_purged":[],"score":213,"play_id":"52c8dc73-1889-4dd8-bb0e-e0fe033d94cb","local_time":"20201221104107","is_ascension_mode":false,"campfire_choices":[{"floor":7,"key":"REST"},{"floor":17,"key":"DIG"},{"floor":25,"key":"REST"}],"circlet_count":0,"master_deck":["hermit:Strike_Hermit","hermit:Strike_Hermit","hermit:Strike_Hermit","hermit:Strike_Hermit","hermit:Defend_Hermit","hermit:Defend_Hermit+1","hermit:Defend_Hermit","hermit:Defend_Hermit+1","hermit:Snapshot","hermit:Covet","hermit:Snipe","hermit:Combo","hermit:SprayPray","hermit:Roulette","hermit:DeadOrAlive","hermit:LowProfile","hermit:Virtue","hermit:Deadeye","hermit:Maintenance","hermit:TakeAim","hermit:BlackWind","hermit:FatalDesire","hermit:Coalescence+1","hermit:NoHoldsBarred+1","hermit:Gestalt"],"relics":["hermit:Momento","NeowsBlessing","War Paint","Dream Catcher","PreservedInsect","Pear","Cursed Key","hubris:CrystalStatue","MutagenicStrength"],"acts_visited":["Exordium","TheCity"],"potions_floor_usage":[],"damage_taken":[{"damage":0,"enemies":"2 Louse","floor":1,"turns":1},{"damage":0,"enemies":"Cultist","floor":2,"turns":1},{"damage":0,"enemies":"Jaw Worm","floor":4,"turns":1},{"damage":2,"enemies":"3 Louse","floor":5,"turns":4},{"damage":40,"enemies":"Lagavulin","floor":6,"turns":8},{"damage":10,"enemies":"Large Slime","floor":8,"turns":4},{"damage":10,"enemies":"Looter","floor":10,"turns":3},{"damage":5,"enemies":"2 Fungi Beasts","floor":15,"turns":3},{"damage":35,"enemies":"Slime Boss","floor":18,"turns":6},{"damage":2,"enemies":"Chosen","floor":20,"turns":6},{"damage":66,"enemies":"3 Byrds","floor":21,"turns":7},{"damage":46,"enemies":"Gremlin Leader","floor":27,"turns":3}],"seed_played":"-5418564875040075323","potions_obtained":[{"floor":3,"key":"Languid Potion"},{"floor":3,"key":"SkillPotion"},{"floor":3,"key":"Guardian:BlockOnCardUsePotion"},{"floor":4,"key":"champ:CounterPotion"},{"floor":6,"key":"LifebloodPotion"}],"is_trial":false,"path_per_floor":["M","M","?","M","M","E","R","M","T","M","T","?","PTL","PTL","M","$","R_BF","B",null,"M","M","?","?","?","R","?","E"],"character_chosen":"HERMIT","items_purchased":["hermit:Maintenance","hermit:TakeAim","hermit:BlackWind"],"campfire_rested":2,"item_purchase_floors":[16,16,16],"current_hp_per_floor":[75,75,75,75,73,33,55,45,45,35,35,53,53,53,48,48,58,23,85,83,17,17,17,17,42,42,0,0],"gold":0,"neow_bonus":"THREE_ENEMY_KILL","is_daily":false,"chose_seed":false,"campfire_upgraded":0,"win_rate":0.0,"timestamp":1608568867,"path_taken":["M","M","?","?","?","E","R","M","T","M","?","?","PTL","PTL","M","$","R_BF","BOSS","M","M","?","?","?","R","?","E"],"items_purchased_type":["Card","Card","Card"],"build_version":"2020-12-13","purchased_purges":0,"victory":false,"max_hp_per_floor":[75,75,75,75,75,75,75,75,75,75,75,75,75,75,75,75,85,85,85,85,85,85,85,85,85,85,85,85],"card_choices":[{"not_picked":["hermit:WideOpen","hermit:LowProfile"],"picked":"hermit:Snipe","floor":1},{"not_picked":["hermit:HighCaliber","hermit:Deadeye"],"picked":"hermit:Combo","floor":2},{"not_picked":["hermit:Malice","hermit:HighCaliber"],"picked":"hermit:SprayPray","floor":4},{"not_picked":["hermit:Headshot","hermit:WideOpen"],"picked":"hermit:Roulette","floor":5},{"not_picked":["hermit:BodyArmor","hermit:SprayPray"],"picked":"hermit:DeadOrAlive","floor":6},{"not_picked":["hermit:Malice","hermit:Snipe"],"picked":"hermit:LowProfile","floor":8},{"not_picked":["hermit:HoleUp","hermit:Brawl"],"picked":"hermit:Virtue","floor":10},{"not_picked":["hermit:CalledShot","hermit:NoHoldsBarred"],"picked":"hermit:Deadeye","floor":15},{"not_picked":["hermit:DeadOrAlive","hermit:Reprieve"],"picked":"hermit:FatalDesire","floor":18},{"not_picked":["hermit:BodyArmor","hermit:HighCaliber"],"picked":"hermit:Coalescence+1","floor":20},{"not_picked":["hermit:Dive","hermit:Desperado"],"picked":"hermit:NoHoldsBarred+1","floor":21},{"not_picked":["hermit:LuckOfTheDraw+1","hermit:LowProfile+1"],"picked":"hermit:Gestalt","floor":25}],"player_experience":128641,"relics_obtained":[{"floor":6,"key":"War Paint"},{"floor":9,"key":"Dream Catcher"},{"floor":11,"key":"PreservedInsect"},{"floor":17,"key":"Pear"}],"event_choices":[{"damage_healed":0,"gold_gain":0,"player_choice":"Got Potions","damage_taken":0,"max_hp_gain":0,"max_hp_loss":0,"event_name":"Lab","floor":3,"gold_loss":0},{"damage_healed":18,"gold_gain":0,"player_choice":"Healed","damage_taken":0,"max_hp_gain":0,"max_hp_loss":0,"event_name":"The Cleric","floor":12,"gold_loss":35},{"damage_healed":0,"gold_gain":0,"player_choice":"Stole Relic","damage_taken":0,"relics_obtained":["hubris:CrystalStatue"],"max_hp_gain":0,"max_hp_loss":0,"event_name":"Addict","floor":22,"gold_loss":0,"cards_obtained":["Shame"]},{"damage_healed":0,"gold_gain":0,"player_choice":"Inject Mutagens","damage_taken":0,"relics_obtained":["MutagenicStrength"],"max_hp_gain":0,"max_hp_loss":0,"event_name":"Drug Dealer","floor":23,"gold_loss":0},{"damage_healed":0,"gold_gain":0,"player_choice":"Paid Fearfully","damage_taken":0,"max_hp_gain":0,"max_hp_loss":0,"event_name":"Masked Bandits","floor":24,"gold_loss":167},{"cards_removed":["Shame"],"damage_healed":0,"gold_gain":0,"player_choice":"Removed Curses","damage_taken":0,"max_hp_gain":0,"max_hp_loss":0,"event_name":"Fountain of Cleansing","floor":26,"gold_loss":0}],"is_beta":false,"boss_relics":[{"not_picked":["SacredBark","Honey Jar"],"picked":"Cursed Key"}],"items_purged_floors":[],"is_endless":false,"potions_floor_spawned":[4,5,6,18],"killed_by":"Gremlin Leader","ascension_level":0}}