{"host":"vyt5ne9ydo1z9gg1","time":1608555873,"event":{"mods":["BaseMod","Curses Come First","DeckTracker","GifTheSpireLib","Minty Spire (QoL Compilation)","StSLib"],"gold_per_floor":[115,127,140,154,171,171,181,206,206,239,239,266,89,99,99,204,204,224,239,253,272,17,17,30,30,77,104,121,121,155,174,174,275,275,290,300,300,320,374,399,399,415,442,475,475,486,486,513,513,513],"floor_reached":51,"playtime":3638,"items_purged":["Strike_R"],"score":1031,"play_id":"0a9cd01b-8f82-437f-9242-a58c6c18cb3f","local_time":"20201222000433","is_ascension_mode":true,"campfire_choices":[{"data":"Bash","floor":6.0,"key":"SMITH"},{"floor":11.0,"key":"REST"},{"floor":15.0,"key":"REST"},{"floor":23,"key":"DIG"},{"floor":25,"key":"DIG"},{"floor":32,"key":"DIG"},{"floor":41,"key":"RECALL"},{"floor":45,"key":"REST"},{"data":"Flame Barrier","floor":49,"key":"SMITH"}],"circlet_count":0,"master_deck":["Bash+1","Shockwave","Reaper","Twin Strike","Cleave","Body Slam","Rupture","Inflame+1","Entrench","Metallicize+1","Rampage","Inflame+1","Feed","Shrug It Off","Thunderclap","Hemokinesis+1","Seeing Red","Dual Wield","Burning Pact","Bloodletting+1","Flame Barrier+1","Reaper","Immolate","Dark Embrace+1","Fiend Fire","Impervious","Disarm","Rupture+1","Iron Wave","Evolve+1","Metallicize+1","Thunderclap+1","Barricade+1","Armaments+1","Corruption+1","Impervious","Iron Wave+1"],"relics":["Burning Blood","Omamori","Shovel","Frozen Egg 2","Ancient Tea Set","Bottled Lightning","Calling Bell","Thread and Needle","Eternal Feather","Bag of Marbles","Pantograph","Matryoshka","Mummified Hand","Art of War","Sundial","Nloth\u0027s Gift","Bottled Flame","The Courier","Pandora\u0027s Box","Mango","PreservedInsect","Red Skull","Bronze Scales","Molten Egg 2","HornCleat"],"acts_visited":["Exordium","TheCity","TheBeyond"],"potions_floor_usage":[20,20,20,21,27,30,33,37,39,40,50,50],"damage_taken":[{"damage":1.0,"enemies":"Cultist","floor":1.0,"turns":3.0},{"damage":7.0,"enemies":"Small Slimes","floor":2.0,"turns":3.0},{"damage":9.0,"enemies":"2 Louse","floor":3.0,"turns":3.0},{"damage":30.0,"enemies":"Large Slime","floor":4.0,"turns":9.0},{"damage":16.0,"enemies":"Looter","floor":5.0,"turns":3.0},{"damage":20.0,"enemies":"2 Fungi Beasts","floor":7.0,"turns":3.0},{"damage":20.0,"enemies":"Gremlin Nob","floor":8.0,"turns":4.0},{"damage":40.0,"enemies":"3 Sentries","floor":10.0,"turns":8.0},{"damage":25.0,"enemies":"Lagavulin","floor":12.0,"turns":6.0},{"damage":11.0,"enemies":"Red Slaver","floor":14.0,"turns":4.0},{"damage":29.0,"enemies":"Hexaghost","floor":16.0,"turns":8.0},{"damage":50.0,"enemies":"3 Byrds","floor":18.0,"turns":7.0},{"damage":39,"enemies":"2 Thieves","floor":19,"turns":5},{"damage":22,"enemies":"Snake Plant","floor":20,"turns":5},{"damage":5,"enemies":"Snecko","floor":21,"turns":4},{"damage":8,"enemies":"3 Cultists","floor":24,"turns":5},{"damage":37,"enemies":"Slavers","floor":27,"turns":9},{"damage":38,"enemies":"Sentry and Sphere","floor":28,"turns":7},{"damage":34,"enemies":"Gremlin Leader","floor":30,"turns":8},{"damage":4,"enemies":"Chosen and Byrds","floor":31,"turns":4},{"damage":116,"enemies":"Automaton","floor":33,"turns":11},{"damage":20,"enemies":"3 Darklings","floor":35,"turns":6},{"damage":27,"enemies":"3 Shapes","floor":36,"turns":4},{"damage":2,"enemies":"Transient","floor":37,"turns":2},{"damage":20,"enemies":"3 Darklings","floor":38,"turns":4},{"damage":32,"enemies":"2 Orb Walkers","floor":39,"turns":4},{"damage":36,"enemies":"Nemesis","floor":40,"turns":13},{"damage":35,"enemies":"Spire Growth","floor":42,"turns":4},{"damage":58,"enemies":"Giant Head","floor":44,"turns":8},{"damage":5,"enemies":"Maw","floor":46,"turns":7},{"damage":47,"enemies":"Nemesis","floor":48,"turns":7},{"damage":113,"enemies":"Time Eater","floor":50,"turns":12}],"seed_played":"-2727887777851577541","potions_obtained":[{"floor":1.0,"key":"ColorlessPotion"},{"floor":4.0,"key":"Regen Potion"},{"floor":5.0,"key":"Energy Potion"},{"floor":7.0,"key":"Block Potion"},{"floor":10.0,"key":"SkillPotion"},{"floor":14.0,"key":"GamblersBrew"},{"floor":19,"key":"EntropicBrew"},{"floor":24,"key":"SmokeBomb"},{"floor":28,"key":"BlessingOfTheForge"},{"floor":31,"key":"Ancient Potion"},{"floor":35,"key":"DistilledChaos"},{"floor":39,"key":"SkillPotion"},{"floor":46,"key":"DuplicationPotion"},{"floor":48,"key":"AttackPotion"}],"is_trial":false,"path_per_floor":["M","M","M","M","M","R","M","E","T","E","R","E","$","M","R","B",null,"M","M","M","M","$","R","M","R","T","E","M","?","E","M","R","B",null,"M","M","M","M","?","E","R","M","T","E","R","M","?","E","R","B",null],"character_chosen":"IRONCLAD","items_purchased":["Metallicize+1","Rampage","Pantograph"],"campfire_rested":3,"item_purchase_floors":[13,13,22],"current_hp_per_floor":[80,79,76,60,56,56,42,44,44,22,46,36,36,41,65,42,80,49,34,34,38,38,53,78,89,89,77,45,45,42,59,77,18,92,81,93,95,84,87,63,84,58,58,28,84,104,104,63,84,55],"gold":513,"neow_bonus":"RANDOM_COMMON_RELIC","is_daily":false,"chose_seed":false,"campfire_upgraded":2,"win_rate":0.0,"timestamp":1608555873,"path_taken":["M","M","M","M","M","R","M","E","T","E","R","E","$","?","R","BOSS","M","M","M","M","?","R","?","R","T","E","M","?","E","?","R","BOSS","M","M","M","M","?","E","R","M","T","E","R","M","?","E","R","BOSS"],"items_purchased_type":["Card","Card","Relic"],"build_version":"2020-12-13","purchased_purges":1,"victory":true,"max_hp_per_floor":[80,80,80,80,80,80,80,80,80,80,80,80,80,80,80,80,80,83,83,83,86,86,86,89,89,89,92,92,92,92,92,92,92,92,95,95,95,98,112,116,116,119,119,119,119,119,119,119,119,119],"card_choices":[{"not_picked":["Havoc","True Grit"],"picked":"Shockwave","floor":1.0},{"not_picked":["Headbutt","Wild Strike","Flex"],"picked":"SKIP","floor":2.0},{"not_picked":["Heavy Blade","Flex"],"picked":"Reaper","floor":3.0},{"not_picked":["Heavy Blade","Sword Boomerang"],"picked":"Twin Strike","floor":4.0},{"not_picked":["Twin Strike","Combust"],"picked":"Cleave","floor":5.0},{"not_picked":["Disarm","Intimidate"],"picked":"Body Slam","floor":7.0},{"not_picked":["Bloodletting","Shockwave"],"picked":"Rupture","floor":8.0},{"not_picked":["Evolve+1","Ghostly Armor"],"picked":"Inflame+1","floor":10.0},{"not_picked":["Blood for Blood","Anger"],"picked":"Entrench","floor":12.0},{"not_picked":["Double Tap","Warcry"],"picked":"Inflame+1","floor":14.0},{"not_picked":["Berserk+1","Exhume"],"picked":"Feed","floor":16.0},{"not_picked":["Dropkick","Heavy Blade"],"picked":"Shrug It Off","floor":18.0},{"not_picked":["Infernal Blade","Dark Embrace+1"],"picked":"Thunderclap","floor":19},{"not_picked":["Wild Strike","Clothesline"],"picked":"Hemokinesis+1","floor":20},{"not_picked":["Pummel","Clothesline+1"],"picked":"Seeing Red","floor":21},{"not_picked":["Immolate","Wild Strike+1"],"picked":"Dual Wield","floor":24},{"not_picked":["Sever Soul","Infernal Blade+1"],"picked":"Burning Pact","floor":27},{"not_picked":["Seeing Red","Pommel Strike"],"picked":"Bloodletting+1","floor":28},{"not_picked":["Spot Weakness+1","Havoc"],"picked":"Flame Barrier","floor":30},{"not_picked":["Pommel Strike+1","Heavy Blade"],"picked":"Reaper","floor":31},{"not_picked":["Fiend Fire","Bludgeon"],"picked":"Immolate","floor":33},{"not_picked":["Sword Boomerang+1","Wild Strike+1"],"picked":"Metallicize+1","floor":35},{"not_picked":["Havoc+1","Twin Strike+1"],"picked":"Thunderclap+1","floor":36},{"not_picked":["Shrug It Off","Dark Embrace+1"],"picked":"Barricade+1","floor":38},{"not_picked":["Combust+1","Flame Barrier"],"picked":"Armaments+1","floor":39},{"not_picked":["Heavy Blade+1","Hemokinesis"],"picked":"Corruption+1","floor":40},{"not_picked":["Twin Strike","Clash","Heavy Blade"],"picked":"SKIP","floor":42},{"not_picked":["Shockwave","Double Tap"],"picked":"Impervious","floor":44},{"not_picked":["Shrug It Off","Burning Pact","Clothesline+1"],"picked":"SKIP","floor":46},{"not_picked":["Entrench","Pommel Strike+1"],"picked":"Iron Wave+1","floor":48}],"player_experience":110370,"relics_obtained":[{"floor":8.0,"key":"Shovel"},{"floor":9.0,"key":"Frozen Egg 2"},{"floor":10.0,"key":"Ancient Tea Set"},{"floor":12.0,"key":"Bottled Lightning"},{"floor":17.0,"key":"Thread and Needle"},{"floor":17.0,"key":"Eternal Feather"},{"floor":17.0,"key":"Bag of Marbles"},{"floor":23,"key":"Matryoshka"},{"floor":25,"key":"Mummified Hand"},{"floor":26,"key":"Art of War"},{"floor":26,"key":"MealTicket"},{"floor":27,"key":"Sundial"},{"floor":30,"key":"Bottled Flame"},{"floor":32,"key":"The Courier"},{"floor":39,"key":"Mango"},{"floor":40,"key":"PreservedInsect"},{"floor":43,"key":"Red Skull"},{"floor":43,"key":"Bronze Scales"},{"floor":44,"key":"Molten Egg 2"},{"floor":48,"key":"HornCleat"}],"event_choices":[{"damage_healed":0,"gold_gain":0,"player_choice":"Traded Relic","damage_taken":0,"relics_obtained":["Nloth\u0027s Gift"],"max_hp_gain":0,"max_hp_loss":0,"event_name":"N\u0027loth","floor":29,"relics_lost":["MealTicket"],"gold_loss":0},{"damage_healed":0,"gold_gain":0,"player_choice":"Fight","damage_taken":0,"max_hp_gain":0,"max_hp_loss":0,"event_name":"Mysterious Sphere","floor":39,"gold_loss":0},{"cards_removed":["Dual Wield"],"damage_healed":0,"gold_gain":0,"player_choice":"Removed Skill","damage_taken":0,"max_hp_gain":0,"max_hp_loss":0,"event_name":"Falling","floor":47,"gold_loss":0}],"is_beta":false,"boss_relics":[{"not_picked":["Empty Cage","Velvet Choker"],"picked":"Calling Bell"},{"not_picked":["Black Star","SlaversCollar"],"picked":"Pandora\u0027s Box"}],"items_purged_floors":[13],"is_endless":false,"potions_floor_spawned":[1,4,5,7,10,14,19,24,28,31,35,39,46,48],"ascension_level":4}}