{"host":"1qw5suc8h0lmr1yi","time":1608551294,"event":{"mods":["2.2 Compatiblity","Act Like it!","BaseMod","Better Note","BetterRewards","Block Reminder","Colored Map","Custom Start","DeckTracker","GifTheSpireLib","Highlight Path","Hubris","Infinite Spire","Melee Mod","Mimic Mod","Minty Spire (QoL Compilation)","Quick Restart","Rare Cards Sparkle","Replay The Spire","Robot Space Explorer","Say the Spire","Shop Mod","StSLib","SuperFastMode","Td1madao Mod","The Animator","The Cursed","The Disciple","The Edgeheg","The Factory","The Jungle"],"gold_per_floor":[117,136,136,149,166,166,195,195,195,195,210,222,222,4,4,101,101,114,128,128,128,142,142,171,271,271,283,283,300,300,300,300,398,398,418,25,45,63,63,63],"floor_reached":39,"playtime":3138,"items_purged":[],"score":448,"play_id":"bf51cfef-534a-4f43-9a3e-b5e182f93d37","local_time":"20201221034814","is_ascension_mode":true,"campfire_choices":[{"data":"infinitespire:OneForAll","floor":6,"key":"SMITH"},{"floor":8,"key":"REST"},{"floor":10,"key":"RECALL"},{"floor":15,"key":"REST"},{"data":"Armaments","floor":23,"key":"SMITH"},{"data":"Berserk","floor":28,"key":"SMITH"},{"data":"Dark Embrace","floor":30,"key":"SMITH"},{"floor":32,"key":"REST"}],"circlet_count":0,"master_deck":["Strike_R","Strike_R","Strike_R","Strike_R","Strike_R","Run Through","infinitespire:OneForAll+1","Fire Breathing","Flame Barrier","Cleave","hubris:SharpeningStone","ReplayTheSpireMod:Stacked","Blood for Blood","Berserk+1","Impervious","Dark Embrace+1","Replay:Undeath\u0027s Touch","theJungle:Gourd","theJungle:Gourd","theJungle:Gourd","theJungle:Gourd","theJungle:Gourd","Armaments+1","Body Slam","infinitespire:Gouge","Double Tap","Feel No Pain","True Grit","True Grit","Feel No Pain"],"relics":["Burning Blood","Ornamental Fan","Nunchaku","MerchantsRug","Busted Crown","infinitespire:CheckeredPen","Blue Candle","Singing Bowl","ChewingGum","Magic Flower"],"acts_visited":["Exordium","Exordium","TheBeyond"],"potions_floor_usage":[5,16,19,27,33,33,33,39],"damage_taken":[{"damage":0,"enemies":"2 Louse","floor":1,"turns":3},{"damage":0,"enemies":"Small Slimes","floor":2,"turns":3},{"damage":6,"enemies":"Jaw Worm","floor":4,"turns":3},{"damage":11,"enemies":"3 Louse","floor":5,"turns":6},{"damage":19,"enemies":"3 Sentries","floor":7,"turns":6},{"damage":15,"enemies":"Exordium Wildlife","floor":11,"turns":6},{"damage":16,"enemies":"Lots of Slimes","floor":12,"turns":4},{"damage":20,"enemies":"Slime Boss","floor":16,"turns":12},{"damage":11,"enemies":"theJungle:MUSHROOMGANG","floor":18,"turns":6},{"damage":20,"enemies":"theJungle:GiantWrat","floor":19,"turns":5},{"damage":12,"enemies":"theJungle:SlimyTreeVines","floor":22,"turns":7},{"damage":16,"enemies":"Nightmare","floor":24,"turns":13},{"damage":3,"enemies":"theJungle:JungleHuntersEncounter","floor":27,"turns":8},{"damage":9,"enemies":"Snake Plant","floor":29,"turns":3},{"damage":50,"enemies":"theJungle:QueenSpyder","floor":33,"turns":20},{"damage":39,"enemies":"3 Shapes","floor":35,"turns":4},{"damage":16,"enemies":"3 Darklings","floor":37,"turns":7},{"damage":28,"enemies":"Jaw Worm Horde","floor":38,"turns":5},{"damage":47,"enemies":"Spire Growth","floor":39,"turns":4}],"seed_played":"-6157489730056567576","potions_obtained":[{"floor":1,"key":"Swift Potion"},{"floor":5,"key":"Flashbang"},{"floor":11,"key":"Elixir"},{"floor":18,"key":"Weak Potion"},{"floor":22,"key":"SpeedPotion"},{"floor":24,"key":"Death Potion"},{"floor":29,"key":"SpeedPotion"},{"floor":35,"key":"FearPotion"},{"floor":38,"key":"Dexterity Potion"}],"is_trial":false,"path_per_floor":["M","M","?","M","M","R","E","R","T","R","M","M","?","$","R","B",null,"M","M","?","T","M","R","NM","?","T","M","R","M","R","?","R","B",null,"M","$","M","M","M"],"character_chosen":"IRONCLAD","items_purchased":["MerchantsRug","Berserk","Magic Flower","Feel No Pain","True Grit"],"campfire_rested":3,"item_purchase_floors":[14,14,36,36,36],"current_hp_per_floor":[80,80,55,55,50,50,37,61,61,61,52,42,42,42,66,52,80,75,61,61,61,61,61,51,46,46,51,51,50,50,28,53,9,84,53,53,46,29,0,0],"gold":63,"neow_bonus":"UPGRADE_CARD","is_daily":false,"chose_seed":false,"campfire_upgraded":4,"win_rate":0.0,"timestamp":1608551294,"path_taken":["M","M","?","M","M","R","E","R","T","R","M","M","?","$","R","BOSS","M","M","?","?","M","R","NM","?","T","M","R","?","R","?","R","BOSS","M","$","M","M","M"],"items_purchased_type":["Relic","Card","Relic","Card","Card"],"build_version":"2020-12-13","purchased_purges":0,"victory":false,"max_hp_per_floor":[80,80,80,80,80,80,80,80,80,80,80,80,80,80,80,80,80,80,80,80,80,80,80,80,80,80,82,82,84,84,84,84,84,84,86,86,86,88,88,88],"card_choices":[{"not_picked":["Shrug It Off","Pommel Strike"],"picked":"Run Through","floor":1},{"not_picked":["Clothesline","Perfected Strike"],"picked":"infinitespire:OneForAll","floor":2},{"not_picked":["Flex","Metallicize"],"picked":"Fire Breathing","floor":4},{"not_picked":["Run Through","Defy Death"],"picked":"Flame Barrier","floor":5},{"not_picked":["Clash","Thunderclap"],"picked":"Cleave","floor":7},{"not_picked":["Massacre","Searing Blow"],"picked":"hubris:SharpeningStone","floor":11},{"not_picked":["Heavy Blade","Sword Boomerang"],"picked":"ReplayTheSpireMod:Stacked","floor":12},{"not_picked":["Limit Break","Bludgeon"],"picked":"Impervious","floor":16},{"not_picked":[],"picked":"Dark Embrace","floor":18},{"not_picked":[],"picked":"Replay:Undeath\u0027s Touch","floor":19},{"not_picked":[],"picked":"Armaments","floor":22},{"not_picked":[],"picked":"Body Slam","floor":24},{"not_picked":["Clothesline"],"picked":"Singing Bowl","floor":27},{"not_picked":["Wild Strike"],"picked":"Singing Bowl","floor":29},{"not_picked":["infinitespire:Fortify","Replay:Fractal Strike"],"picked":"infinitespire:Gouge","floor":31},{"not_picked":[],"picked":"Double Tap","floor":33},{"not_picked":["Body Slam"],"picked":"Singing Bowl","floor":35},{"not_picked":[],"picked":"Feel No Pain","floor":37},{"not_picked":["Thunderclap"],"picked":"Singing Bowl","floor":38}],"player_experience":121568,"relics_obtained":[{"floor":7,"key":"Nunchaku"},{"floor":21,"key":"infinitespire:CheckeredPen"},{"floor":24,"key":"Blue Candle"},{"floor":26,"key":"Singing Bowl"}],"event_choices":[{"damage_healed":0,"gold_gain":0,"player_choice":"Success","damage_taken":25,"relics_obtained":["Ornamental Fan"],"max_hp_gain":0,"max_hp_loss":0,"event_name":"Scrap Ooze","floor":3,"gold_loss":0},{"damage_healed":0,"gold_gain":0,"cards_transformed":["Bash"],"player_choice":"Change","damage_taken":0,"max_hp_gain":0,"max_hp_loss":0,"event_name":"Living Wall","floor":13,"gold_loss":0,"cards_obtained":["Blood for Blood"]}],"is_beta":false,"boss_relics":[{"not_picked":["Snecko Eye","Calling Bell"],"picked":"Busted Crown"},{"not_picked":["Astrolabe","hubris:VirtuousBlindfold"],"picked":"ChewingGum"}],"items_purged_floors":[],"is_endless":true,"potions_floor_spawned":[1,5,11,18,22,24,29,35,38],"killed_by":"Spire Growth","ascension_level":1}}