{"host":"709gjpjg43u3i5a8","time":1608513833,"event":{"mods":["BaseMod","Colored Map","Colored Powertips","Downfall","Hermit","Hubris","Infinite Spire","Marisa????????","Minty Spire (QoL Compilation)","Remilia??????","StSLib","Td1madao Mod","The Animator","The Bug Knight","The Cursed","The Disciple","The Hierophant","The Jungle","The Servant 0.9.4"],"gold_per_floor":[99,99,124,124,124,152,152,152,168,168,168,168,179,89,105,210,210,210,210,228,228,228,378,378,395,415,445,462,462,42,54,69,174,174,174,187,207,258,258,303,329,347,375,375,402,417,517,528,546,643,643,418,428,458,458,633,633,633],"floor_reached":57,"playtime":5055,"items_purged":["champ:Strike"],"score":922,"play_id":"4b89dddb-9b87-4996-ad76-b2e59431c936","local_time":"20201220182353","is_ascension_mode":false,"campfire_choices":[{"data":"champ:Taunt","floor":1,"key":"SMITH"},{"data":"hubris:Fate","floor":8,"key":"SMITH"},{"data":"champ:Lariat","floor":10,"key":"SMITH"},{"data":"champ:Devastate","floor":18,"key":"SMITH"},{"data":"infinitespire:Execution","floor":21,"key":"SMITH"},{"floor":35,"key":"RECALL"},{"data":"champ:Shatter","floor":39,"key":"SMITH"},{"data":"champ:CalledShot","floor":44,"key":"SMITH"},{"data":"champ:StanceDance","floor":52,"key":"SMITH"},{"data":"champ:BerserkerStyle","floor":55,"key":"SMITH"}],"circlet_count":0,"master_deck":["champ:Strike","champ:Strike","champ:Strike","champ:Defend","champ:Defend","champ:Defend","champ:Defend","champ:Execute","champ:Taunt+1","champ:ViciousMockery","champ:Lariat+1","hubris:Fate+1","champ:GladiatorStyle","champ:BringItOn","champ:Circumvent","champ:StanceDance+1","champ:PerfectedStrike","champ:Devastate+1","infinitespire:Execution+1","champ:FanOfKnives","Writhe","champ:AdrenalArmor+1","champ:HeavySlash","champ:AdrenalArmor+1","champ:FocusedBerserking+1","champ:RapidStrikes","champ:BerserkersShout+1","champ:StrikeOfGenius","champ:Shatter+1","champ:Haymaker","champ:CalledShot+1","champ:RapidStrikes+1","champ:AdrenalArmor+1","infinitespire:Collect+1","champ:ShieldSlam","champ:Circumvent+1","champ:ShieldSlam","champ:Encircle","champ:BerserkerStyle+1","Doubt"],"relics":["champ:ChampionCrown","downfall:HeartsMalice","champ:DefensiveTrainingManual","Pocketwatch","HollowMod:LifeEnderRelic","hubris:GrandSneckoEye","Sling","TungstenRod","Toxic Egg 2","hubris:Reverence","downfall:RedIOU","PreservedInsect","infinitespire:WardingShard","Busted Crown","hubris:Potato","CatCart","hubris:SphereOfDissonance","Happy Flower","Unceasing Top","SlaversCollar","downfall:HeartBlessingRed","downfall:HeartBlessingGreen","downfall:HeartBlessingBlue"],"acts_visited":["Exordium","TheCity","TheBeyond","Exordium"],"potions_floor_usage":[25,47],"damage_taken":[{"damage":0,"enemies":"Jaw Worm","floor":2,"turns":1},{"damage":0,"enemies":"Gremlin Nob","floor":3,"turns":1},{"damage":0,"enemies":"Lagavulin","floor":6,"turns":1},{"damage":5,"enemies":"Small Slimes","floor":9,"turns":2},{"damage":0,"enemies":"2 Louse","floor":13,"turns":4},{"damage":9,"enemies":"downfall:FleeingMerchant","floor":14,"turns":4},{"damage":0,"enemies":"Exordium Wildlife","floor":15,"turns":2},{"damage":13,"enemies":"downfall:Watcher","floor":16,"turns":6},{"damage":0,"enemies":"Shell Parasite","floor":20,"turns":1},{"damage":30,"enemies":"Snake Plant","floor":25,"turns":4},{"damage":0,"enemies":"Cultist and Chosen","floor":26,"turns":3},{"damage":31,"enemies":"Nightmare","floor":27,"turns":6},{"damage":3,"enemies":"Shelled Parasite and Fungi","floor":28,"turns":3},{"damage":13,"enemies":"downfall:FleeingMerchant","floor":30,"turns":5},{"damage":7,"enemies":"Snake Plant","floor":31,"turns":2},{"damage":34,"enemies":"Centurion and Healer","floor":32,"turns":6},{"damage":30,"enemies":"downfall:Defect","floor":33,"turns":5},{"damage":39,"enemies":"3 Shapes","floor":36,"turns":3},{"damage":10,"enemies":"Orb Walker","floor":37,"turns":3},{"damage":41,"enemies":"2 Orb Walkers","floor":38,"turns":4},{"damage":0,"enemies":"Orin","floor":40,"turns":4},{"damage":0,"enemies":"Maw","floor":42,"turns":4},{"damage":6,"enemies":"Reptomancer","floor":43,"turns":6},{"damage":18,"enemies":"3 Darklings","floor":46,"turns":3},{"damage":0,"enemies":"infinitespire:Three Voidlings","floor":47,"turns":1},{"damage":74,"enemies":"Nightmare_Alpha","floor":47,"turns":7},{"damage":15,"enemies":"Sphere and 2 Shapes","floor":48,"turns":4},{"damage":23,"enemies":"Writhing Mass","floor":49,"turns":2},{"damage":0,"enemies":"downfall:Silent","floor":50,"turns":4},{"damage":11,"enemies":"Jaw Worm","floor":53,"turns":2},{"damage":0,"enemies":"3 Sentries","floor":54,"turns":1},{"damage":188,"enemies":"Nightmare_Alpha","floor":57,"turns":7}],"seed_played":"7106152014840867629","potions_obtained":[{"floor":6,"key":"champ:UltimateStancePotion"},{"floor":13,"key":"GamblersBrew"},{"floor":15,"key":"EssenceOfSteel"},{"floor":20,"key":"Dexterity Potion"},{"floor":25,"key":"EssenceOfSteel"},{"floor":28,"key":"hexamod:EctoCoolerPotion"},{"floor":31,"key":"EntropicBrew"},{"floor":37,"key":"DuplicationPotion"},{"floor":40,"key":"DuplicationPotion"},{"floor":47,"key":"sneckomod:MuddlingPotion"}],"is_trial":false,"path_per_floor":["R","M","E","?","?","E","T","R","M","R","?","T","M","$","M","B",null,"R","AVR","M","R","?","?","T","M","M","NM","M","?","$","M","M","B",null,"R","M","M","?","R","?","T","M","E","R","T","M","?","M","M","B",null,"R","M","E","R","?","NM"],"character_chosen":"THE_CHAMP","items_purchased":["PreservedInsect","infinitespire:WardingShard"],"campfire_rested":0,"item_purchase_floors":[30,30],"current_hp_per_floor":[90,90,90,90,68,68,68,68,68,68,68,68,68,68,68,60,90,90,90,90,90,90,90,90,77,77,83,80,80,90,90,95,95,95,95,94,95,95,95,95,95,95,95,95,95,95,84,91,81,95,95,105,105,105,105,105,0,0],"gold":633,"neow_bonus":"THREE_ENEMY_KILL","is_daily":false,"chose_seed":false,"campfire_upgraded":9,"win_rate":0.0,"timestamp":1608513833,"path_taken":["R","M","E","?","?","E","T","R","M","R","?","?","?","$","M","BOSS","R","AVR","M","R","?","?","T","?","M","NM","M","?","$","M","M","BOSS","R","M","M","?","R","?","T","M","E","R","?","M","?","M","M","BOSS","R","M","E","R","?","NM"],"items_purchased_type":["Relic","Relic"],"build_version":"2020-12-13","purchased_purges":1,"victory":false,"max_hp_per_floor":[90,90,90,90,90,90,90,90,90,90,90,90,90,90,90,90,90,90,90,90,90,90,90,90,90,90,90,90,90,90,90,95,95,95,95,95,95,95,95,95,95,95,95,95,95,95,95,95,95,95,95,105,105,105,105,105,105,105],"card_choices":[{"not_picked":["champ:Encircle","champ:Circumvent"],"picked":"champ:ViciousMockery","floor":2},{"not_picked":["champ:Haymaker","champ:GladiatorsShout"],"picked":"champ:Lariat","floor":3},{"not_picked":["infinitespire:Punishment","infinitespire:NeuralNetwork"],"picked":"hubris:Fate","floor":5},{"not_picked":["champ:Encircle","champ:ShieldSlam"],"picked":"champ:GladiatorStyle","floor":6},{"not_picked":["champ:StanceDance","champ:GladiatorsShout"],"picked":"champ:BringItOn","floor":9},{"not_picked":["champ:FlashCut","champ:DefensiveShout"],"picked":"champ:Circumvent","floor":13},{"not_picked":["champ:FocusedDefense","champ:BladeFlurry"],"picked":"champ:StanceDance","floor":14},{"not_picked":["champ:CrookedStrike","champ:AdrenalArmor"],"picked":"champ:PerfectedStrike","floor":15},{"not_picked":["champ:SteelEdge","champ:SwordThrow"],"picked":"champ:Devastate","floor":16},{"not_picked":["champ:DeathBlow","champ:CrookedStrike+1"],"picked":"champ:FanOfKnives","floor":20},{"not_picked":["champ:FaceSlap","champ:EndlessRage"],"picked":"champ:FightOn","floor":25},{"not_picked":["champ:Backstep+1","champ:DefensiveShout+1"],"picked":"champ:AdrenalArmor+1","floor":26},{"not_picked":["champ:AdrenalArmor+1","champ:Encircle+1"],"picked":"champ:HeavySlash","floor":27},{"not_picked":["champ:BerserkersShout+1","champ:BladeFlurry"],"picked":"champ:AdrenalArmor+1","floor":28},{"not_picked":["champ:PreciseThrust+1","champ:BladeFlurry"],"picked":"champ:FocusedBerserking+1","floor":30},{"not_picked":["champ:PerfectedStrike","champ:BladeFlurry"],"picked":"champ:RapidStrikes","floor":31},{"not_picked":["champ:StanceDance+1","champ:FanOfKnives"],"picked":"champ:BerserkersShout+1","floor":32},{"not_picked":["champ:ShieldThrow","champ:IgnorePain+1"],"picked":"champ:StrikeOfGenius","floor":33},{"not_picked":["champ:BringItOn+1"],"picked":"SKIP","floor":36},{"not_picked":[],"picked":"champ:Shatter","floor":37},{"not_picked":[],"picked":"champ:Haymaker","floor":38},{"not_picked":[],"picked":"champ:CalledShot","floor":40},{"not_picked":[],"picked":"champ:RapidStrikes+1","floor":42},{"not_picked":["champ:CrookedStrike"],"picked":"SKIP","floor":43},{"not_picked":[],"picked":"champ:AdrenalArmor+1","floor":46},{"not_picked":["infinitespire:Fortify","infinitespire:FutureSight"],"picked":"infinitespire:Collect","floor":47},{"not_picked":[],"picked":"champ:ShieldSlam","floor":47},{"not_picked":["champ:TornadoPunch"],"picked":"SKIP","floor":48},{"not_picked":[],"picked":"champ:Circumvent+1","floor":49},{"not_picked":[],"picked":"champ:ShieldSlam","floor":50},{"not_picked":[],"picked":"champ:Encircle","floor":53},{"not_picked":[],"picked":"champ:BerserkerStyle","floor":54}],"player_experience":350867,"relics_obtained":[{"floor":3,"key":"hubris:ToyBattleship"},{"floor":4,"key":"champ:DefensiveTrainingManual"},{"floor":6,"key":"Pocketwatch"},{"floor":7,"key":"HollowMod:LifeEnderRelic"},{"floor":12,"key":"Nunchaku"},{"floor":24,"key":"Toxic Egg 2"},{"floor":27,"key":"hubris:Reverence"},{"floor":38,"key":"hubris:Potato"},{"floor":40,"key":"CatCart"},{"floor":43,"key":"hubris:SphereOfDissonance"},{"floor":45,"key":"Happy Flower"},{"floor":47,"key":"Unceasing Top"}],"event_choices":[{"damage_healed":0,"gold_gain":0,"player_choice":"Fight","damage_taken":0,"max_hp_gain":0,"max_hp_loss":0,"event_name":"Mysterious Sphere","floor":38,"gold_loss":0},{"damage_healed":0,"gold_gain":0,"player_choice":"Fight","damage_taken":0,"max_hp_gain":0,"max_hp_loss":0,"event_name":"OrinTheCat","floor":40,"gold_loss":0}],"is_beta":false,"boss_relics":[{"not_picked":["Sozu","hubris:VirtuousBlindfold"],"picked":"hubris:GrandSneckoEye"},{"not_picked":["Philosopher\u0027s Stone","Tiny House"],"picked":"Busted Crown"},{"not_picked":["Snecko Eye","hubris:BlackHole"],"picked":"SlaversCollar"}],"items_purged_floors":[14],"is_endless":true,"potions_floor_spawned":[6,13,15,20,25,28,31,37,38,40,42,47,50],"killed_by":"Nightmare_Alpha","ascension_level":0}}