{"host":"68ryiucqar8jyfi2","time":1608576178,"event":{"mods":["2.2 Compatiblity","Act Like it!","Aspiration","BaseMod","Better Match","Better Note","Better Skull","Better Third Choice","CCEM","CapriCore","Curses Come First","Defuse TimeMaze Blight","Displayed Cursed Tome","Emptier Cage","Energized Spire","Friendly Minions","GifTheSpireLib","HexUI Lib","Hubris","Hyrulean Relics","Minty Spire (QoL Compilation)","Permanent Neow","RNG Fix","Replay The Spire","Robot Space Explorer","StSLib","Stuff the Spire","The Blue Laboratory","Trackpad","Transform Curses","Uncapped","Wandering Minibosses"],"gold_per_floor":[114,114,132,142,158,189,189,224,224,237,120,120,45,78,78,181,181,136,156,168,187,205,237,263,66,66,77,77,103,103,53,53,157,157,174,30,30,50,83,108,905,905,905,905,905],"floor_reached":44,"playtime":1355,"items_purged":["Strike_R"],"score":793,"play_id":"69b87174-1011-430e-9391-3fb886055d54","local_time":"20201221184258","daily_mods":["Vintage","Heirloom","Flight"],"is_ascension_mode":false,"campfire_choices":[{"data":"Uppercut","floor":7.0,"key":"SMITH"},{"floor":15,"key":"DIG"},{"data":"Sword Boomerang","floor":30,"key":"SMITH"},{"data":"Metallicize","floor":32,"key":"SMITH"},{"data":"Metallicize","floor":42,"key":"SMITH"}],"circlet_count":0,"master_deck":["Strike_R","Strike_R","Strike_R","Strike_R","Defend_R","Defend_R","Defend_R","Defend_R","Bash","Uppercut+1","Sword Boomerang+1","Metallicize+1","Shrug It Off","Metallicize+1"],"relics":["Burning Blood","CaptainsWheel","StuffTheSpire:NeowsTribute","zeldaRelics:RedTunic","Centennial Puzzle","aspiration:StickyExplosives_weak","CCEMRelics:JestersCrown","zeldaRelics:CourageTriforce","CCEMRelics:StainlessSteel","hubris:Icosahedron","zeldaRelics:WisdomTriforce","Oddly Smooth Stone","Black Star","Self Forming Clay","StuffTheSpire:MayFlowers","Bag of Preparation","trackpad:WritersBlock","CCEMRelics:Pendulum","zeldaRelics:PowerTriforce","Blood Vial","trackpad:PetRock","Blue Doll","Toy Ornithopter","trackpad:BottledTsunami","Anchor","Eternal Feather","Bag of Marbles","FossilizedHelix","trackpad:WondrousWand","wanderingMiniBosses:MasterThiefsPresence","CCEMRelics:GrapeVine"],"acts_visited":["Exordium","TheCity","TheBeyond"],"potions_floor_usage":[18,41],"damage_taken":[{"damage":5.0,"enemies":"2 Louse","floor":1.0,"turns":3.0},{"damage":57.0,"enemies":"2 Louse","floor":2.0,"turns":7.0},{"damage":6.0,"enemies":"Jaw Worm","floor":3.0,"turns":2.0},{"damage":0.0,"enemies":"Cultist","floor":4.0,"turns":2.0},{"damage":17.0,"enemies":"Gremlin Gang","floor":5.0,"turns":4.0},{"damage":14.0,"enemies":"Gremlin Nob","floor":6.0,"turns":3.0},{"damage":4.0,"enemies":"Replay:BlueRogue","floor":8.0,"turns":4.0},{"damage":2.0,"enemies":"Looter","floor":10.0,"turns":3.0},{"damage":1,"enemies":"Lagavulin","floor":14,"turns":4},{"damage":24,"enemies":"The Guardian","floor":16,"turns":8},{"damage":12,"enemies":"Shell Parasite","floor":18,"turns":7},{"damage":10,"enemies":"Chosen","floor":19,"turns":3},{"damage":15,"enemies":"Snake Plant","floor":20,"turns":4},{"damage":19,"enemies":"Centurion and Healer","floor":21,"turns":7},{"damage":2,"enemies":"Snecko","floor":22,"turns":4},{"damage":9,"enemies":"Book of Stabbing","floor":23,"turns":4},{"damage":19,"enemies":"Slavers","floor":24,"turns":6},{"damage":3,"enemies":"3 Cultists","floor":27,"turns":4},{"damage":3,"enemies":"Book of Stabbing","floor":29,"turns":3},{"damage":0,"enemies":"Champ","floor":33,"turns":6},{"damage":19,"enemies":"3 Darklings","floor":35,"turns":3},{"damage":0,"enemies":"Orb Walker","floor":38,"turns":3},{"damage":3,"enemies":"R_Hoarder","floor":40,"turns":4},{"damage":0,"enemies":"Writhing Mass","floor":41,"turns":5}],"seed_played":"8343953280993368390","potions_obtained":[{"floor":1.0,"key":"Regen Potion"},{"floor":3.0,"key":"Adrenaline Potion"},{"floor":5.0,"key":"blueLaboratory:BottledHope"},{"floor":10.0,"key":"Adrenaline Potion"},{"floor":21,"key":"blueLaboratory:BottleOfVodka"},{"floor":22,"key":"Milkshake"},{"floor":41,"key":"Fire Potion"}],"is_trial":true,"path_per_floor":["M","?","M","M","M","E","R","E","T","M","$","?","$","E","R","B",null,"M","M","M","M","M","E","E","$","T","M","$","E","R","?","R","B",null,"M","$","?","M","?","E","M","R","T","R"],"character_chosen":"IRONCLAD","items_purchased":["Metallicize","Shrug It Off","Blood Vial","Metallicize","Anchor"],"campfire_rested":0,"item_purchase_floors":[11,11,25,25,36],"current_hp_per_floor":[80,43,43,49,38,30,30,32,32,36,36,36,36,41,41,23,80,74,70,61,53,57,54,44,44,44,49,49,54,54,54,54,65,80,67,67,67,75,75,80,80,80,80,80,80],"gold":905,"neow_bonus":"","is_daily":false,"chose_seed":false,"campfire_upgraded":4,"win_rate":0.0,"timestamp":1608576178,"path_taken":["M","?","M","M","M","E","R","E","T","M","$","?","$","E","R","BOSS","M","M","M","M","M","E","E","?","T","?","$","E","R","?","R","BOSS","M","$","?","M","?","E","M","R","T","R"],"items_purchased_type":["Card","Card","Relic","Card","Relic"],"build_version":"2020-12-13","purchased_purges":1,"victory":false,"max_hp_per_floor":[80,80,80,80,80,80,80,80,80,80,80,80,80,80,80,80,80,80,80,80,80,80,80,80,80,80,80,80,80,80,80,80,80,80,80,80,80,80,80,80,80,80,80,80,80],"card_choices":[{"not_picked":["Exhume","StuffTheSpire:Resist"],"picked":"Uppercut","floor":6.0},{"not_picked":["Battle Trance","Dark Embrace"],"picked":"Sword Boomerang","floor":8.0},{"not_picked":["Corruption","StuffTheSpire:Resist","Combust"],"picked":"SKIP","floor":14},{"not_picked":["Warcry","Corruption","Pommel Strike"],"picked":"SKIP","floor":23},{"not_picked":["Perfected Strike","StuffTheSpire:RagingBull","Flex"],"picked":"SKIP","floor":24},{"not_picked":["Pommel Strike","Flex+1","Wild Strike"],"picked":"SKIP","floor":29},{"not_picked":["Heavy Blade+1","Seeing Red","Replay:Undeath\u0027s Touch+1"],"picked":"SKIP","floor":40}],"player_experience":177707,"relics_obtained":[{"floor":1.0,"key":"StuffTheSpire:NeowsTribute"},{"floor":2.0,"key":"zeldaRelics:RedTunic"},{"floor":3.0,"key":"Centennial Puzzle"},{"floor":4.0,"key":"aspiration:StickyExplosives_weak"},{"floor":5.0,"key":"CCEMRelics:JestersCrown"},{"floor":6.0,"key":"zeldaRelics:CouragePiece"},{"floor":8.0,"key":"zeldaRelics:CouragePiece"},{"floor":9.0,"key":"zeldaRelics:CouragePiece"},{"floor":10.0,"key":"CCEMRelics:StainlessSteel"},{"floor":14,"key":"zeldaRelics:WisdomPiece"},{"floor":15,"key":"Oddly Smooth Stone"},{"floor":18,"key":"Self Forming Clay"},{"floor":19,"key":"StuffTheSpire:MayFlowers"},{"floor":20,"key":"Bag of Preparation"},{"floor":21,"key":"trackpad:WritersBlock"},{"floor":22,"key":"CCEMRelics:Pendulum"},{"floor":23,"key":"zeldaRelics:WisdomPiece"},{"floor":23,"key":"zeldaRelics:WisdomPiece"},{"floor":24,"key":"zeldaRelics:PowerPiece"},{"floor":24,"key":"zeldaRelics:PowerPiece"},{"floor":26,"key":"zeldaRelics:PowerPiece"},{"floor":27,"key":"trackpad:PetRock"},{"floor":29,"key":"Blue Doll"},{"floor":29,"key":"Toy Ornithopter"},{"floor":35,"key":"trackpad:BottledTsunami"},{"floor":38,"key":"Eternal Feather"},{"floor":39,"key":"Bag of Marbles"},{"floor":40,"key":"FossilizedHelix"},{"floor":40,"key":"trackpad:WondrousWand"},{"floor":41,"key":"wanderingMiniBosses:MasterThiefsPresence"},{"floor":41,"key":"CCEMRelics:GrapeVine"}],"event_choices":[{"damage_healed":0,"gold_gain":0,"player_choice":"Bet on Murderer","damage_taken":0,"max_hp_gain":0,"max_hp_loss":0,"event_name":"The Joust","floor":31,"gold_loss":50},{"damage_healed":0,"gold_gain":0,"player_choice":"Ignored","damage_taken":0,"max_hp_gain":0,"max_hp_loss":0,"event_name":"betterThird:BetterPortal","floor":37,"gold_loss":0}],"is_beta":false,"boss_relics":[{"not_picked":["hubris:Stopwatch","Runic Pyramid"],"picked":"Black Star"},{"not_picked":["Honey Jar","Replay:Wanted Poster","trackpad:Trackpad"]}],"items_purged_floors":[13],"is_endless":true,"potions_floor_spawned":[1,3,5,10,21,22,33,35,41],"ascension_level":0}}