{"host":"hdafziggwnbzqpcb","time":1608589682,"event":{"mods":["BaseMod","Better Vampires","Colored Map","Colored Powertips","Curses Come First","GifTheSpireLib","Minty Spire (QoL Compilation)","Quick Restart","Rare Cards Sparkle","Relic Stats","Spicy Shops","StSLib","The Bug Knight","The Cursed","TheHero"],"gold_per_floor":[111,111,111,111,121,156,167,184,184,184,184,200,200,223,223,223,223],"floor_reached":16,"playtime":948,"items_purged":[],"score":100,"play_id":"3834abfd-b0d2-491d-bd2b-66c17d40c91f","local_time":"20201221142802","daily_mods":["SealedDeck","Heirloom"],"is_ascension_mode":false,"campfire_choices":[{"data":"TheCursedMod:CircleOfFlame","floor":13,"key":"SMITH"},{"data":"TheCursedMod:EmpowerCircles","floor":15,"key":"SMITH"}],"circlet_count":0,"master_deck":["TheCursedMod:BlessingInDisguise+1","TheCursedMod:SurpriseAttack","TheCursedMod:CircleOfFlame+1","TheCursedMod:CursedSpellbook","TheCursedMod:RapidMovement","TheCursedMod:CursedShiv","TheCursedMod:EmpowerCircles+1","TheCursedMod:StingEye","TheCursedMod:CircleOfWindfury","TheCursedMod:CircleOfFlame+1","TheCursedMod:SurpriseAttack","TheCursedMod:ManaBullet","TheCursedMod:RavingStaff","TheCursedMod:CursedShiv"],"relics":["TheCursedMod:BlackMagic101","TheCursedMod:MagicCandle","Girya","Dead Branch","Blood Vial"],"acts_visited":["Exordium"],"potions_floor_usage":[11],"damage_taken":[{"damage":0,"enemies":"2 Louse","floor":1,"turns":1},{"damage":0,"enemies":"Small Slimes","floor":5,"turns":1},{"damage":6,"enemies":"Lagavulin","floor":6,"turns":3},{"damage":3,"enemies":"Cultist","floor":7,"turns":1},{"damage":0,"enemies":"Exordium Wildlife","floor":8,"turns":1},{"damage":12,"enemies":"Exordium Thugs","floor":12,"turns":2},{"damage":0,"enemies":"Slime Boss","floor":16,"turns":4}],"seed_played":"1532482169019014723","potions_obtained":[{"floor":1,"key":"Explosive Potion"},{"floor":6,"key":"Weak Potion"},{"floor":8,"key":"Regen Potion"},{"floor":11,"key":"Fruit Juice"},{"floor":11,"key":"CultistPotion"}],"is_trial":true,"path_per_floor":["M","$","?","?","M","E","M","M","T","?","?","M","R","T","R","B"],"character_chosen":"THE_CURSED","items_purchased":[],"campfire_rested":0,"item_purchase_floors":[],"current_hp_per_floor":[75,75,60,60,60,54,51,51,51,75,80,68,68,68,68,70,70],"gold":223,"neow_bonus":"","is_daily":false,"chose_seed":false,"campfire_upgraded":2,"win_rate":0.0,"timestamp":1608589682,"path_taken":["M","$","?","?","M","E","M","M","T","?","?","?","R","?","R","BOSS"],"items_purchased_type":[],"build_version":"2020-12-13","purchased_purges":0,"victory":false,"max_hp_per_floor":[75,75,75,75,75,75,75,75,75,75,80,80,80,80,80,80,80],"relic_stats":{"Blood Vial":2,"counters":[7,13],"Dead Branch":[16],"obtain_stats":[{"Blood Vial":14,"TheCursedMod:BlackMagic101":0,"Girya":6,"Dead Branch":9,"TheCursedMod:MagicCandle":0},{"Blood Vial":6,"TheCursedMod:BlackMagic101":0,"Girya":3,"Dead Branch":5,"TheCursedMod:MagicCandle":0},{"Blood Vial":9,"TheCursedMod:BlackMagic101":0,"Girya":5,"Dead Branch":7,"TheCursedMod:MagicCandle":0}]},"card_choices":[{"not_picked":["TheCursedMod:CursedMace","TheCursedMod:Stretching","TheCursedMod:VitalStrike"],"picked":"SKIP","floor":1},{"not_picked":["TheCursedMod:SpitefulStrike","TheCursedMod:SoulReap"],"picked":"TheCursedMod:SurpriseAttack","floor":5},{"not_picked":["TheCursedMod:ParallelWorld","TheCursedMod:Hemoplague","TheCursedMod:DemonicPact"],"picked":"SKIP","floor":6},{"not_picked":["TheCursedMod:Obscuration","TheCursedMod:VitalStrike"],"picked":"TheCursedMod:ManaBullet","floor":7},{"not_picked":["TheCursedMod:SpreadPlague","TheCursedMod:WearCloak"],"picked":"TheCursedMod:RavingStaff","floor":8},{"not_picked":["TheCursedMod:DoubleShield","TheCursedMod:CircleOfWindfury"],"picked":"TheCursedMod:CursedShiv","floor":12}],"player_experience":625190,"relics_obtained":[{"floor":6,"key":"Girya"},{"floor":9,"key":"Dead Branch"},{"floor":14,"key":"Blood Vial"}],"event_choices":[{"damage_healed":0,"gold_gain":0,"player_choice":"Entered Light","damage_taken":15,"max_hp_gain":0,"max_hp_loss":0,"event_name":"Shining Light","floor":3,"gold_loss":0,"cards_upgraded":["TheCursedMod:CircleOfFlame","TheCursedMod:BlessingInDisguise"]},{"damage_healed":0,"gold_gain":0,"player_choice":"Ignored","damage_taken":0,"max_hp_gain":0,"max_hp_loss":0,"event_name":"Golden Wing","floor":4,"gold_loss":0},{"damage_healed":25,"gold_gain":0,"player_choice":"Banana","damage_taken":0,"max_hp_gain":0,"max_hp_loss":0,"event_name":"Big Fish","floor":10,"gold_loss":0},{"damage_healed":0,"gold_gain":0,"player_choice":"Got Potions","damage_taken":0,"max_hp_gain":0,"max_hp_loss":0,"event_name":"Lab","floor":11,"gold_loss":0}],"is_beta":false,"boss_relics":[],"items_purged_floors":[],"is_endless":false,"potions_floor_spawned":[1,6,8],"killed_by":"Slime Boss","ascension_level":0}}