{"host":"n4oa921u88t6jog9","time":1608512658,"event":{"mods":["AchievementEnabler","BaseMod","DeckTracker","Keyboard Shortcuts","Minty Spire (QoL Compilation)","Quick Restart","StSLib","SuperFastMode"],"gold_per_floor":[112,123,123,17,17,51,51,51,77,97,117,117,178,194,194,268,268,288,301,301,311,226,226,252,130,130,146,178,78,111,138,138,216,216,235,235,245,245,264,295,347,222,222,72,83,83,305,320,320,320],"floor_reached":51,"playtime":3011,"items_purged":["Accuracy","Outmaneuver","Outmaneuver","All Out Attack"],"score":1560,"play_id":"86200cea-7e64-442a-97d1-e059e1e8a70b","local_time":"20201221100418","is_ascension_mode":true,"campfire_choices":[{"data":"Well Laid Plans","floor":8.0,"key":"SMITH"},{"data":"Deadly Poison","floor":12.0,"key":"SMITH"},{"data":"Neutralize","floor":15.0,"key":"SMITH"},{"data":"Tactician","floor":23,"key":"SMITH"},{"data":"Reflex","floor":32,"key":"SMITH"},{"data":"Distraction","floor":46,"key":"PURGE"},{"data":"Dagger Spray","floor":49,"key":"PURGE"}],"circlet_count":0,"master_deck":["AscendersBane","Survivor","Neutralize+1","Acrobatics","Backflip","Well Laid Plans+1","Escape Plan+1","Dagger Spray","Deadly Poison+1","Backflip","Malaise","Backstab","Reflex+1","Tactician+1","Wraith Form v2","Prepared+1","Calculated Gamble","Acrobatics","Grand Finale","Calculated Gamble+1"],"relics":["Ring of the Snake","NeowsBlessing","Pen Nib","Ice Cream","MealTicket","Vajra","Pandora\u0027s Box","CultistMask","TungstenRod","Red Mask","Omamori","Strawberry","Singing Bowl","Oddly Smooth Stone","Fusion Hammer","Peace Pipe","Pear"],"acts_visited":["Exordium","TheCity","TheBeyond"],"potions_floor_usage":[30,30],"damage_taken":[{"damage":0.0,"enemies":"2 Louse","floor":1.0,"turns":1.0},{"damage":0.0,"enemies":"Jaw Worm","floor":2.0,"turns":1.0},{"damage":0.0,"enemies":"Gremlin Nob","floor":6.0,"turns":1.0},{"damage":1.0,"enemies":"Cultist","floor":10.0,"turns":4.0},{"damage":0.0,"enemies":"Exordium Wildlife","floor":11.0,"turns":2.0},{"damage":8.0,"enemies":"Gremlin Nob","floor":13.0,"turns":3.0},{"damage":12.0,"enemies":"3 Louse","floor":14.0,"turns":2.0},{"damage":0.0,"enemies":"Hexaghost","floor":16.0,"turns":8.0},{"damage":6,"enemies":"Spheric Guardian","floor":18,"turns":5},{"damage":0,"enemies":"3 Byrds","floor":19,"turns":4},{"damage":7,"enemies":"Cultist and Chosen","floor":21,"turns":5},{"damage":8,"enemies":"Masked Bandits","floor":24,"turns":3},{"damage":7,"enemies":"Shelled Parasite and Fungi","floor":27,"turns":4},{"damage":9,"enemies":"Book of Stabbing","floor":28,"turns":7},{"damage":9,"enemies":"Slavers","floor":30,"turns":3},{"damage":23,"enemies":"Collector","floor":33,"turns":7},{"damage":8,"enemies":"3 Darklings","floor":35,"turns":2},{"damage":4,"enemies":"Orb Walker","floor":37,"turns":4},{"damage":0,"enemies":"Jaw Worm Horde","floor":39,"turns":2},{"damage":0,"enemies":"Giant Head","floor":40,"turns":3},{"damage":0,"enemies":"2 Orb Walkers","floor":41,"turns":3},{"damage":0,"enemies":"Spire Growth","floor":45,"turns":2},{"damage":9,"enemies":"Transient","floor":48,"turns":5},{"damage":0,"enemies":"Awakened One","floor":50,"turns":4}],"seed_played":"-7165097304093880532","potions_obtained":[{"floor":1.0,"key":"CultistPotion"},{"floor":6.0,"key":"Fire Potion"},{"floor":13.0,"key":"EssenceOfSteel"},{"floor":16.0,"key":"SkillPotion"},{"floor":18,"key":"Energy Potion"},{"floor":24,"key":"Regen Potion"},{"floor":33,"key":"Poison Potion"},{"floor":37,"key":"ColorlessPotion"}],"is_trial":false,"path_per_floor":["M","M","?","$","?","E","T","R","T","M","M","R","?","M","R","B",null,"M","M","?","M","?","R","?","$","T","M","E","$","E","T","R","B",null,"M","?","M","?","M","E","?","$","T","$","M","R","?","M","R","B",null],"character_chosen":"THE_SILENT","items_purchased":["Well Laid Plans","Escape Plan","Acrobatics"],"campfire_rested":0,"item_purchase_floors":[4,4,25],"current_hp_per_floor":[59,59,59,59,39,39,39,39,39,38,38,38,30,18,18,18,54,48,48,48,41,41,41,33,48,48,41,39,54,56,56,56,33,65,59,59,57,57,57,59,61,76,86,89,91,91,91,84,84,84],"gold":320,"neow_bonus":"THREE_ENEMY_KILL","is_daily":false,"chose_seed":false,"campfire_upgraded":5,"win_rate":0.0,"timestamp":1608512658,"path_taken":["M","M","?","$","?","E","?","R","T","M","?","R","?","M","R","BOSS","M","M","?","?","?","R","?","$","T","M","E","$","E","?","R","BOSS","M","?","M","?","M","E","?","$","T","$","M","R","?","M","R","BOSS"],"items_purchased_type":["Card","Card","Card"],"build_version":"2020-12-13","purchased_purges":4,"victory":true,"max_hp_per_floor":[66,66,66,66,66,66,66,66,66,66,66,66,66,66,66,66,66,66,66,66,66,66,66,66,66,66,66,73,73,75,75,75,75,75,77,77,79,75,75,77,79,79,89,89,91,91,91,93,93,93],"card_choices":[{"not_picked":["Backstab","Quick Slash"],"picked":"Acrobatics","floor":1.0},{"not_picked":["Dodge and Roll","Deflect"],"picked":"Backflip","floor":2.0},{"not_picked":["Venomology","Sucker Punch"],"picked":"Dagger Spray","floor":6.0},{"not_picked":["PiercingWail","Outmaneuver"],"picked":"Dagger Throw","floor":10.0},{"not_picked":["PiercingWail","Well Laid Plans"],"picked":"Deadly Poison","floor":11.0},{"not_picked":["Underhanded Strike","Acrobatics"],"picked":"Backflip","floor":14.0},{"not_picked":["Glass Knife","Venomology"],"picked":"Malaise","floor":16.0},{"not_picked":["Finisher","All Out Attack","Expertise"],"picked":"SKIP","floor":18},{"not_picked":["Dagger Throw","Terror"],"picked":"Prepared+1","floor":19},{"not_picked":["Backstab","Flying Knee","Sucker Punch"],"picked":"SKIP","floor":21},{"not_picked":["Prepared","Underhanded Strike"],"picked":"Calculated Gamble","floor":24},{"not_picked":["Underhanded Strike","Quick Slash","Dagger Spray"],"picked":"SKIP","floor":27},{"not_picked":["Noxious Fumes+1","Skewer+1","Bullet Time"],"picked":"SKIP","floor":28},{"not_picked":["Poisoned Stab","Blade Dance","Distraction"],"picked":"Singing Bowl","floor":30},{"not_picked":["Die Die Die","Doppelganger"],"picked":"Grand Finale","floor":33},{"not_picked":["Poisoned Stab","Accuracy","Calculated Gamble"],"picked":"Singing Bowl","floor":35},{"not_picked":["PiercingWail","Tactician","Outmaneuver"],"picked":"Singing Bowl","floor":37},{"not_picked":["Deadly Poison","Concentrate"],"picked":"Calculated Gamble+1","floor":39},{"not_picked":["Dagger Throw","Deadly Poison","Concentrate"],"picked":"Singing Bowl","floor":40},{"not_picked":["Deflect","Terror","Dodge and Roll"],"picked":"Singing Bowl","floor":41},{"not_picked":["Expertise+1","All Out Attack","Dagger Spray"],"picked":"Singing Bowl","floor":45},{"not_picked":["PiercingWail","Eviscerate+1","Leg Sweep"],"picked":"Singing Bowl","floor":48}],"player_experience":357183,"relics_obtained":[{"floor":6.0,"key":"Pen Nib"},{"floor":7.0,"key":"Ice Cream"},{"floor":9.0,"key":"MealTicket"},{"floor":13.0,"key":"Vajra"},{"floor":24,"key":"Red Mask"},{"floor":26,"key":"Omamori"},{"floor":28,"key":"Strawberry"},{"floor":30,"key":"Singing Bowl"},{"floor":31,"key":"Oddly Smooth Stone"},{"floor":41,"key":"Peace Pipe"},{"floor":43,"key":"Pear"}],"event_choices":[{"damage_healed":0.0,"max_hp_gain":0.0,"max_hp_loss":0.0,"gold_gain":0.0,"event_name":"Liars Game","player_choice":"Ignored","floor":3.0,"gold_loss":0.0,"damage_taken":0.0},{"damage_healed":0.0,"max_hp_gain":0.0,"max_hp_loss":0.0,"gold_gain":0.0,"event_name":"Shining Light","player_choice":"Entered Light","floor":5.0,"gold_loss":0.0,"damage_taken":20.0,"cards_upgraded":["Strike_G","Escape Plan"]},{"damage_healed":0.0,"max_hp_gain":0.0,"max_hp_loss":0.0,"gold_gain":0.0,"event_name":"Dead Adventurer","player_choice":"Searched \u00272\u0027 times","floor":13.0,"gold_loss":0.0,"damage_taken":0.0},{"damage_healed":0,"gold_gain":0,"player_choice":"Trade","damage_taken":0,"relics_obtained":["CultistMask"],"max_hp_gain":0,"max_hp_loss":0,"event_name":"FaceTrader","floor":20,"gold_loss":0},{"damage_healed":0,"gold_gain":0,"player_choice":"Obtained Relic","damage_taken":0,"relics_obtained":["TungstenRod"],"max_hp_gain":0,"max_hp_loss":0,"event_name":"Addict","floor":22,"gold_loss":85},{"damage_healed":0,"gold_gain":0,"player_choice":"Fought Bandits","damage_taken":0,"max_hp_gain":0,"max_hp_loss":0,"event_name":"Masked Bandits","floor":24,"gold_loss":0},{"cards_removed":["Dagger Throw"],"damage_healed":0,"gold_gain":0,"player_choice":"Removed Attack","damage_taken":0,"max_hp_gain":0,"max_hp_loss":0,"event_name":"Falling","floor":36,"gold_loss":0},{"damage_healed":0,"gold_gain":0,"player_choice":"Max HP","damage_taken":0,"max_hp_gain":0,"max_hp_loss":4,"event_name":"Winding Halls","floor":38,"gold_loss":0},{"damage_healed":0,"gold_gain":0,"player_choice":"Fight","damage_taken":0,"max_hp_gain":0,"max_hp_loss":0,"event_name":"Mysterious Sphere","floor":41,"gold_loss":0},{"damage_healed":0,"gold_gain":222,"player_choice":"Wore Mask","damage_taken":0,"max_hp_gain":0,"max_hp_loss":0,"event_name":"Tomb of Lord Red Mask","floor":47,"gold_loss":0}],"is_beta":false,"boss_relics":[{"not_picked":["SacredBark","Calling Bell"],"picked":"Pandora\u0027s Box"},{"not_picked":["Velvet Choker","WristBlade"],"picked":"Fusion Hammer"}],"items_purged_floors":[25,29,42,44],"is_endless":false,"potions_floor_spawned":[1,6,13,16,18,24,27,33,37,39,48],"ascension_level":15}}