{"host":"27cnk69rbdk9vsnt","time":1608587597,"event":{"mods":["BaseMod","Beaked The Cultist","Duelist Mod","Ekko","Energized Spire","Glutton Mod","JesterMod","Jorbs\u0027s Wanderer Trilogy","Mimic Mod","Minty Spire (QoL Compilation)","Shop Mod","StSLib","The Elementalist","Thieving Mod"],"gold_per_floor":[115,115,115,129,129,163,163,184,184,207,240,240,258,283,283,414,414,433,10,63,63,84,84,130,130,156,170,201,201,215,244,244,363,363,382,398,457,520,573,627,627,960,997,65,85,98,98,115,115,115],"floor_reached":51,"playtime":6677,"items_purged":["stsjorbsmod:Defend_Wanderer","stsjorbsmod:Defend_Wanderer"],"score":904,"play_id":"99316536-c450-457c-a8ee-d52d1ff6e491","local_time":"20201221225317","is_ascension_mode":false,"campfire_choices":[{"data":"stsjorbsmod:BookOfTongues","floor":7.0,"key":"SMITH"},{"data":"stsjorbsmod:TinyHut","floor":12.0,"key":"SMITH"},{"data":"stsjorbsmod:FindFamiliar","floor":15,"key":"SMITH"},{"data":"stsjorbsmod:ArcaneWeapon","floor":23,"key":"SMITH"},{"data":"stsjorbsmod:EyeOfTheStorm","floor":29,"key":"SMITH"},{"floor":32,"key":"REST"},{"data":"stsjorbsmod:ArcaneWeapon","floor":41,"key":"SMITH"},{"floor":47,"key":"REST"},{"data":"stsjorbsmod:HoldMonster","floor":49,"key":"SMITH"}],"circlet_count":0,"master_deck":["stsjorbsmod:ForbiddenGrimoire+1","stsjorbsmod:Strike_Wanderer","stsjorbsmod:Strike_Wanderer","stsjorbsmod:Strike_Wanderer","stsjorbsmod:Strike_Wanderer","stsjorbsmod:Defend_Wanderer","stsjorbsmod:Defend_Wanderer+1","stsjorbsmod:FreshAdventure","stsjorbsmod:EyeOfTheStorm+1","stsjorbsmod:MageArmor","Injury","stsjorbsmod:Materialize","stsjorbsmod:HoldMonster+1","stsjorbsmod:ColorSpray","stsjorbsmod:BookOfTongues+1","stsjorbsmod:UnseenServant+1","stsjorbsmod:TrueStrike","stsjorbsmod:SmithingStrike","stsjorbsmod:TinyHut+1","stsjorbsmod:FindFamiliar+1","stsjorbsmod:Rest+1","stsjorbsmod:LoseGrip","stsjorbsmod:Rediscovery","stsjorbsmod:SiphonEnergy","stsjorbsmod:Channel+1","stsjorbsmod:ArcaneWeapon+1","stsjorbsmod:BookOfTongues+1","stsjorbsmod:FaerieFire","stsjorbsmod:SchoolsOfMagic","stsjorbsmod:BlackTentacles","stsjorbsmod:Mindworm+1","stsjorbsmod:MagicMirror","stsjorbsmod:ArcaneWeapon+1","stsjorbsmod:WeightOfMemory+1","stsjorbsmod:Stalwart+1","stsjorbsmod:ArcaneWeapon+1","stsjorbsmod:FracturedMind","stsjorbsmod:TollTheDead","stsjorbsmod:ChainLightning+1","stsjorbsmod:Mending","stsjorbsmod:Feast","stsjorbsmod:FaerieFire+1","stsjorbsmod:FracturedMind+1","stsjorbsmod:Materialize+1","stsjorbsmod:Message+1","stsjorbsmod:Firebolt+1","stsjorbsmod:RayOfFrost+1","stsjorbsmod:Pyromancy+1","stsjorbsmod:ArcaneWeapon+1","stsjorbsmod:WeightOfMemory+1","stsjorbsmod:Prestidigitation+1","stsjorbsmod:MagicMissiles","stsjorbsmod:Materialize+1","stsjorbsmod:WeightOfMemory+1","stsjorbsmod:Will+1","stsjorbsmod:ArcaneWeapon+1","stsjorbsmod:BurningFlask+1","stsjorbsmod:WanderingMind+1"],"relics":["stsjorbsmod:GrimoireRelic","elementalistmod:BlueRibbon","Mango","Matryoshka","Lantern","energizedSpire:OgreHead","Prayer Wheel","Regal Pillow","Vajra","Toy Ornithopter","Question Card","Tiny Chest","War Paint","Bag of Preparation","Pen Nib","energizedSpire:RedRose","FossilizedHelix","TungstenRod","Smiling Mask","Frozen Egg 2","stsjorbsmod:MindPalaceRelic","Blue Candle","HandDrill","MerchantsRug","Art of War"],"acts_visited":["Exordium","TheCity","TheBeyond"],"potions_floor_usage":[24,28,37,37,40,43,46],"damage_taken":[{"damage":3.0,"enemies":"Jaw Worm","floor":1.0,"turns":5.0},{"damage":0.0,"enemies":"Small Slimes","floor":4.0,"turns":5.0},{"damage":13.0,"enemies":"3 Sentries","floor":6.0,"turns":7.0},{"damage":5.0,"enemies":"2 Louse","floor":8.0,"turns":4.0},{"damage":0.0,"enemies":"Lots of Slimes","floor":10.0,"turns":1.0},{"damage":14.0,"enemies":"Gremlin Nob","floor":11.0,"turns":5.0},{"damage":3,"enemies":"Exordium Thugs","floor":13,"turns":4},{"damage":1,"enemies":"Exordium Wildlife","floor":14,"turns":4},{"damage":44,"enemies":"Slime Boss","floor":16,"turns":9},{"damage":18,"enemies":"2 Thieves","floor":18,"turns":5},{"damage":2,"enemies":"3 Byrds","floor":20,"turns":7},{"damage":0,"enemies":"Snecko","floor":22,"turns":5},{"damage":16,"enemies":"Gremlin Leader","floor":24,"turns":6},{"damage":5,"enemies":"Shelled Parasite and Fungi","floor":27,"turns":6},{"damage":23,"enemies":"Slavers","floor":28,"turns":5},{"damage":27,"enemies":"3 Cultists","floor":30,"turns":5},{"damage":11,"enemies":"Snake Plant","floor":31,"turns":4},{"damage":54,"enemies":"Champ","floor":33,"turns":7},{"damage":23,"enemies":"3 Shapes","floor":35,"turns":5},{"damage":1,"enemies":"Orb Walker","floor":36,"turns":3},{"damage":16,"enemies":"2 Orb Walkers","floor":37,"turns":4},{"damage":18,"enemies":"Mind Bloom Boss Battle","floor":38,"turns":6},{"damage":0,"enemies":"Giant Head","floor":40,"turns":5},{"damage":19,"enemies":"Writhing Mass","floor":43,"turns":6},{"damage":34,"enemies":"Writhing Mass","floor":45,"turns":5},{"damage":37,"enemies":"4 Shapes","floor":46,"turns":2},{"damage":10,"enemies":"Maw","floor":48,"turns":5},{"damage":58,"enemies":"Time Eater","floor":50,"turns":7}],"seed_played":"1258345586715295413","potions_obtained":[{"floor":1.0,"key":"Weak Potion"},{"floor":6.0,"key":"EssenceOfSteel"},{"floor":8.0,"key":"BlessingOfTheForge"},{"floor":11.0,"key":"SkillPotion"},{"floor":16,"key":"stsjorbsmod:LiquidVirtue"},{"floor":27,"key":"stsjorbsmod:BurningPotion"},{"floor":30,"key":"SteroidPotion"},{"floor":37,"key":"Strength Potion"},{"floor":40,"key":"Energy Potion"}],"is_trial":false,"path_per_floor":["M","?","?","M","?","E","R","M","T","M","E","R","M","M","R","B",null,"M","$","M","$","M","R","E","T","T","M","E","R","M","M","R","B",null,"M","M","?","?","T","E","R","?","MIM","$","M","M","R","M","R","B",null],"character_chosen":"WANDERER","items_purchased":["stsjorbsmod:ArcaneWeapon","Prayer Wheel","Blue Candle","stsjorbsmod:Prestidigitation+1","HandDrill","stsjorbsmod:MagicMissiles","Strength Potion","stsjorbsmod:LiquidClarity","MerchantsRug","ThievingMod:ThievingPotion"],"campfire_rested":2,"item_purchase_floors":[19,19,44,44,44,44,44,44,44,44],"current_hp_per_floor":[73,73,73,78,78,79,79,77,77,77,64,64,63,64,64,20,94,80,80,85,85,89,89,79,79,79,84,68,68,46,38,82,28,98,79,80,78,66,66,79,79,79,68,68,39,18,66,60,60,2],"gold":115,"neow_bonus":"TEN_PERCENT_HP_BONUS","is_daily":false,"chose_seed":false,"campfire_upgraded":7,"win_rate":0.0,"timestamp":1608587597,"path_taken":["M","?","?","M","?","E","R","M","T","?","E","R","M","M","R","BOSS","M","?","M","?","M","R","E","?","T","M","E","R","?","M","R","BOSS","M","M","?","?","?","E","R","?","MIM","$","M","M","R","M","R","BOSS"],"items_purchased_type":["Card","Relic","Relic","Card","Relic","Card","Potion","Potion","Relic","Potion"],"build_version":"2020-12-13","purchased_purges":2,"victory":true,"max_hp_per_floor":[74,74,74,78,78,92,92,94,94,94,94,94,94,94,94,94,94,94,94,94,94,94,94,94,94,94,98,98,98,98,98,98,98,98,98,98,98,100,100,102,102,102,102,102,104,110,110,110,110,110],"card_choices":[{"not_picked":["stsjorbsmod:MagicMissiles","stsjorbsmod:BurningFlask"],"picked":"stsjorbsmod:MageArmor","floor":1.0},{"not_picked":["stsjorbsmod:Prepare","stsjorbsmod:Prestidigitation"],"picked":"stsjorbsmod:Materialize","floor":4.0},{"not_picked":["stsjorbsmod:UnseenServant","stsjorbsmod:FranticSearch"],"picked":"stsjorbsmod:BookOfTongues","floor":6.0},{"not_picked":["stsjorbsmod:ChatteringStrike","stsjorbsmod:Mania"],"picked":"stsjorbsmod:TrueStrike","floor":8.0},{"not_picked":["stsjorbsmod:TrueStrike","stsjorbsmod:Hibernate"],"picked":"stsjorbsmod:SmithingStrike","floor":10.0},{"not_picked":["stsjorbsmod:Stalwart","stsjorbsmod:Aid"],"picked":"stsjorbsmod:TinyHut","floor":11.0},{"not_picked":["stsjorbsmod:UnseenServant","stsjorbsmod:MageArmor"],"picked":"stsjorbsmod:Rest","floor":13},{"not_picked":["stsjorbsmod:AnimateObjects","stsjorbsmod:Hurt"],"picked":"stsjorbsmod:LoseGrip","floor":14},{"not_picked":["stsjorbsmod:PurgeMind","stsjorbsmod:Feast"],"picked":"stsjorbsmod:SiphonEnergy","floor":16},{"not_picked":["stsjorbsmod:FracturedMind","stsjorbsmod:OldPocket"],"picked":"stsjorbsmod:Channel+1","floor":18},{"not_picked":["stsjorbsmod:Mending","stsjorbsmod:FaerieFire"],"picked":"stsjorbsmod:BookOfTongues+1","floor":20},{"not_picked":["stsjorbsmod:ChainLightning","stsjorbsmod:Rest+1"],"picked":"stsjorbsmod:FaerieFire","floor":20},{"not_picked":["stsjorbsmod:RayOfFrost","stsjorbsmod:Channel"],"picked":"stsjorbsmod:SchoolsOfMagic","floor":22},{"not_picked":["stsjorbsmod:Materialize","stsjorbsmod:Index"],"picked":"stsjorbsmod:BlackTentacles","floor":22},{"not_picked":["stsjorbsmod:OldPocket","stsjorbsmod:FindFamiliar"],"picked":"stsjorbsmod:MagicMirror","floor":24},{"not_picked":["stsjorbsmod:MagicMirror","stsjorbsmod:ChainLightning","stsjorbsmod:BlackTentacles"],"picked":"stsjorbsmod:ArcaneWeapon","floor":27},{"not_picked":["stsjorbsmod:SchoolsOfMagic","stsjorbsmod:Counterspell","stsjorbsmod:MistyStep"],"picked":"stsjorbsmod:WeightOfMemory+1","floor":27},{"not_picked":["stsjorbsmod:MagicMirror","stsjorbsmod:MistyStep","stsjorbsmod:Materialize+1"],"picked":"stsjorbsmod:Stalwart+1","floor":28},{"not_picked":["stsjorbsmod:FindFamiliar","stsjorbsmod:TinyHut","stsjorbsmod:ColorSpray"],"picked":"stsjorbsmod:FracturedMind","floor":30},{"not_picked":["stsjorbsmod:Materialize","stsjorbsmod:BlackTentacles+1","stsjorbsmod:DoubleCheck"],"picked":"stsjorbsmod:TollTheDead","floor":30},{"not_picked":["stsjorbsmod:WeightOfMemory","stsjorbsmod:TrueStrike","stsjorbsmod:Materialize"],"picked":"stsjorbsmod:ChainLightning+1","floor":31},{"not_picked":["stsjorbsmod:Aid","stsjorbsmod:OldPocket","stsjorbsmod:BlackTentacles"],"picked":"stsjorbsmod:Mending","floor":31},{"not_picked":["stsjorbsmod:ThirstingSword","stsjorbsmod:Rediscovery","stsjorbsmod:ArcaneForm"],"picked":"stsjorbsmod:Feast","floor":33},{"not_picked":["stsjorbsmod:Index","stsjorbsmod:Hurt+1","stsjorbsmod:UnseenServant+1"],"picked":"stsjorbsmod:FaerieFire+1","floor":35},{"not_picked":["stsjorbsmod:ParryingBlow","stsjorbsmod:Hibernate","stsjorbsmod:TollTheDead+1"],"picked":"stsjorbsmod:FracturedMind+1","floor":35},{"not_picked":["stsjorbsmod:FranticSearch","stsjorbsmod:ThirstingSword","stsjorbsmod:Prepare"],"picked":"stsjorbsmod:Materialize+1","floor":36},{"not_picked":["stsjorbsmod:FaerieFire+1","stsjorbsmod:BurningFlask","stsjorbsmod:Rest+1"],"picked":"stsjorbsmod:Message+1","floor":36},{"not_picked":["stsjorbsmod:ColorSpray","stsjorbsmod:TinyHut","stsjorbsmod:Rest"],"picked":"stsjorbsmod:Firebolt+1","floor":37},{"not_picked":["stsjorbsmod:Hurt+1","stsjorbsmod:Inferno","stsjorbsmod:MistyStep+1"],"picked":"stsjorbsmod:RayOfFrost+1","floor":38},{"not_picked":["stsjorbsmod:FlameWard","stsjorbsmod:Hurt+1","stsjorbsmod:Mending"],"picked":"stsjorbsmod:Pyromancy+1","floor":40},{"not_picked":["stsjorbsmod:SchoolsOfMagic","stsjorbsmod:FracturedMind","stsjorbsmod:SiphonEnergy"],"picked":"stsjorbsmod:WeightOfMemory+1","floor":43},{"not_picked":["stsjorbsmod:FindFamiliar+1","stsjorbsmod:Channel","stsjorbsmod:MistyStep"],"picked":"stsjorbsmod:Materialize+1","floor":45},{"not_picked":["stsjorbsmod:Hurt","stsjorbsmod:MagicMissiles","stsjorbsmod:Hibernate"],"picked":"stsjorbsmod:WeightOfMemory+1","floor":45},{"not_picked":["stsjorbsmod:Firebolt+1","stsjorbsmod:TrueStrike+1","stsjorbsmod:FranticSearch+1"],"picked":"stsjorbsmod:Will+1","floor":46},{"not_picked":["stsjorbsmod:DisguiseSelf","stsjorbsmod:Materialize+1","stsjorbsmod:Fear"],"picked":"stsjorbsmod:ArcaneWeapon+1","floor":46},{"not_picked":["stsjorbsmod:TrueStrike","stsjorbsmod:Introspection+1","stsjorbsmod:BookOfTongues+1"],"picked":"stsjorbsmod:BurningFlask+1","floor":48},{"not_picked":["stsjorbsmod:DoubleCheck","stsjorbsmod:ChatteringStrike","stsjorbsmod:MageArmor+1"],"picked":"stsjorbsmod:WanderingMind+1","floor":48}],"player_experience":490577,"relics_obtained":[{"floor":6.0,"key":"Mango"},{"floor":9.0,"key":"Matryoshka"},{"floor":11.0,"key":"Lantern"},{"floor":24,"key":"Toy Ornithopter"},{"floor":25,"key":"Question Card"},{"floor":25,"key":"Tiny Chest"},{"floor":26,"key":"War Paint"},{"floor":26,"key":"Bag of Preparation"},{"floor":28,"key":"Pen Nib"},{"floor":37,"key":"FossilizedHelix"},{"floor":38,"key":"TungstenRod"},{"floor":39,"key":"Smiling Mask"},{"floor":40,"key":"Frozen Egg 2"},{"floor":43,"key":"stsjorbsmod:MindPalaceRelic"}],"event_choices":[{"damage_healed":0.0,"max_hp_gain":0.0,"max_hp_loss":0.0,"gold_gain":0.0,"event_name":"Golden Idol","player_choice":"Take Wound","floor":2.0,"gold_loss":0.0,"damage_taken":0.0,"relics_obtained":["Golden Idol"],"cards_obtained":["Injury"]},{"damage_healed":0.0,"max_hp_gain":0.0,"max_hp_loss":0.0,"gold_gain":0.0,"event_name":"Match and Keep!","player_choice":"2 cards matched","floor":5.0,"gold_loss":0.0,"damage_taken":0.0,"cards_obtained":["stsjorbsmod:HoldMonster","stsjorbsmod:ColorSpray"]},{"damage_healed":0,"gold_gain":0,"player_choice":"Fight","damage_taken":0,"max_hp_gain":0,"max_hp_loss":0,"event_name":"Mysterious Sphere","floor":37,"gold_loss":0},{"damage_healed":0,"gold_gain":0,"player_choice":"Fight","damage_taken":0,"max_hp_gain":0,"max_hp_loss":0,"event_name":"MindBloom","floor":38,"gold_loss":0},{"damage_healed":0,"gold_gain":333,"player_choice":"Gave Idol","damage_taken":0,"max_hp_gain":0,"max_hp_loss":0,"event_name":"The Moai Head","floor":42,"relics_lost":["Golden Idol"],"gold_loss":0}],"is_beta":false,"boss_relics":[{"not_picked":["Empty Cage","energizedSpire:DeadBattery"],"picked":"energizedSpire:OgreHead"},{"not_picked":["Runic Dome","jesterMod:MachoBrace"],"picked":"energizedSpire:RedRose"}],"items_purged_floors":[19,44],"is_endless":false,"potions_floor_spawned":[1,6,8,11,16,20,27,30,31,36,37,40,45],"ascension_level":0}}