{"host":"ssbj2e5691x5ub3h","time":1608590126,"event":{"mods":["BaseMod","Duelist Mod","Minty Spire (QoL Compilation)","StSLib"],"gold_per_floor":[143,162,172,190,190,190,208,208,232,169,195,206,222,234,234,331,331,347,347,364,380,380,380,380,157,157,176,176,187,201,215,215,315,315,333,350,203,49,64,64,98,98,122,122,122,122],"floor_reached":45,"playtime":25348,"items_purged":["Writhe"],"score":474,"play_id":"a1b61e84-81c2-4239-b9aa-575e509c450c","local_time":"20201221203526","is_ascension_mode":true,"campfire_choices":[{"data":"theDuelist:InariFire","floor":6,"key":"SMITH"},{"data":"theDuelist:InjectionFairy","floor":8,"key":"SMITH"},{"data":"theDuelist:Illusionist","floor":15,"key":"SMITH"},{"floor":23,"key":"REST"},{"floor":32,"key":"REST"},{"floor":40,"key":"REST"},{"floor":42,"key":"REST"},{"floor":44,"key":"REST"}],"circlet_count":0,"master_deck":["theDuelist:CastleWalls+1","theDuelist:CastleWalls","theDuelist:DarkMagician","theDuelist:MysticalElf","theDuelist:MysticalElf+1","theDuelist:NeoMagic","theDuelist:NeoMagic","theDuelist:Sparks","theDuelist:Sparks","theDuelist:Sparks","theDuelist:ExodiaHead","theDuelist:GeminiElf","theDuelist:InjectionFairy+1","theDuelist:InariFire+1","theDuelist:ApprenticeIllusionMagician","theDuelist:FairyBox","theDuelist:CircleFireKings","theDuelist:Illusionist+1","theDuelist:WhiteMagicalHat","theDuelist:InjectionFairy","theDuelist:IceQueen","theDuelist:AltarTribute+1","theDuelist:IceQueen","J.A.X.","theDuelist:GateGuardian","theDuelist:SkilledDarkMagician","theDuelist:GiantTrunade","theDuelist:RainbowMagician+1","theDuelist:StatueAnguishPattern+1","theDuelist:PowerKaishin+1","theDuelist:SwordsRevealing","theDuelist:FairyBox+1"],"relics":["theDuelist:MillenniumPuzzle","theDuelist:CardPoolRelic","theDuelist:CardPoolBasicRelic","theDuelist:BoosterPackPoolRelic","theDuelist:CardPoolAddRelic","theDuelist:CardPoolMinusRelic","theDuelist:CardPoolSaveRelic","theDuelist:CardPoolOptionsRelic","Centennial Puzzle","War Paint","Fusion Hammer","MealTicket","theDuelist:SpellcasterOrb","Unceasing Top","SlaversCollar","Regal Pillow","Kunai","theDuelist:StoneExxod"],"acts_visited":["Exordium","TheCity","TheBeyond"],"potions_floor_usage":[11,16,21,33,33,45],"damage_taken":[{"damage":0.0,"enemies":"2 Louse","floor":1.0,"turns":3.0},{"damage":3.0,"enemies":"Jaw Worm","floor":2.0,"turns":4.0},{"damage":0.0,"enemies":"Cultist","floor":3.0,"turns":4.0},{"damage":7,"enemies":"Exordium Wildlife","floor":4,"turns":4},{"damage":8,"enemies":"Red Slaver","floor":7,"turns":3},{"damage":15,"enemies":"Lagavulin","floor":11,"turns":6},{"damage":2,"enemies":"Looter","floor":12,"turns":3},{"damage":4,"enemies":"Blue Slaver","floor":13,"turns":3},{"damage":7,"enemies":"3 Louse","floor":14,"turns":3},{"damage":43,"enemies":"Hexaghost","floor":16,"turns":12},{"damage":20,"enemies":"3 Byrds","floor":18,"turns":6},{"damage":17,"enemies":"Shell Parasite","floor":20,"turns":8},{"damage":40,"enemies":"3 Cultists","floor":21,"turns":8},{"damage":3,"enemies":"Centurion and Healer","floor":27,"turns":5},{"damage":24,"enemies":"Shelled Parasite and Fungi","floor":29,"turns":3},{"damage":2,"enemies":"Cultist and Chosen","floor":30,"turns":3},{"damage":11,"enemies":"Centurion and Healer","floor":31,"turns":5},{"damage":42,"enemies":"Collector","floor":33,"turns":13},{"damage":5,"enemies":"3 Shapes","floor":35,"turns":2},{"damage":56,"enemies":"3 Darklings","floor":36,"turns":4},{"damage":21,"enemies":"Jaw Worm Horde","floor":39,"turns":4},{"damage":21,"enemies":"Nemesis","floor":41,"turns":6},{"damage":94,"enemies":"2 Orb Walkers","floor":45,"turns":5}],"seed_played":"2516545254356476695","potions_obtained":[{"floor":4,"key":"theDuelist:OrbBottle"},{"floor":7,"key":"theDuelist:FlamingBottle"},{"floor":12,"key":"Strength Potion"},{"floor":14,"key":"theDuelist:FireBottle"},{"floor":18,"key":"Fire Potion"},{"floor":29,"key":"theDuelist:FireBottle"},{"floor":30,"key":"Weak Potion"},{"floor":39,"key":"PowerPotion"},{"floor":41,"key":"FocusPotion"}],"is_trial":false,"path_per_floor":["M","M","M","M","?","R","M","R","T","?","E","M","M","M","R","B",null,"M","?","M","M","?","R","?","$","T","M","$","M","M","M","R","B",null,"M","M","$","?","M","R","E","R","T","R","?"],"character_chosen":"THE_DUELIST","items_purchased":["theDuelist:SpellcasterOrb","Regal Pillow"],"campfire_rested":5,"item_purchase_floors":[25,37],"current_hp_per_floor":[80,77,80,77,77,77,73,73,73,73,63,66,67,65,65,27,80,69,69,71,45,45,69,69,80,80,80,80,56,58,51,75,56,80,75,24,39,39,22,61,40,79,79,80,0,0],"gold":122,"neow_bonus":"ONE_RANDOM_RARE_CARD","is_daily":false,"chose_seed":false,"campfire_upgraded":3,"win_rate":0.0,"timestamp":1608590126,"path_taken":["M","M","M","M","?","R","M","R","T","?","E","M","?","M","R","BOSS","M","?","M","?","?","R","?","$","T","M","?","M","M","M","R","BOSS","M","M","$","?","M","R","E","R","T","R","?"],"items_purchased_type":["Relic","Relic"],"build_version":"2020-12-13","purchased_purges":1,"victory":false,"max_hp_per_floor":[80,80,80,80,80,80,80,80,80,80,80,80,80,80,80,80,80,80,80,80,80,80,80,80,80,80,80,80,80,80,80,80,80,80,80,80,80,80,80,80,80,80,80,80,80,80],"card_choices":[{"not_picked":["theDuelist:DarkMagician","theDuelist:PowerKaishin","theDuelist:SpellShatteringArrow","theDuelist:SpiritHarp"],"picked":"theDuelist:GeminiElf","floor":1.0},{"not_picked":["theDuelist:DarkMagicianGirl","theDuelist:DarkMagician","theDuelist:MysticalElf","theDuelist:MagiciansRobe"],"picked":"theDuelist:InjectionFairy","floor":2.0},{"not_picked":["theDuelist:VoidExpansion","theDuelist:MindAir","theDuelist:BadReaction"],"picked":"theDuelist:InariFire","floor":3.0},{"not_picked":["theDuelist:SangaEarth","theDuelist:OnslaughtFireKings","theDuelist:BlizzardWarrior","theDuelist:GoblinSecret"],"picked":"theDuelist:ApprenticeIllusionMagician","floor":4},{"not_picked":["theDuelist:NeoMagic","theDuelist:DarkMagicianGirl","theDuelist:BlueDragonSummoner","theDuelist:SpellShatteringArrow"],"picked":"theDuelist:FairyBox","floor":7},{"not_picked":["theDuelist:DarkMagician","theDuelist:BlizzardWarrior","theDuelist:SpellShatteringArrow","theDuelist:AncientElf"],"picked":"theDuelist:Illusionist","floor":11},{"not_picked":["theDuelist:ExodiaNecross","theDuelist:ContractExodia","theDuelist:LegendaryExodia","theDuelist:ExodiaRL","theDuelist:ExodiaRA"],"picked":"SKIP","floor":12},{"not_picked":["theDuelist:SangaThunder","theDuelist:BlueDragonSummoner","theDuelist:CallAtlanteans","theDuelist:MysticalElf"],"picked":"theDuelist:WhiteMagicalHat","floor":13},{"not_picked":["theDuelist:SpellShatteringArrow","theDuelist:BlizzardWarrior","theDuelist:DarkMagician","theDuelist:LegendaryFlameLord"],"picked":"theDuelist:InjectionFairy","floor":14},{"not_picked":["theDuelist:Wildfire","theDuelist:RainbowDarkDragon","theDuelist:SwordsRevealing","theDuelist:SwordsBurning"],"picked":"theDuelist:IceQueen","floor":16},{"not_picked":["theDuelist:NeoMagic","theDuelist:DarkMagician+1","theDuelist:PowerKaishin","theDuelist:InjectionFairy"],"picked":"theDuelist:AltarTribute+1","floor":18},{"not_picked":["theDuelist:MysticalElf","theDuelist:InariFire+1","theDuelist:DarkMagician","theDuelist:Illusionist+1"],"picked":"theDuelist:IceQueen","floor":20},{"not_picked":["theDuelist:NeoMagic","theDuelist:InjectionFairy","theDuelist:DarkMagician","theDuelist:Illusionist","theDuelist:WhiteMagicalHat"],"picked":"SKIP","floor":21},{"not_picked":["theDuelist:LegendaryExodia","theDuelist:IrisEarthMother","theDuelist:ApprenticeIllusionMagician","theDuelist:GrandSpellbookTower"],"picked":"theDuelist:GateGuardian","floor":27},{"not_picked":["theDuelist:SpellShatteringArrow","theDuelist:NeoMagic","theDuelist:OnslaughtFireKings+1","theDuelist:FairyBox+1","theDuelist:WonderWand"],"picked":"SKIP","floor":29},{"not_picked":["theDuelist:ExodiaNecross","theDuelist:CosmoBrain+1","theDuelist:ContractExodia","theDuelist:ExodiaHead"],"picked":"theDuelist:SkilledDarkMagician","floor":30},{"not_picked":["theDuelist:SpellShatteringArrow+1","theDuelist:ContractExodia","theDuelist:VoidExpansion","theDuelist:GoblinSecret"],"picked":"theDuelist:GiantTrunade","floor":31},{"not_picked":["theDuelist:RainbowDarkDragon","theDuelist:IceQueen","theDuelist:GateGuardian","theDuelist:SangaWater"],"picked":"theDuelist:RainbowMagician+1","floor":33},{"not_picked":["theDuelist:WhiteHowling+1","theDuelist:AltarTribute+1","theDuelist:Graverobber","theDuelist:BadReaction+1"],"picked":"theDuelist:StatueAnguishPattern+1","floor":35},{"not_picked":["theDuelist:SilentDoom+1","theDuelist:InfernoFireBlast+2","theDuelist:DiffusionWaveMotion+1","theDuelist:MagicalBlast+1"],"picked":"theDuelist:PowerKaishin+1","floor":36},{"not_picked":["HandOfGreed","Impatience","The Bomb","Violence"],"picked":"SKIP","floor":39},{"not_picked":["theDuelist:WhiteHowling","theDuelist:DarkHorizon+1","theDuelist:IcyCrevasse+1","theDuelist:BadReaction+1"],"picked":"theDuelist:FairyBox+1","floor":41}],"player_experience":159429,"relics_obtained":[{"floor":9,"key":"Centennial Puzzle"},{"floor":11,"key":"War Paint"},{"floor":26,"key":"Unceasing Top"},{"floor":41,"key":"Kunai"},{"floor":43,"key":"theDuelist:StoneExxod"}],"event_choices":[{"damage_healed":0,"gold_gain":0,"player_choice":"Leave","duelist":true,"damage_taken":0,"max_hp_gain":0,"max_hp_loss":0,"event_name":"Battle City","floor":5,"gold_loss":0},{"damage_healed":0,"gold_gain":0,"player_choice":"Purchased Circle of Fire Kings for 63 Gold.","duelist":true,"damage_taken":0,"max_hp_gain":0,"max_hp_loss":0,"event_name":"Card Trader","floor":10,"gold_loss":0},{"damage_healed":0,"gold_gain":0,"player_choice":"Leave","duelist":true,"damage_taken":0,"max_hp_gain":0,"max_hp_loss":0,"event_name":"Battle City","floor":19,"gold_loss":0},{"damage_healed":0,"gold_gain":0,"player_choice":"Obtain J.A.X.","damage_taken":0,"max_hp_gain":0,"max_hp_loss":0,"event_name":"Drug Dealer","floor":22,"gold_loss":0,"cards_obtained":["J.A.X."]},{"damage_healed":0,"gold_gain":0,"player_choice":"Opened","damage_taken":0,"relics_obtained":["MealTicket"],"max_hp_gain":0,"max_hp_loss":0,"event_name":"The Mausoleum","floor":24,"gold_loss":0,"cards_obtained":["Writhe"]},{"damage_healed":0,"gold_gain":0,"player_choice":"Purchased Revealing Swords for 154 Gold.","duelist":true,"damage_taken":0,"max_hp_gain":0,"max_hp_loss":0,"event_name":"Card Trader","floor":38,"gold_loss":0},{"damage_healed":0,"gold_gain":0,"player_choice":"Fight","damage_taken":0,"max_hp_gain":0,"max_hp_loss":0,"event_name":"Mysterious Sphere","floor":45,"gold_loss":0}],"is_beta":false,"boss_relics":[{"not_picked":["Runic Cube","Tiny House"],"picked":"Fusion Hammer"},{"not_picked":["Runic Dome","Astrolabe"],"picked":"SlaversCollar"}],"items_purged_floors":[25],"is_endless":false,"potions_floor_spawned":[4,7,12,14,18,20,29,30,31,39,41],"killed_by":"2 Orb Walkers","ascension_level":1}}