{"host":"kstmajdnxm8lto3o","time":1608584834,"event":{"mods":["Aspiration","BaseMod","Better Third Choice","BetterRewards","CCEM","Conspire","Downfall","Gremlin Skip","Highlight Path","Hubris","Minty Spire (QoL Compilation)","Replay The Spire","Shop Mod","Spicy Shops","StSLib"],"gold_per_floor":[114,131,146,161,261,261,261,293,293,318,318,318,334,334,352,371,371,471,471,485,518,518,529,543,543,577,589,601,629,660,672,672],"floor_reached":31,"playtime":1471,"items_purged":[],"score":282,"play_id":"d8e25e5c-3f8d-42fe-87bc-fcb1eade3ab5","local_time":"20201221160714","is_ascension_mode":true,"campfire_choices":[{"floor":9,"key":"REST"},{"floor":12,"key":"REST"},{"data":"Dualcast","floor":14,"key":"SMITH"},{"data":"Zap","floor":17,"key":"SMITH"},{"floor":25,"key":"REST"},{"floor":27,"key":"REST"}],"circlet_count":0,"master_deck":["Defend_B","Defend_B+1","Defend_B","Defend_B","Zap+1","Dualcast+1","Ball Lightning","Conserve Battery","Sweeping Beam+1","Streamline","Defragment","Conserve Battery","Cold Snap","Coolheaded","Electrodynamics","Doom and Gloom+1","Slimebound:Tackle+1","Slimebound:Tackle+1","Slimebound:Tackle+1","Aggregate+1","Sweeping Beam+1","Undo+1","Beam Cell+1"],"relics":["Cracked Core","Calipers","Sundial","Gremlin Food","Black Star","Red Mask","MawBank","hubris:DeckOfHolding","CCEMRelics:JestersCrown"],"acts_visited":["Exordium","TheCity"],"potions_floor_usage":[10,20,21,24,31,31],"damage_taken":[{"damage":6,"enemies":"2 Louse","floor":1,"turns":2},{"damage":6,"enemies":"Cultist","floor":2,"turns":3},{"damage":6,"enemies":"Jaw Worm","floor":3,"turns":2},{"damage":9,"enemies":"Lots of Slimes","floor":4,"turns":3},{"damage":24,"enemies":"Lagavulin","floor":8,"turns":6},{"damage":30,"enemies":"3 Sentries","floor":10,"turns":5},{"damage":0,"enemies":"2 Fungi Beasts","floor":13,"turns":3},{"damage":2,"enemies":"Exordium Wildlife","floor":15,"turns":4},{"damage":5,"enemies":"Looter","floor":16,"turns":3},{"damage":19,"enemies":"Hexaghost","floor":18,"turns":11},{"damage":3,"enemies":"Spheric Guardian","floor":20,"turns":3},{"damage":15,"enemies":"Masked Bandits","floor":21,"turns":4},{"damage":1,"enemies":"Shell Parasite","floor":23,"turns":6},{"damage":38,"enemies":"Shelled Parasite and Fungi","floor":24,"turns":5},{"damage":31,"enemies":"Slavers","floor":26,"turns":4},{"damage":0,"enemies":"Centurion and Healer","floor":29,"turns":4},{"damage":22,"enemies":"Snecko","floor":30,"turns":5},{"damage":9,"enemies":"Book of Stabbing","floor":31,"turns":4}],"seed_played":"-4622728488007377774","potions_obtained":[{"floor":1,"key":"Flashbang"},{"floor":8,"key":"FocusPotion"},{"floor":10,"key":"Swift Potion"},{"floor":13,"key":"Energy Potion"},{"floor":24,"key":"Doom Potion"},{"floor":29,"key":"Explosive Potion"},{"floor":30,"key":"BlessingOfTheForge"}],"is_trial":false,"path_per_floor":["M","M","M","M","?","PTL","PTL","E","R","E","T","R","M","R","M","M","R","B",null,"M","?","?","M","M","R","E","R","T","M","M","E"],"character_chosen":"DEFECT","items_purchased":[],"campfire_rested":4,"item_purchase_floors":[],"current_hp_per_floor":[69,63,57,48,48,48,48,24,46,16,16,38,38,38,36,31,31,12,75,72,57,57,56,18,40,9,31,31,31,9,0,0],"gold":672,"neow_bonus":"","is_daily":false,"chose_seed":false,"campfire_upgraded":2,"win_rate":0.0,"timestamp":1608584834,"path_taken":["M","M","M","M","?","PTL","PTL","E","R","E","T","R","M","R","M","M","R","BOSS","M","?","?","M","M","R","E","R","T","M","M","E"],"items_purchased_type":[],"build_version":"2020-12-13","purchased_purges":0,"victory":false,"max_hp_per_floor":[75,75,75,75,75,75,75,75,75,75,75,75,75,75,75,75,75,75,75,75,75,75,75,75,75,75,75,75,75,75,75,75],"card_choices":[{"not_picked":["Chill","BasicCrystalCard","Compile Driver"],"picked":"SKIP","floor":1},{"not_picked":["Sweeping Beam","Beam Cell"],"picked":"Ball Lightning","floor":2},{"not_picked":["BootSequence","Tempest"],"picked":"Conserve Battery","floor":3},{"not_picked":["Rebound","Leap"],"picked":"Sweeping Beam","floor":4},{"not_picked":["Hologram","Multi-Cast"],"picked":"Streamline","floor":8},{"not_picked":["Melter","Compile Driver"],"picked":"Defragment","floor":10},{"not_picked":["Turbo","Leap"],"picked":"Conserve Battery","floor":13},{"not_picked":["ReplaySolidLightProjector","Barrage"],"picked":"Cold Snap","floor":15},{"not_picked":["Recycle","Conserve Battery"],"picked":"Coolheaded","floor":16},{"not_picked":["ReplayTheSpireMod:Fabricate Wheel","Hyperbeam"],"picked":"Electrodynamics","floor":18},{"not_picked":["Hologram+1","Gash","Sunder"],"picked":"SKIP","floor":20},{"not_picked":["Crystallizer+1","Rip and Tear"],"picked":"Doom and Gloom","floor":21},{"not_picked":["Hologram+1","ReplaySort"],"picked":"Aggregate+1","floor":23},{"not_picked":["conspire:Rain","ReplayTheSpireMod:System Scan","Recycle"],"picked":"SKIP","floor":24},{"not_picked":["Recycle","Heatsinks+1"],"picked":"Sweeping Beam+1","floor":26},{"not_picked":["BasicCrystalCard","Ball Lightning+1"],"picked":"Undo+1","floor":29},{"not_picked":["BasicCrystalCard","ReplayTheSpireMod:System Scan"],"picked":"Beam Cell+1","floor":30}],"player_experience":476356,"relics_obtained":[{"floor":8,"key":"Calipers"},{"floor":10,"key":"Sundial"},{"floor":11,"key":"Gremlin Food"},{"floor":21,"key":"Red Mask"},{"floor":26,"key":"MawBank"},{"floor":26,"key":"hubris:DeckOfHolding"},{"floor":28,"key":"CCEMRelics:JestersCrown"}],"event_choices":[{"damage_healed":0,"gold_gain":100,"player_choice":"Pray","damage_taken":0,"max_hp_gain":0,"max_hp_loss":0,"event_name":"Golden Shrine","floor":5,"gold_loss":0},{"damage_healed":0,"gold_gain":0,"player_choice":"Fought Bandits","damage_taken":0,"max_hp_gain":0,"max_hp_loss":0,"event_name":"Masked Bandits","floor":21,"gold_loss":0}],"is_beta":false,"boss_relics":[{"not_picked":["aspiration:BursterCore","conspire:SeveredTorchhead"],"picked":"Black Star"}],"items_purged_floors":[],"is_endless":false,"potions_floor_spawned":[1,8,10,13,18,24,29,30],"killed_by":"Book of Stabbing","ascension_level":1}}