{"host":"hfxp6ue4pvwo3fit","time":1608536286,"event":{"mods":["AchievementEnabler","BaseMod","Colored Map","Colored Powertips","Highlight Path","Hubris","Minty Spire (QoL Compilation)","StSLib","SuperFastMode"],"gold_per_floor":[117,133,146,158,174,174,208,208,261,261,279,279,295,307,307,383,383,394,314,314],"floor_reached":19,"playtime":646,"items_purged":[],"score":329,"play_id":"cae35b3f-d983-4b7b-bd25-ce0407622eeb","local_time":"20201221013806","is_ascension_mode":true,"campfire_choices":[{"floor":6,"key":"REST"},{"data":"Defragment","floor":10,"key":"SMITH"},{"data":"Chaos","floor":12,"key":"SMITH"},{"floor":15,"key":"REST"}],"circlet_count":0,"master_deck":["AscendersBane","Strike_B","Strike_B","Strike_B","Strike_B","Defend_B","Defend_B","Defend_B","Defend_B","Zap","Dualcast","Defragment+1","Go for the Eyes","Loop","Chaos+1","Hologram","Barrage","Conserve Battery","White Noise","Gash","Echo Form","Ball Lightning"],"relics":["Cracked Core","hubris:ToyBattleship","Eternal Feather","Juzu Bracelet","Snecko Eye"],"acts_visited":["Exordium","TheCity"],"potions_floor_usage":[5,16,16,19],"damage_taken":[{"damage":7,"enemies":"Cultist","floor":1,"turns":4},{"damage":7,"enemies":"Jaw Worm","floor":2,"turns":3},{"damage":8,"enemies":"Small Slimes","floor":3,"turns":3},{"damage":9,"enemies":"Blue Slaver","floor":4,"turns":4},{"damage":19,"enemies":"Gremlin Gang","floor":5,"turns":4},{"damage":15,"enemies":"Lagavulin","floor":7,"turns":7},{"damage":7,"enemies":"2 Fungi Beasts","floor":11,"turns":3},{"damage":8,"enemies":"Looter","floor":13,"turns":3},{"damage":21,"enemies":"3 Louse","floor":14,"turns":3},{"damage":12,"enemies":"Slime Boss","floor":16,"turns":8},{"damage":23,"enemies":"Chosen","floor":18,"turns":5},{"damage":41,"enemies":"2 Thieves","floor":19,"turns":2}],"seed_played":"-6911016859899696908","potions_obtained":[{"floor":1,"key":"DistilledChaos"},{"floor":2,"key":"SpeedPotion"},{"floor":3,"key":"Explosive Potion"},{"floor":13,"key":"PotionOfCapacity"},{"floor":16,"key":"Weak Potion"}],"is_trial":false,"path_per_floor":["M","M","M","M","M","R","E","?","T","R","M","R","M","M","R","B",null,"M","M"],"character_chosen":"DEFECT","items_purchased":[],"campfire_rested":2,"item_purchase_floors":[],"current_hp_per_floor":[57,50,42,33,14,35,20,20,20,29,22,31,23,2,35,23,59,36,0,0],"gold":314,"neow_bonus":"RANDOM_COMMON_RELIC","is_daily":false,"chose_seed":false,"campfire_upgraded":2,"win_rate":0.0,"timestamp":1608536286,"path_taken":["M","M","M","M","?","R","E","?","T","R","M","R","M","M","R","BOSS","M","M"],"items_purchased_type":[],"build_version":"2020-12-13","purchased_purges":0,"victory":false,"max_hp_per_floor":[71,71,71,71,71,71,71,71,71,71,71,71,71,71,71,71,71,71,71,71],"card_choices":[{"not_picked":["Go for the Eyes","Stack"],"picked":"Defragment","floor":1},{"not_picked":["Double Energy","Leap"],"picked":"Go for the Eyes","floor":2},{"not_picked":["Darkness","Skim"],"picked":"Loop","floor":3},{"not_picked":["Consume","Double Energy"],"picked":"Chaos","floor":4},{"not_picked":["Conserve Battery","Sweeping Beam"],"picked":"Hologram","floor":5},{"not_picked":["Hologram","Lockon"],"picked":"Barrage","floor":7},{"not_picked":["Hologram","Beam Cell"],"picked":"Conserve Battery","floor":11},{"not_picked":["hubris:SpecializedCircuitry","Compile Driver"],"picked":"White Noise","floor":13},{"not_picked":["Fusion","Barrage"],"picked":"Gash","floor":14},{"not_picked":["hubris:Prefetch","Hyperbeam"],"picked":"Echo Form","floor":16},{"not_picked":["Barrage","Streamline"],"picked":"Ball Lightning","floor":18}],"player_experience":404613,"relics_obtained":[{"floor":7,"key":"Eternal Feather"},{"floor":9,"key":"Juzu Bracelet"}],"event_choices":[{"damage_healed":0,"gold_gain":0,"player_choice":"Ignored","damage_taken":0,"max_hp_gain":0,"max_hp_loss":0,"event_name":"Shining Light","floor":8,"gold_loss":0}],"is_beta":false,"boss_relics":[{"not_picked":["Black Star","Calling Bell"],"picked":"Snecko Eye"}],"items_purged_floors":[],"is_endless":false,"potions_floor_spawned":[1,2,3,13,16],"killed_by":"2 Thieves","ascension_level":18}}