{"host":"j4tm1fhkymdbe3p9","time":1608542392,"event":{"mods":["A Magickal Journey","BaseMod","Better Third Choice","BetterRewards","Chen","Downfall","Hermit","Hubris","Infinite Spire","Koishi","Luminous","Marisa????????","Mimic Mod","Minty Spire (QoL Compilation)","Reimu??????","Remilia??????","Replay The Spire","Shade Mod","Shop Mod","StSLib","The Administrix","The Animator","The Blackbeard","The Bladedancer","The Construct","The Cursed","The Disciple","The Druid","The Exalted","The Gatherer","The Hierophant","The Mystic","The Necromancer","The Runesmith","The Servant 0.9.4","The Spell Scribe","TheSwordswoman","??????REMEMod"],"gold_per_floor":[117,117,137,137,137,137,211,211,211,227,63,63,63,77,77,179,179,194,194,194,212,223,252,270,270,318,233,233,253,268,268,268,367,367,383,226,240,120,120,157,157,157,157,157,157,157,177,0,0,12,12],"floor_reached":50,"playtime":2336,"items_purged":["hubris:Disease"],"score":501,"play_id":"fe7a5c47-b886-4e57-b456-a4638f392b4b","local_time":"20201221041952","is_ascension_mode":false,"campfire_choices":[{"data":"RedMoon","floor":6,"key":"SMITH"},{"data":"Ultimatum","floor":8,"key":"SMITH"},{"floor":25,"key":"REST"},{"floor":28,"key":"REST"},{"data":"MastersStateliness","floor":32,"key":"SMITH"},{"data":"Mayhem","floor":41,"key":"SMITH"},{"data":"BloodHunter","floor":46,"key":"SMITH"},{"data":"Replay:Dark Deal","floor":49,"key":"SMITH"}],"circlet_count":0,"master_deck":["ScarletCoffin+1","Strike_RM","Strike_RM+1","Defend_RM+1","Defend_RM+1","Defend_RM+1","Defend_RM+1","RedMoon+1","ScarletShoot+1","Ultimatum+1","Delirium","BloodySeventeenLaser+1","ScarletDevil","BadLadyScramble","BatForm+1","ScarletDevil+1","BloodySeventeenLaser+1","BloodHunter+1","MastersStateliness+1","StarOfDavid+1","Mayhem+1","Replay:Dark Deal+1","expansioncontent:Sear","Panache","Wraith","BombardNight+1"],"relics":["ScarletHat","REME_ComplimentaryCards","Bromod:ArcaneTrickery","hubris:TinFlute","Ring of Fury","HornCleat","ReplayTheSpireMod:CursedCoin","infinitespire:Bottled Soul","hubris:Icosahedron","Replay:Bronze Core","betterThird:NestCultRelic","Bromod:ArcaneNullifier","Juzu Bracelet","infinitespire:Midas Blood","Runic Dome","Whetstone","ReplayTheSpireMod:ShopPack","infinitespire:Beetle Shell","Runesmith:AutoHammer","Ornamental Fan","Red Mask"],"acts_visited":["Exordium","TheCity","TheBeyond"],"potions_floor_usage":[16,18,50],"damage_taken":[{"damage":0,"enemies":"Jaw Worm","floor":1,"turns":3},{"damage":1,"enemies":"Cultist","floor":3,"turns":7},{"damage":0,"enemies":"2 Louse","floor":10,"turns":4},{"damage":0,"enemies":"2 Fungi Beasts","floor":14,"turns":5},{"damage":2,"enemies":"Fading Forest","floor":16,"turns":12},{"damage":13,"enemies":"Chosen","floor":18,"turns":8},{"damage":0,"enemies":"3 Byrds","floor":21,"turns":7},{"damage":19,"enemies":"3 Cultists","floor":22,"turns":7},{"damage":31,"enemies":"Slavers","floor":23,"turns":5},{"damage":3,"enemies":"Shelled Parasite and Fungi","floor":24,"turns":3},{"damage":0,"enemies":"Snake Plant","floor":29,"turns":3},{"damage":17,"enemies":"Centurion and Healer","floor":30,"turns":5},{"damage":16,"enemies":"Champ","floor":33,"turns":4},{"damage":7,"enemies":"Orb Walker","floor":35,"turns":2},{"damage":2,"enemies":"3 Darklings","floor":37,"turns":8},{"damage":14,"enemies":"Nemesis","floor":40,"turns":7},{"damage":19,"enemies":"Spire Growth","floor":47,"turns":4},{"damage":59,"enemies":"Donu and Deca","floor":50,"turns":5}],"seed_played":"741063542539538641","potions_obtained":[{"floor":10,"key":"SpeedPotion"},{"floor":14,"key":"Energy Potion"},{"floor":14,"key":"Weak Potion"},{"floor":21,"key":"Reflective Coating"},{"floor":23,"key":"Adrenaline Potion"},{"floor":30,"key":"DestinyDice"}],"is_trial":false,"path_per_floor":["M","?","M","$","?","R","?","R","T","M","$","?","?","M","R","B",null,"M","?","?","M","M","E","M","R","T","?","R","M","M","?","R","B",null,"M","$","M","$","?","E","R","T","T","?","?","R","M","?","R","B"],"character_chosen":"REMILIA","items_purchased":["ReplayTheSpireMod:CursedCoin","infinitespire:Bottled Soul","Whetstone","ReplayTheSpireMod:ShopPack"],"campfire_rested":2,"item_purchase_floors":[11,11,36,38],"current_hp_per_floor":[75,75,74,74,74,74,74,74,74,74,74,74,67,70,70,75,75,62,62,62,62,43,12,10,32,32,32,54,54,37,62,62,59,75,68,68,72,72,72,61,61,61,61,61,61,61,56,56,56,0,0],"gold":12,"neow_bonus":"REMOVE_CARD","is_daily":false,"chose_seed":false,"campfire_upgraded":6,"win_rate":0.0,"timestamp":1608542392,"path_taken":["M","?","?","$","?","R","?","R","T","M","$","?","?","M","R","BOSS","M","?","?","M","M","E","M","R","T","?","R","M","M","?","R","BOSS","M","$","M","$","?","E","R","?","T","?","?","R","M","?","R","BOSS"],"items_purchased_type":["Relic","Relic","Relic","Relic"],"build_version":"2020-12-13","purchased_purges":1,"victory":false,"max_hp_per_floor":[75,75,75,75,75,75,75,75,75,75,75,75,75,75,75,75,75,75,75,75,75,75,75,75,75,75,75,75,75,75,75,75,75,75,75,75,75,75,75,75,75,75,75,75,75,75,75,75,75,75,75],"card_choices":[{"not_picked":["VampireSweep","Stigmanizer"],"picked":"Ultimatum","floor":1},{"not_picked":["CharismaGuard","FavorOfDestiny","DevilSight"],"picked":"SKIP","floor":3},{"not_picked":["CharismaGuard","ScarletImprint"],"picked":"BloodySeventeenLaser","floor":10},{"not_picked":["FavorOfDestiny","EndlessAdversity"],"picked":"ScarletDevil","floor":14},{"not_picked":["EquivalentExchange","TricksterDevil"],"picked":"BatForm","floor":16},{"not_picked":["EndlessAdversity","Stigmanizer"],"picked":"ScarletDevil","floor":18},{"not_picked":["VampireKiss","BloodySeventeenLaser","ScarletGensokyo"],"picked":"SKIP","floor":21},{"not_picked":["BadLadyScramble","VampireKiss"],"picked":"BloodHunter","floor":22},{"not_picked":["MastersStateliness","TwelveNightmare","FavorOfDestiny"],"picked":"SKIP","floor":23},{"not_picked":["TwelveNightmare","FavorOfDestiny"],"picked":"MastersStateliness","floor":23},{"not_picked":["CharismaGuard","ScarletImprint"],"picked":"StarOfDavid+1","floor":24},{"not_picked":["RedNightlessCastle","UltimateOffering","ScarletImprint"],"picked":"SKIP","floor":29},{"not_picked":["Stigmanizer","BloodHunter","SuperhumanBloodyKnife"],"picked":"SKIP","floor":30},{"not_picked":["EndlessAdversity","RedRainbow+1","NightDance"],"picked":"SKIP","floor":35},{"not_picked":["FavorOfDestiny","VampirishNight","ScarletDevil+1"],"picked":"SKIP","floor":37},{"not_picked":["Poisoned Strike","REME_BuildACard"],"picked":"Mayhem","floor":38},{"not_picked":["expansioncontent:Hexaburn","Enlightenment"],"picked":"Replay:Dark Deal","floor":38},{"not_picked":["ReplayTheSpireMod:Brewmster","Replay:SS_fish_2"],"picked":"expansioncontent:Sear","floor":38},{"not_picked":["Replay:SS_forest_2","Metamorphosis"],"picked":"Panache","floor":39},{"not_picked":["RedNightlessCastle+1","BloodHunter","AfternoonTea+1"],"picked":"SKIP","floor":40},{"not_picked":["UltimateOffering+1","BloodyMagicSquare"],"picked":"BombardNight+1","floor":47}],"player_experience":580083,"relics_obtained":[{"floor":1,"key":"Bromod:ArcaneTrickery"},{"floor":3,"key":"hubris:TinFlute"},{"floor":5,"key":"Ring of Fury"},{"floor":9,"key":"HornCleat"},{"floor":23,"key":"Bromod:ArcaneNullifier"},{"floor":26,"key":"Juzu Bracelet"},{"floor":40,"key":"infinitespire:Beetle Shell"},{"floor":42,"key":"Runesmith:AutoHammer"},{"floor":43,"key":"Ornamental Fan"}],"event_choices":[{"damage_healed":0,"gold_gain":0,"player_choice":"Upgraded","damage_taken":0,"max_hp_gain":0,"max_hp_loss":0,"event_name":"Upgrade Shrine","floor":2,"gold_loss":0,"cards_upgraded":["ScarletShoot"]},{"damage_healed":0,"gold_gain":74,"player_choice":"Gained Gold","damage_taken":0,"max_hp_gain":0,"max_hp_loss":0,"event_name":"Golden Wing","floor":7,"gold_loss":0},{"damage_healed":0,"gold_gain":0,"player_choice":"Madness","damage_taken":0,"relics_obtained":["betterThird:NestCultRelic"],"max_hp_gain":0,"max_hp_loss":0,"event_name":"betterThird:BetterNest","floor":19,"gold_loss":0},{"damage_healed":0,"gold_gain":0,"player_choice":"Copied","damage_taken":0,"max_hp_gain":0,"max_hp_loss":0,"event_name":"Duplicator","floor":20,"gold_loss":0,"cards_obtained":["BloodySeventeenLaser"]},{"damage_healed":0,"gold_gain":0,"player_choice":"Obtained Relic","damage_taken":0,"relics_obtained":["infinitespire:Midas Blood"],"max_hp_gain":0,"max_hp_loss":0,"event_name":"Addict","floor":27,"gold_loss":85},{"damage_healed":25,"gold_gain":0,"player_choice":"Heal","damage_taken":0,"max_hp_gain":0,"max_hp_loss":0,"event_name":"The Library","floor":31,"gold_loss":0},{"damage_healed":0,"gold_gain":0,"player_choice":"Memory 1","damage_taken":0,"max_hp_gain":0,"max_hp_loss":0,"event_name":"SensoryStone","floor":39,"gold_loss":0},{"damage_healed":0,"gold_gain":0,"player_choice":"Ignored","damage_taken":0,"max_hp_gain":0,"max_hp_loss":0,"event_name":"OrinTheCat","floor":44,"gold_loss":0},{"damage_healed":0,"gold_gain":0,"player_choice":"Upgraded","damage_taken":0,"max_hp_gain":0,"max_hp_loss":0,"event_name":"Upgrade Shrine","floor":45,"gold_loss":0,"cards_upgraded":["BatForm"]},{"damage_healed":0,"gold_gain":0,"player_choice":"Paid","damage_taken":0,"relics_obtained":["Red Mask"],"max_hp_gain":0,"max_hp_loss":0,"event_name":"Tomb of Lord Red Mask","floor":48,"gold_loss":177}],"is_beta":false,"boss_relics":[{"not_picked":["construct:ClawGrip","hubris:CrackedHourglass"],"picked":"Replay:Bronze Core"},{"not_picked":["Busted Crown","Ring of Chaos"],"picked":"Runic Dome"}],"items_purged_floors":[11],"is_endless":false,"potions_floor_spawned":[10,14,21,23,30,33,40,47],"killed_by":"Donu and Deca","ascension_level":0}}