{"host":"Jean","time":1608560740,"event":{"mods":["BaseMod","Custom Start","Hubris","Minty Spire (QoL Compilation)","Replay The Spire","StSLib"],"gold_per_floor":[119,139,139,159,159,159,190,190,190,225,29,29,104,132,132,232,232,245,259,11,11,21,52,52,86,86,109,126,126,158,172,172,277,277,289,289,301,165,165,200,215,240,293,343,343,360,388,207,207,207],"floor_reached":51,"playtime":3524,"items_purged":["Strike_G","Strike_G"],"score":750,"play_id":"c874c7ee-5e02-4551-be2f-7e3d6b2d77a2","local_time":"20201221222540","is_ascension_mode":true,"campfire_choices":[{"data":"Neutralize","floor":6.0,"key":"SMITH"},{"floor":12.0,"key":"REST"},{"data":"Draining Mist","floor":15.0,"key":"SMITH"},{"data":"A Thousand Cuts","floor":24.0,"key":"SMITH"},{"data":"Footwork","floor":29.0,"key":"SMITH"},{"floor":45,"key":"REST"},{"floor":49,"key":"DIG"}],"circlet_count":0,"master_deck":["Defend_G","Defend_G","Defend_G","Defend_G","Survivor","Neutralize+1","Draining Mist+1","Dagger Throw+1","Backstab+1","Masterful Stab","A Thousand Cuts+1","Well Laid Plans+1","Footwork+1","Dash","Backflip+1","Venomology","Riddle With Holes+1","Survey Options+1","Terror+1","Noxious Fumes+1","Footwork","ReplayTheSpireMod:Trickstab+1","hubris:Sniper"],"relics":["Busted Crown","Blue Doll","Letter Opener","Juzu Bracelet","Art of War","Onion Ring","Velvet Choker","Shuriken","Ninja Scroll","ReplayTheSpireMod:TigerMarble","Question Card","Akabeko","ReplayFunnel","Fusion Hammer","hubris:AncientText","Replay:Mystery Machine","Smiling Mask","FossilizedHelix","Replay:PocketPolymizer","hubris:Spice"],"acts_visited":["Exordium","TheCity","TheBeyond"],"potions_floor_usage":[42,44,46,47,50,50],"damage_taken":[{"damage":2.0,"enemies":"Small Slimes","floor":1.0,"turns":4.0},{"damage":0.0,"enemies":"2 Louse","floor":2.0,"turns":2.0},{"damage":0.0,"enemies":"Jaw Worm","floor":4.0,"turns":5.0},{"damage":17.0,"enemies":"Lagavulin","floor":7.0,"turns":10.0},{"damage":15.0,"enemies":"Gremlin Nob","floor":10.0,"turns":4.0},{"damage":10.0,"enemies":"Replay:BlueRogue","floor":14.0,"turns":4.0},{"damage":16.0,"enemies":"Fading Forest","floor":16.0,"turns":11.0},{"damage":1.0,"enemies":"2 Thieves","floor":18.0,"turns":3.0},{"damage":0.0,"enemies":"Spheric Guardian","floor":19.0,"turns":2.0},{"damage":11.0,"enemies":"Shelled Parasite and Fungi","floor":22.0,"turns":3.0},{"damage":3.0,"enemies":"Gremlin Leader","floor":23.0,"turns":5.0},{"damage":8.0,"enemies":"Slavers","floor":25.0,"turns":4.0},{"damage":0.0,"enemies":"Centurion and Healer","floor":28.0,"turns":4.0},{"damage":0.0,"enemies":"Book of Stabbing","floor":30.0,"turns":4.0},{"damage":12.0,"enemies":"Chosen and Byrds","floor":31.0,"turns":2.0},{"damage":28.0,"enemies":"hubris:MusketHawk","floor":33.0,"turns":9.0},{"damage":0.0,"enemies":"Orb Walker","floor":35.0,"turns":1.0},{"damage":0.0,"enemies":"3 Darklings","floor":37.0,"turns":2.0},{"damage":12,"enemies":"Nemesis","floor":40,"turns":7},{"damage":26,"enemies":"Spire Growth","floor":41,"turns":5},{"damage":13,"enemies":"Giant Head","floor":42,"turns":8},{"damage":0,"enemies":"Mind Bloom Boss Battle","floor":44,"turns":3},{"damage":0,"enemies":"Maw","floor":46,"turns":6},{"damage":0,"enemies":"R_Hoarder","floor":47,"turns":6},{"damage":9,"enemies":"Replay:Hell Engine","floor":50,"turns":9}],"seed_played":"3202449674221504958","potions_obtained":[{"floor":2.0,"key":"Elixir"},{"floor":10.0,"key":"LiquidMemories"},{"floor":14.0,"key":"Block Potion"},{"floor":16.0,"key":"AttackPotion"},{"floor":19.0,"key":"Weak Potion"},{"floor":28.0,"key":"LiquidMemories"},{"floor":40,"key":"PowerPotion"},{"floor":42,"key":"Adrenaline Potion"},{"floor":46,"key":"Poison Potion"}],"is_trial":false,"path_per_floor":["M","M","?","M","?","R","E","$","T","E","$","R","?","E","R","B",null,"M","M","$","?","M","E","R","E","T","T","M","R","E","M","R","B",null,"M","?","M","$","?","E","M","E","T","?","R","M","E","$","R","B",null],"character_chosen":"THE_SILENT","items_purchased":["Art of War","Backstab+1","Shuriken","Survey Options+1","Footwork","ReplayTheSpireMod:Trickstab+1"],"campfire_rested":2,"item_purchase_floors":[11,11,20,38,48,48],"current_hp_per_floor":[68,68,68,68,68,68,51,51,51,36,36,57,50,40,40,42,70,69,69,69,69,58,55,55,47,47,47,47,47,47,35,56,28,70,70,70,70,70,70,58,32,19,19,19,40,40,40,40,48,39],"gold":207,"neow_bonus":"BOSS_RELIC","is_daily":false,"chose_seed":false,"campfire_upgraded":4,"win_rate":0.0,"timestamp":1608560740,"path_taken":["M","M","?","M","?","R","E","$","T","E","?","R","?","E","R","BOSS","M","M","$","?","M","E","R","E","T","?","M","R","E","M","R","BOSS","M","?","M","$","?","E","M","E","T","?","R","M","E","$","R","BOSS"],"items_purchased_type":["Relic","Card","Relic","Card","Card","Card"],"build_version":"2020-12-18","purchased_purges":2,"victory":true,"max_hp_per_floor":[70,70,70,70,70,70,70,70,70,70,70,70,70,70,70,70,70,70,70,70,70,70,70,70,70,70,70,70,70,70,70,70,70,70,70,70,70,70,70,70,70,70,70,70,70,70,70,70,78,78],"card_choices":[{"not_picked":["Poisoned Stab"],"picked":"SKIP","floor":1.0},{"not_picked":["Sucker Punch"],"picked":"SKIP","floor":2.0},{"not_picked":["Flechettes"],"picked":"SKIP","floor":4.0},{"not_picked":["Dagger Throw"],"picked":"SKIP","floor":7.0},{"not_picked":["Acrobatics"],"picked":"SKIP","floor":10.0},{"not_picked":[],"picked":"Masterful Stab","floor":14.0},{"not_picked":[],"picked":"A Thousand Cuts","floor":16.0},{"not_picked":["Flying Knee"],"picked":"SKIP","floor":18.0},{"not_picked":["Deadly Poison"],"picked":"SKIP","floor":19.0},{"not_picked":["Deadly Poison+1"],"picked":"SKIP","floor":22.0},{"not_picked":[],"picked":"Well Laid Plans","floor":23.0},{"not_picked":[],"picked":"Footwork","floor":25.0},{"not_picked":["Underhanded Strike"],"picked":"Dash","floor":28.0},{"not_picked":["Quick Slash"],"picked":"Backflip+1","floor":30.0},{"not_picked":["Skewer","Reflex"],"picked":"SKIP","floor":31.0},{"not_picked":["Envenom"],"picked":"Venomology","floor":33.0},{"not_picked":["Expertise+1"],"picked":"Riddle With Holes","floor":35.0},{"not_picked":["Blade Dance+1","PiercingWail"],"picked":"SKIP","floor":37},{"not_picked":["Flying Knee","Dagger Throw"],"picked":"SKIP","floor":40},{"not_picked":["Reflex","Finisher"],"picked":"SKIP","floor":41},{"not_picked":["Quick Slash"],"picked":"Terror+1","floor":42},{"not_picked":["Caltrops"],"picked":"Noxious Fumes+1","floor":46},{"not_picked":["Skewer","Underhanded Strike"],"picked":"SKIP","floor":47}],"player_experience":180366,"relics_obtained":[{"floor":7.0,"key":"Blue Doll"},{"floor":9.0,"key":"Letter Opener"},{"floor":10.0,"key":"Juzu Bracelet"},{"floor":14.0,"key":"Onion Ring"},{"floor":23.0,"key":"Ninja Scroll"},{"floor":25.0,"key":"ReplayTheSpireMod:TigerMarble"},{"floor":26.0,"key":"Question Card"},{"floor":27.0,"key":"Akabeko"},{"floor":30.0,"key":"ReplayFunnel"},{"floor":40,"key":"hubris:AncientText"},{"floor":42,"key":"Replay:Mystery Machine"},{"floor":43,"key":"Smiling Mask"},{"floor":44,"key":"FossilizedHelix"},{"floor":47,"key":"Replay:PocketPolymizer"},{"floor":49,"key":"hubris:Spice"}],"event_choices":[{"damage_healed":0.0,"max_hp_gain":0.0,"max_hp_loss":0.0,"gold_gain":0.0,"cards_transformed":["Strike_G"],"event_name":"Living Wall","player_choice":"Change","floor":3.0,"gold_loss":0.0,"damage_taken":0.0,"cards_obtained":["Draining Mist"]},{"damage_healed":0.0,"max_hp_gain":0.0,"max_hp_loss":0.0,"gold_gain":75.0,"event_name":"FaceTrader","player_choice":"Touch","floor":13.0,"gold_loss":0.0,"damage_taken":7.0},{"cards_removed":["Strike_G"],"damage_healed":0.0,"max_hp_gain":0.0,"max_hp_loss":0.0,"gold_gain":0.0,"event_name":"Bonfire Elementals","player_choice":"Offered Basic","floor":21.0,"gold_loss":0.0,"damage_taken":0.0},{"damage_healed":0.0,"max_hp_gain":0.0,"max_hp_loss":0.0,"gold_gain":0.0,"event_name":"Tomb of Lord Red Mask","player_choice":"Ignored","floor":36.0,"gold_loss":0.0,"damage_taken":0.0},{"damage_healed":0,"gold_gain":0,"player_choice":"Fight","damage_taken":0,"max_hp_gain":0,"max_hp_loss":0,"event_name":"MindBloom","floor":44,"gold_loss":0}],"is_beta":true,"boss_relics":[{"not_picked":["Runic Pyramid","Runic Dome"],"picked":"Velvet Choker"},{"not_picked":["hubris:GrandSneckoEye","hubris:Stopwatch"],"picked":"Fusion Hammer"}],"items_purged_floors":[38,48],"is_endless":false,"potions_floor_spawned":[2,10,14,16,19,28,40,42,44,46],"ascension_level":2}}