{"host":"25hwxgnshg5vqzox","time":1608562230,"event":{"mods":["BaseMod","Colored Map","Downfall","Googly Eyes","Highlight Path","Minty Spire (QoL Compilation)","Replay The Spire","StSLib"],"gold_per_floor":[117,130,130,150,120,151,25,25,25,25,25,25,90,107,107,207,207,219,231,78,78,97,97,108,0,48,48,60,78,103,119,119,119,119],"floor_reached":33,"playtime":1763,"items_purged":[],"score":292,"play_id":"f32ba352-4b79-4300-8fb6-2a78972f19d8","local_time":"20201221145030","is_ascension_mode":false,"campfire_choices":[{"data":"Deadly Poison","floor":8,"key":"SMITH"},{"data":"Deadly Poison","floor":11,"key":"SMITH"},{"floor":15,"key":"REST"},{"data":"Catalyst","floor":23,"key":"SMITH"}],"circlet_count":0,"master_deck":["Strike_G","Strike_G","Strike_G","Strike_G","Strike_G","Defend_G","Defend_G","Defend_G","Defend_G","Defend_G","Survivor","Neutralize","Slice","Deadly Poison+1","Slimebound:Icky","Heel Hook","Deadly Poison+1","Backstab+1","Deflect","Dash+1","Blade Dance","A Thousand Cuts","Deadly Poison","Catalyst+1","Deadly Poison","Skewer+1","Catalyst","Pot Of Greed","Pot Of Greed","Pot Of Greed","Backstab+1","Endless Agony+1","Deadly Poison+1","Flying Knee+1"],"relics":["Ring of the Snake","NeowsBlessing","Molten Egg 2","Paper Crane","MealTicket","Painkiller Herb","Blood Vial","Grinning Jar","Ancient Tea Set"],"acts_visited":["Exordium","TheCity"],"potions_floor_usage":[19,30,33,33,33],"damage_taken":[{"damage":0,"enemies":"Cultist","floor":1,"turns":1},{"damage":0,"enemies":"Jaw Worm","floor":2,"turns":1},{"damage":0,"enemies":"Small Slimes","floor":4,"turns":1},{"damage":14,"enemies":"Lagavulin","floor":6,"turns":8},{"damage":23,"enemies":"Gremlin Nob","floor":13,"turns":4},{"damage":0,"enemies":"Exordium Wildlife","floor":14,"turns":2},{"damage":43,"enemies":"Hexaghost","floor":16,"turns":9},{"damage":1,"enemies":"Chosen","floor":18,"turns":4},{"damage":15,"enemies":"Spheric Guardian","floor":19,"turns":5},{"damage":5,"enemies":"Snecko","floor":22,"turns":4},{"damage":3,"enemies":"Snake Plant","floor":24,"turns":3},{"damage":20,"enemies":"3 Cultists","floor":28,"turns":7},{"damage":11,"enemies":"Centurion and Healer","floor":29,"turns":4},{"damage":14,"enemies":"Replay:Snechameleon","floor":30,"turns":3},{"damage":11,"enemies":"Snecko","floor":31,"turns":3},{"damage":3,"enemies":"Colosseum Slavers","floor":32,"turns":3},{"damage":23,"enemies":"Automaton","floor":33,"turns":4}],"seed_played":"1375593154578730719","potions_obtained":[{"floor":4,"key":"Slimebound:ThreeZeroPotion"},{"floor":13,"key":"Weak Potion"},{"floor":16,"key":"Swift Potion"},{"floor":18,"key":"AttackPotion"},{"floor":28,"key":"Venom Potion"},{"floor":31,"key":"Milkshake"}],"is_trial":false,"path_per_floor":["M","M","?","M","?","E","$","R","T","$","R","$","?","M","R","B",null,"?","?","T","?","?","T","?","?","T","T","?","?","E","?","T","B"],"character_chosen":"THE_SILENT","items_purchased":["Backstab+1","Deflect","Blood Vial"],"campfire_rested":1,"item_purchase_floors":[7,7,20],"current_hp_per_floor":[70,70,70,70,70,56,56,56,56,56,56,56,33,33,54,11,70,69,54,69,69,65,65,64,64,64,70,50,41,29,20,19,0,0],"gold":119,"neow_bonus":"THREE_ENEMY_KILL","is_daily":false,"chose_seed":false,"campfire_upgraded":3,"win_rate":0.0,"timestamp":1608562230,"path_taken":["M","?","?","M","?","E","?","R","T","$","R","$","?","M","R","BOSS","?","?","T","?","?","T","?","?","T","?","?","?","E","?","T","BOSS"],"items_purchased_type":["Card","Card","Relic"],"build_version":"2020-12-13","purchased_purges":0,"victory":false,"max_hp_per_floor":[70,70,70,70,70,70,70,70,70,70,70,70,70,70,70,70,70,70,70,70,70,70,70,70,70,70,70,70,70,70,70,70,70,70],"card_choices":[{"not_picked":["Dodge and Roll","ReplayTheSpireMod:Shiv Toss"],"picked":"Slice","floor":1},{"not_picked":["Deflect","Hidden Blade"],"picked":"Deadly Poison","floor":2},{"not_picked":["Riddle With Holes","Quick Slash"],"picked":"Heel Hook","floor":4},{"not_picked":["Eviscerate+1","Quick Slash+1"],"picked":"Deadly Poison","floor":6},{"not_picked":["Flying Knee+1","Caltrops"],"picked":"Dash+1","floor":13},{"not_picked":["Finisher+1","Wraith Form v2"],"picked":"Blade Dance","floor":14},{"not_picked":["Wraith Form v2","Unload+1"],"picked":"A Thousand Cuts","floor":16},{"not_picked":["Blade Dance+1","Hidden Blade+1"],"picked":"Deadly Poison","floor":18},{"not_picked":["Bane+1","Acrobatics"],"picked":"Catalyst","floor":19},{"not_picked":["Underhanded Strike+1","Dagger Throw+1"],"picked":"Skewer+1","floor":22},{"not_picked":["Tactician+1","Deflect"],"picked":"Catalyst","floor":24},{"not_picked":["ReplayTheSpireMod:Necrosis","Bane+1"],"picked":"Backstab+1","floor":28},{"not_picked":["Acrobatics+1","Sucker Punch+1"],"picked":"Endless Agony+1","floor":29},{"not_picked":["Blade Dance","Poisoned Stab+1"],"picked":"Deadly Poison+1","floor":30},{"not_picked":["Outmaneuver+1","Underhanded Strike+1"],"picked":"Flying Knee+1","floor":31}],"player_experience":33601,"relics_obtained":[{"floor":6,"key":"Molten Egg 2"},{"floor":9,"key":"Paper Crane"},{"floor":26,"key":"Grinning Jar"},{"floor":30,"key":"Ancient Tea Set"}],"event_choices":[{"damage_healed":0,"gold_gain":0,"player_choice":"Left Gold","damage_taken":0,"max_hp_gain":0,"max_hp_loss":0,"event_name":"World of Goop","floor":5,"gold_loss":30},{"damage_healed":0,"gold_gain":0,"player_choice":"Searched \u00272\u0027 times","damage_taken":0,"relics_obtained":["MealTicket"],"max_hp_gain":0,"max_hp_loss":0,"event_name":"Dead Adventurer","floor":13,"gold_loss":0},{"damage_healed":0,"gold_gain":0,"player_choice":"Read","damage_taken":0,"max_hp_gain":0,"max_hp_loss":0,"event_name":"The Library","floor":21,"gold_loss":0,"cards_obtained":["Deadly Poison"]},{"damage_healed":0,"gold_gain":0,"player_choice":"Paid Fearfully","damage_taken":0,"max_hp_gain":0,"max_hp_loss":0,"event_name":"Masked Bandits","floor":25,"gold_loss":108},{"damage_healed":0,"gold_gain":0,"player_choice":"Fight","damage_taken":0,"max_hp_gain":0,"max_hp_loss":0,"event_name":"Colosseum","floor":32,"gold_loss":0},{"damage_healed":0,"gold_gain":0,"player_choice":"Fled From Nobs","damage_taken":0,"max_hp_gain":0,"max_hp_loss":0,"event_name":"Colosseum","floor":32,"gold_loss":0}],"is_beta":false,"boss_relics":[{"not_picked":["Astrolabe","Ring of the Serpent"],"picked":"Painkiller Herb"}],"items_purged_floors":[],"is_endless":false,"potions_floor_spawned":[4,13,16,18,28,31,32],"killed_by":"Automaton","ascension_level":0}}