{"host":"l4li6saph8sy2zni","time":1608542068,"event":{"mods":["AchievementEnabler","Aspiration","BaseMod","BetterRewards","CCEM","Colored Map","Colored Powertips","Conspire","Downfall","Energized Spire","GifTheSpireLib","Highlight Path","Hubris","Infinite Spire","Mimic Mod","Minty Spire (QoL Compilation)","Permanent Neow","Quick Restart","Relic Filter","Replay The Spire","Shop Mod","StSLib","Stuff the Spire","The Hierophant"],"gold_per_floor":[87,87,39,39,57,61,61,80,106,106,127,127,165,165,165,257,257,277,298,313,463,463,463,463],"floor_reached":23,"playtime":1282,"items_purged":["hexamod:Haunted"],"score":209,"play_id":"a50f616d-0e79-4069-af73-3d83795f9a8a","local_time":"20201221091428","is_ascension_mode":true,"campfire_choices":[{"floor":7,"key":"REST"},{"data":"hierophant:ChurchCoffers","floor":10,"key":"SMITH"},{"floor":15,"key":"REST"}],"circlet_count":0,"master_deck":["hierophant:Strike_Hierophant","hierophant:Strike_Hierophant","hierophant:Strike_Hierophant","hierophant:Strike_Hierophant","hierophant:Punish","hierophant:Defend_Hierophant","hierophant:Defend_Hierophant","hierophant:Defend_Hierophant","hierophant:ChurchCoffers+1","Replay:DivineShield","hierophant:OrnateBuckler","hierophant:SealAway","hierophant:Zeal","hierophant:PassingBell","hierophant:Encroach","hierophant:PassingBell","hierophant:DivineIntervention","hierophant:Smite","hierophant:SolarFlare","hierophant:Community+1","StuffTheSpire:DeathNote"],"relics":["aspiration:WatcherSkillbook","Anchor","Vajra","Ancient Tea Set","hubris:Towel","aspiration:PoetsPen_weak","Black Star","ReplayTheSpireMod:CursedCoin"],"acts_visited":["Exordium","TheCity"],"potions_floor_usage":[16,23,23],"damage_taken":[{"damage":1,"enemies":"Cultist","floor":1,"turns":3},{"damage":0,"enemies":"2 Louse","floor":5,"turns":1},{"damage":34,"enemies":"Gremlin Nob","floor":6,"turns":5},{"damage":1,"enemies":"Jaw Worm","floor":8,"turns":2},{"damage":0,"enemies":"Lots of Slimes","floor":11,"turns":3},{"damage":14,"enemies":"3 Sentries","floor":13,"turns":9},{"damage":57,"enemies":"The Guardian","floor":16,"turns":15},{"damage":0,"enemies":"Chosen","floor":18,"turns":2},{"damage":2,"enemies":"Shell Parasite","floor":19,"turns":2},{"damage":8,"enemies":"Shelled Parasite and Fungi","floor":20,"turns":4},{"damage":47,"enemies":"Slavers","floor":23,"turns":3}],"seed_played":"-5687109464929064390","potions_obtained":[{"floor":1,"key":"Swift Potion"},{"floor":8,"key":"SpeedPotion"},{"floor":16,"key":"Ancient Potion"},{"floor":20,"key":"ColorlessPotion"}],"is_trial":false,"path_per_floor":["M","?","$","?","M","E","R","M","T","R","M","?","E","?","R","B",null,"M","M","M","AVR","?","E"],"character_chosen":"HIEROPHANT","items_purchased":["hierophant:OrnateBuckler"],"campfire_rested":2,"item_purchase_floors":[3],"current_hp_per_floor":[74,74,74,75,75,41,63,62,62,62,62,62,48,48,70,13,75,75,73,65,65,45,0,0],"gold":463,"neow_bonus":"BOSS_RELIC","is_daily":false,"chose_seed":false,"campfire_upgraded":1,"win_rate":0.0,"timestamp":1608542068,"path_taken":["M","?","?","?","?","E","R","?","T","R","M","?","E","?","R","BOSS","M","M","M","AVR","?","E"],"items_purchased_type":["Card"],"build_version":"2020-12-13","purchased_purges":1,"victory":false,"max_hp_per_floor":[75,75,75,75,75,75,75,75,75,75,75,75,75,75,75,75,75,75,75,75,75,75,75,75],"card_choices":[{"not_picked":["CutThroughFate","Protect","PathToVictory"],"picked":"Replay:DivineShield","floor":1},{"not_picked":["Meditate","hierophant:AuricBeam","ClearTheMind"],"picked":"hierophant:SealAway","floor":5},{"not_picked":["Omniscience","PathToVictory","FlurryOfBlows"],"picked":"hierophant:Zeal","floor":6},{"not_picked":["ForeignInfluence","hierophant:Shelter","Crescendo"],"picked":"hierophant:PassingBell","floor":8},{"not_picked":["LikeWater","FearNoEvil","Nirvana"],"picked":"hierophant:Encroach","floor":11},{"not_picked":["PathToVictory","hierophant:AuricBeam","hierophant:Rebuild"],"picked":"hierophant:PassingBell","floor":13},{"not_picked":["Ragnarok","Alpha","Replay:AllIn"],"picked":"hierophant:DivineIntervention","floor":16},{"not_picked":["FlyingSleeves+1","Consecrate+1","JustLucky"],"picked":"hierophant:Smite","floor":18},{"not_picked":["SpiritShield","Replay:AtTheReady","hierophant:Purify"],"picked":"hierophant:SolarFlare","floor":19},{"not_picked":["CutThroughFate","Halt","hierophant:Encroach"],"picked":"hierophant:Community+1","floor":20}],"player_experience":101412,"relics_obtained":[{"floor":6,"key":"Anchor"},{"floor":9,"key":"Vajra"},{"floor":13,"key":"Ancient Tea Set"}],"event_choices":[{"cards_removed":["hierophant:Defend_Hierophant"],"damage_healed":0,"gold_gain":0,"player_choice":"Purged","damage_taken":0,"max_hp_gain":0,"max_hp_loss":0,"event_name":"Purifier","floor":2,"gold_loss":0},{"damage_healed":0,"gold_gain":0,"player_choice":"Ignored","damage_taken":0,"max_hp_gain":0,"max_hp_loss":0,"event_name":"Shining Light","floor":12,"gold_loss":0}],"is_beta":false,"boss_relics":[{"not_picked":["aspiration:RitualDagger","energizedSpire:OgreHead"],"picked":"aspiration:PoetsPen_weak"}],"items_purged_floors":[21],"is_endless":false,"potions_floor_spawned":[1,8,16,20],"killed_by":"Slavers","ascension_level":1}}