{"host":"li2oyy8xcjugrjw6","time":1608535525,"event":{"mods":["AchievementEnabler","BaseMod","Colored Map","Minty Spire (QoL Compilation)","Permanent Neow","Replay The Spire","StSLib"],"gold_per_floor":[209,225,150,0,0,0,32,66,66,116,152,205,205,10,10,118,218,250,250,250,294,69,93,93],"floor_reached":23,"playtime":1075,"items_purged":["Strike_R","Strike_R","Strike_R","Strike_R"],"score":311,"play_id":"6cf7ea42-d32e-4184-b25d-05ac53ee9061","local_time":"20201220232525","is_ascension_mode":true,"campfire_choices":[{"data":"Pummel","floor":6,"key":"SMITH"},{"data":"Armaments","floor":13,"key":"SMITH"},{"data":"Limit Break","floor":15,"key":"SMITH"}],"circlet_count":0,"master_deck":["AscendersBane","Defend_R","Defend_R","Defend_R","Bash","Sword Boomerang","Pummel+1","Flex","Shockwave","Armaments+1","Limit Break+1","Inflame","Offering","Heavy Blade+1","Shrug It Off","Replay:Undeath\u0027s Touch"],"relics":["Burning Blood","Replay:Bandana","Eternal Feather","Oddly Smooth Stone","Thread and Needle","Replay:Wanted Poster"],"acts_visited":["Exordium","TheCity"],"potions_floor_usage":[7,7,12,16,21],"damage_taken":[{"damage":6,"enemies":"Cultist","floor":1,"turns":3},{"damage":7,"enemies":"2 Louse","floor":2,"turns":3},{"damage":20,"enemies":"Lagavulin","floor":7,"turns":5},{"damage":6,"enemies":"Jaw Worm","floor":8,"turns":4},{"damage":13,"enemies":"Gremlin Nob","floor":10,"turns":3},{"damage":13,"enemies":"Blue Slaver","floor":11,"turns":2},{"damage":30,"enemies":"Lagavulin","floor":12,"turns":6},{"damage":13,"enemies":"The Guardian","floor":16,"turns":7},{"damage":14,"enemies":"Shell Parasite","floor":18,"turns":3},{"damage":10,"enemies":"3 Byrds","floor":21,"turns":4},{"damage":52,"enemies":"Book of Stabbing","floor":23,"turns":3}],"seed_played":"798248481625669150","potions_obtained":[{"floor":1,"key":"SteroidPotion"},{"floor":10,"key":"AttackPotion"},{"floor":11,"key":"Venom Potion"},{"floor":12,"key":"Dexterity Potion"},{"floor":20,"key":"SpeedPotion"},{"floor":20,"key":"DistilledChaos"}],"is_trial":false,"path_per_floor":["M","M","$","$","?","R","E","M","T","E","M","E","R","$","R","B",null,"M","?","?","M","$","E"],"character_chosen":"IRONCLAD","items_purchased":["SkillPotion","Inflame","Shrug It Off","Replay:Undeath\u0027s Touch"],"campfire_rested":0,"item_purchase_floors":[4,14,22,22],"current_hp_per_floor":[72,71,71,71,64,64,50,50,50,43,36,12,18,18,24,17,64,56,56,56,52,52,0,0],"gold":93,"neow_bonus":"HUNDRED_GOLD","is_daily":false,"chose_seed":false,"campfire_upgraded":3,"win_rate":0.0,"timestamp":1608535525,"path_taken":["M","M","?","$","?","R","E","M","T","E","M","E","R","$","R","BOSS","M","?","?","?","?","E"],"items_purchased_type":["Potion","Card","Card","Card"],"build_version":"2020-12-13","purchased_purges":4,"victory":false,"max_hp_per_floor":[80,80,80,80,80,80,80,80,80,80,80,80,80,80,80,80,80,80,80,80,80,80,80,80],"card_choices":[{"not_picked":["Dark Embrace","Pommel Strike"],"picked":"Sword Boomerang","floor":1},{"not_picked":["Iron Wave","True Grit"],"picked":"Pummel","floor":2},{"not_picked":["Second Wind","Hemokinesis"],"picked":"Flex","floor":7},{"not_picked":["Flex","Perfected Strike"],"picked":"Shockwave","floor":8},{"not_picked":["Warcry","Bloodletting","Iron Wave"],"picked":"SKIP","floor":10},{"not_picked":["Iron Wave","Headbutt"],"picked":"Armaments","floor":11},{"not_picked":["Clash","Hemokinesis"],"picked":"Limit Break","floor":12},{"not_picked":["Bludgeon","Brutality"],"picked":"Offering","floor":16},{"not_picked":["Flex","Headbutt"],"picked":"Heavy Blade+1","floor":18},{"not_picked":["Perfected Strike+1","Intimidate","Sword Boomerang"],"picked":"SKIP","floor":21}],"player_experience":941575,"relics_obtained":[{"floor":7,"key":"Replay:Bandana"},{"floor":9,"key":"Eternal Feather"},{"floor":10,"key":"Oddly Smooth Stone"},{"floor":12,"key":"Thread and Needle"}],"event_choices":[{"cards_removed":["Defend_R"],"damage_healed":0,"gold_gain":0,"player_choice":"Card Removal","damage_taken":7,"max_hp_gain":0,"max_hp_loss":0,"event_name":"Golden Wing","floor":5,"gold_loss":0},{"cards_removed":["Strike_R"],"damage_healed":0,"gold_gain":0,"player_choice":"Elegance","damage_taken":0,"max_hp_gain":0,"max_hp_loss":0,"event_name":"Back to Basics","floor":19,"gold_loss":0},{"damage_healed":0,"gold_gain":0,"player_choice":"Got Potions","damage_taken":0,"max_hp_gain":0,"max_hp_loss":0,"event_name":"Lab","floor":20,"gold_loss":0}],"is_beta":false,"boss_relics":[{"not_picked":["Runic Cube","ChewingGum"],"picked":"Replay:Wanted Poster"}],"items_purged_floors":[3,4,14,22],"is_endless":false,"potions_floor_spawned":[1,10,11,12],"killed_by":"Book of Stabbing","ascension_level":10}}