{"host":"zxkjcgzis4pm3za5","time":1608560024,"event":{"mods":["AchievementEnabler","BaseMod","Colored Map","Colored Powertips","Minty Spire (QoL Compilation)","Quick Restart","RNG Fix","Random Character Button","StSLib"],"gold_per_floor":[119,119,219,242,261,303,303,303,303],"floor_reached":8,"playtime":584,"items_purged":[],"score":81,"play_id":"66c2dad1-413b-4dbf-ac66-bc20a273469a","local_time":"20201221194344","is_ascension_mode":true,"campfire_choices":[],"circlet_count":0,"master_deck":["Strike_R","Strike_R","Strike_R","Strike_R","Defend_R","Defend_R","Defend_R","Defend_R","Bash","Dropkick","Thunderclap","Cleave"],"relics":["Burning Blood","CeramicFish","Golden Idol","Self Forming Clay"],"acts_visited":["Exordium"],"potions_floor_usage":[6,8],"damage_taken":[{"damage":8,"enemies":"Jaw Worm","floor":1,"turns":4},{"damage":1,"enemies":"Cultist","floor":4,"turns":3},{"damage":0,"enemies":"Small Slimes","floor":5,"turns":3},{"damage":50,"enemies":"3 Sentries","floor":6,"turns":12},{"damage":31,"enemies":"Lagavulin","floor":8,"turns":6}],"seed_played":"-2468300745290416556","potions_obtained":[{"floor":1,"key":"EssenceOfSteel"},{"floor":4,"key":"Block Potion"}],"is_trial":false,"path_per_floor":["M","?","?","M","M","E","?","E"],"character_chosen":"IRONCLAD","items_purchased":[],"campfire_rested":0,"item_purchase_floors":[],"current_hp_per_floor":[70,70,70,74,74,30,30,0,0],"gold":303,"neow_bonus":"RANDOM_COMMON_RELIC","is_daily":false,"chose_seed":false,"campfire_upgraded":0,"win_rate":0.0,"timestamp":1608560024,"path_taken":["M","?","?","M","?","E","?","E"],"items_purchased_type":[],"build_version":"2020-12-13","purchased_purges":0,"victory":false,"max_hp_per_floor":[80,74,74,74,74,74,74,74,74],"card_choices":[{"not_picked":["Warcry","Searing Blow"],"picked":"Dropkick","floor":1},{"not_picked":["Pommel Strike","Headbutt"],"picked":"Thunderclap","floor":4},{"not_picked":["Perfected Strike","Brutality","True Grit"],"picked":"SKIP","floor":5},{"not_picked":["Sword Boomerang","Pommel Strike"],"picked":"Cleave","floor":6}],"player_experience":124736,"relics_obtained":[{"floor":6,"key":"Self Forming Clay"}],"event_choices":[{"damage_healed":0,"gold_gain":0,"player_choice":"Lose Max HP","damage_taken":0,"relics_obtained":["Golden Idol"],"max_hp_gain":0,"max_hp_loss":6,"event_name":"Golden Idol","floor":2,"gold_loss":0},{"damage_healed":0,"gold_gain":100,"player_choice":"Gold","damage_taken":0,"max_hp_gain":0,"max_hp_loss":0,"event_name":"Wheel of Change","floor":3,"gold_loss":0},{"cards_removed":["Strike_R"],"damage_healed":0,"gold_gain":0,"player_choice":"Purged","damage_taken":0,"max_hp_gain":0,"max_hp_loss":0,"event_name":"Purifier","floor":7,"gold_loss":0}],"is_beta":false,"boss_relics":[],"items_purged_floors":[],"is_endless":false,"potions_floor_spawned":[1,4],"killed_by":"Lagavulin","ascension_level":9}}