{"host":"98bdbcgi2hhn2gyr","time":1608551995,"event":{"mods":["BaseMod","Colored Map","Minty Spire (QoL Compilation)","StSLib","The Servant 0.9.4"],"gold_per_floor":[110,129,30,44,56,56,91,103,139,178,190,258,270,314,326,338,338],"floor_reached":16,"playtime":980,"items_purged":["Clumsy"],"score":142,"play_id":"41f60679-90f3-4080-94fc-7c23edf48e73","local_time":"20201221205955","is_ascension_mode":true,"campfire_choices":[{"data":"SilverBlades","floor":6.0,"key":"SMITH"},{"floor":8.0,"key":"REST"},{"data":"GearUp","floor":11.0,"key":"SMITH"},{"data":"KidneyShot","floor":13,"key":"SMITH"},{"data":"Moonlight","floor":15,"key":"SMITH"}],"circlet_count":0,"master_deck":["Strike_S","Strike_S","Strike_S","Strike_S","Defend_S","Defend_S","Defend_S","Defend_S","KidneyShot+1","Exchange","SilverBlades+1","Sabotage","Ricochet","Desolation","Defy","BottledTime","GearUp+1","Moonlight+1"],"relics":["Uniform","MawBank","MealTicket","Smiling Mask","Singing Bowl"],"acts_visited":["Exordium"],"potions_floor_usage":[],"damage_taken":[{"damage":5.0,"enemies":"Jaw Worm","floor":1.0,"turns":5.0},{"damage":3.0,"enemies":"Cultist","floor":2.0,"turns":4.0},{"damage":6.0,"enemies":"Small Slimes","floor":4.0,"turns":2.0},{"damage":3.0,"enemies":"Looter","floor":5.0,"turns":3.0},{"damage":31.0,"enemies":"3 Sentries","floor":7.0,"turns":9.0},{"damage":11.0,"enemies":"Lagavulin","floor":10.0,"turns":8.0},{"damage":10,"enemies":"3 Sentries","floor":14,"turns":7},{"damage":33,"enemies":"Slime Boss","floor":16,"turns":9}],"seed_played":"-5831717477068771689","potions_obtained":[{"floor":2.0,"key":"Ancient Potion"},{"floor":7.0,"key":"Dexterity Potion"}],"is_trial":false,"path_per_floor":["M","M","$","M","M","R","E","R","T","E","R","?","R","E","R","B"],"character_chosen":"THE_SERVANT","items_purchased":["Ricochet"],"campfire_rested":1,"item_purchase_floors":[3],"current_hp_per_floor":[72,69,69,63,60,60,29,52,52,41,41,41,41,31,31,0,0],"gold":338,"neow_bonus":"TWENTY_PERCENT_HP_BONUS","is_daily":false,"chose_seed":false,"campfire_upgraded":4,"win_rate":0.0,"timestamp":1608551995,"path_taken":["M","M","$","M","M","R","E","R","T","E","R","?","R","E","R","BOSS"],"items_purchased_type":["Card"],"build_version":"2020-12-13","purchased_purges":1,"victory":false,"max_hp_per_floor":[77,77,77,77,77,77,77,77,77,77,77,77,77,77,77,77,77],"card_choices":[{"not_picked":["TimeTheft","Rewind"],"picked":"SilverBlades","floor":1.0},{"not_picked":["Gouge","Revamp"],"picked":"Sabotage","floor":2.0},{"not_picked":["WasteNot","FastForward"],"picked":"Desolation","floor":4.0},{"not_picked":["Spin","Shuttle"],"picked":"Defy","floor":5.0},{"not_picked":["TimeWarp","Collapse"],"picked":"BottledTime","floor":7.0},{"not_picked":["Revamp","Alleviate"],"picked":"GearUp","floor":10.0},{"not_picked":["TimeTheft","ReturningBlade"],"picked":"Moonlight","floor":14}],"player_experience":370108,"relics_obtained":[{"floor":7.0,"key":"MawBank"},{"floor":9.0,"key":"MealTicket"},{"floor":10.0,"key":"Smiling Mask"},{"floor":14,"key":"Singing Bowl"}],"event_choices":[{"damage_healed":0,"gold_gain":56,"player_choice":"Gained Gold","damage_taken":0,"max_hp_gain":0,"max_hp_loss":0,"event_name":"Golden Wing","floor":12,"gold_loss":0}],"is_beta":false,"boss_relics":[],"items_purged_floors":[3],"is_endless":false,"potions_floor_spawned":[2,7],"killed_by":"Slime Boss","ascension_level":4}}