{"host":"t75twhtg6c476ygg","time":1608566122,"event":{"mods":["AchievementEnabler","BaseMod","Colored Powertips","Minty Spire (QoL Compilation)","Quick Restart","Relic Stats","StSLib","SuperFastMode"],"gold_per_floor":[113,65,240,240,257,291,291,306,306,326,340,367,367,367,367],"floor_reached":14,"playtime":238,"items_purged":[],"score":163,"play_id":"5a377cf1-e2aa-46bc-b26d-64e0c3901334","local_time":"20201221155522","is_ascension_mode":true,"campfire_choices":[{"data":"Whirlwind","floor":7,"key":"SMITH"},{"data":"Uppercut","floor":13,"key":"SMITH"}],"circlet_count":0,"master_deck":["Strike_R","Strike_R","Strike_R","Strike_R","Strike_R","Defend_R","Defend_R","Defend_R","Defend_R","Bash","Whirlwind+1","Shrug It Off","Pommel Strike","Flex","Shrug It Off","Sword Boomerang","Uppercut+1"],"relics":["Burning Blood","NeowsBlessing","Singing Bowl","Strawberry","Question Card"],"acts_visited":["Exordium"],"potions_floor_usage":[12],"damage_taken":[{"damage":0,"enemies":"Jaw Worm","floor":1,"turns":1},{"damage":0,"enemies":"2 Louse","floor":5,"turns":1},{"damage":0,"enemies":"Lagavulin","floor":6,"turns":1},{"damage":0,"enemies":"Cultist","floor":8,"turns":2},{"damage":15,"enemies":"Exordium Wildlife","floor":10,"turns":3},{"damage":0,"enemies":"3 Louse","floor":11,"turns":1},{"damage":33,"enemies":"Gremlin Nob","floor":12,"turns":4},{"damage":24,"enemies":"Lagavulin","floor":14,"turns":6}],"seed_played":"5612817280087993158","potions_obtained":[{"floor":5,"key":"LiquidMemories"},{"floor":8,"key":"SkillPotion"},{"floor":10,"key":"BlessingOfTheForge"}],"is_trial":false,"path_per_floor":["M","$","?","?","M","E","R","M","T","M","M","E","R","E"],"character_chosen":"IRONCLAD","items_purchased":["Shrug It Off"],"campfire_rested":0,"item_purchase_floors":[2],"current_hp_per_floor":[78,78,78,70,76,80,80,80,87,78,86,59,59,35,35],"gold":367,"neow_bonus":"THREE_ENEMY_KILL","is_daily":false,"chose_seed":false,"campfire_upgraded":2,"win_rate":0.0,"timestamp":1608566122,"path_taken":["M","$","?","?","M","E","R","M","T","?","M","E","R","E"],"items_purchased_type":["Card"],"build_version":"2020-12-13","purchased_purges":0,"victory":false,"max_hp_per_floor":[80,80,80,80,80,80,80,80,87,87,89,89,89,89,89],"relic_stats":{"Singing Bowl":2,"counters":[8,19],"Question Card":0,"obtain_stats":[{"NeowsBlessing":0,"Singing Bowl":6,"Strawberry":9,"Question Card":12,"Burning Blood":0},{"NeowsBlessing":0,"Singing Bowl":3,"Strawberry":4,"Question Card":7,"Burning Blood":0},{"NeowsBlessing":0,"Singing Bowl":3,"Strawberry":5,"Question Card":13,"Burning Blood":0}],"Burning Blood":34},"card_choices":[{"not_picked":["Sword Boomerang","Twin Strike"],"picked":"Whirlwind","floor":1},{"not_picked":["Body Slam","Headbutt"],"picked":"Pommel Strike","floor":5},{"not_picked":["Blood for Blood","Wild Strike"],"picked":"Flex","floor":6},{"not_picked":["Heavy Blade","Reckless Charge"],"picked":"Shrug It Off","floor":8},{"not_picked":["Armaments","Entrench"],"picked":"Sword Boomerang","floor":10},{"not_picked":["Anger","Ghostly Armor","Rage"],"picked":"Singing Bowl","floor":11},{"not_picked":["Cleave","Sentinel"],"picked":"Uppercut","floor":12}],"player_experience":185422,"relics_obtained":[{"floor":6,"key":"Singing Bowl"},{"floor":9,"key":"Strawberry"},{"floor":12,"key":"Question Card"}],"event_choices":[{"damage_healed":0,"gold_gain":175,"player_choice":"AGREE","damage_taken":0,"max_hp_gain":0,"max_hp_loss":0,"event_name":"Liars Game","floor":3,"gold_loss":0,"cards_obtained":["Doubt"]},{"damage_healed":0,"gold_gain":0,"player_choice":"Damaged","damage_taken":8,"max_hp_gain":0,"max_hp_loss":0,"event_name":"Wheel of Change","floor":4,"gold_loss":0}],"is_beta":false,"boss_relics":[],"items_purged_floors":[],"is_endless":false,"potions_floor_spawned":[5,8,10],"killed_by":"Lagavulin","ascension_level":6}}