{"host":"5jn3rki867005t18","time":1608552566,"event":{"mods":["2.2 Compatiblity","AchievementEnabler","BaseMod","Colored Map","DeckTracker","Minty Spire (QoL Compilation)","Permanent Neow","Rare Cards Sparkle","StSLib","SuperFastMode"],"gold_per_floor":[111,111,123,137,87,115,115,125,152,152,152,164,178,203,203,301,301,314,349,349,94,113,124,153,153,153,153,185,185,201,219,219,219,219],"floor_reached":33,"playtime":1261,"items_purged":["Strike_R"],"score":347,"play_id":"16f2a8e6-44cc-4494-a4c0-c02f5da87cbf","local_time":"20201221210926","is_ascension_mode":false,"campfire_choices":[{"data":"Feed","floor":7,"key":"SMITH"},{"floor":10,"key":"REST"},{"data":"Seeing Red","floor":15,"key":"SMITH"},{"floor":25,"key":"REST"},{"floor":27,"key":"REST"},{"data":"Bludgeon","floor":29,"key":"SMITH"},{"floor":32,"key":"REST"}],"circlet_count":0,"master_deck":["Strike_R","Strike_R","Defend_R","Defend_R","Defend_R","Defend_R","Bash","Blood for Blood","Thunderclap","Clothesline","Feed+1","Clash","Parasite","Blood for Blood","Pommel Strike","Seeing Red+1","Double Tap","Heavy Blade","Warcry","Bludgeon+1","Warcry","Carnage","Carnage+1","Warcry+1","Searing Blow+1","Flex","Sentinel+1"],"relics":["Burning Blood","PreservedInsect","Vajra","Red Skull","Sozu","Red Mask","Letter Opener","Pantograph","Toy Ornithopter"],"acts_visited":["Exordium","TheCity"],"potions_floor_usage":[16,16,16,23],"damage_taken":[{"damage":5,"enemies":"Small Slimes","floor":1,"turns":4},{"damage":10,"enemies":"2 Louse","floor":3,"turns":3},{"damage":8,"enemies":"Jaw Worm","floor":4,"turns":3},{"damage":49,"enemies":"Lagavulin","floor":6,"turns":9},{"damage":5,"enemies":"Large Slime","floor":8,"turns":7},{"damage":13,"enemies":"Exordium Wildlife","floor":12,"turns":5},{"damage":17,"enemies":"Exordium Thugs","floor":13,"turns":4},{"damage":0,"enemies":"Gremlin Nob","floor":14,"turns":2},{"damage":62,"enemies":"Slime Boss","floor":16,"turns":9},{"damage":28,"enemies":"2 Thieves","floor":18,"turns":4},{"damage":27,"enemies":"Masked Bandits","floor":19,"turns":4},{"damage":6,"enemies":"Chosen","floor":22,"turns":2},{"damage":19,"enemies":"Sentry and Sphere","floor":23,"turns":3},{"damage":17,"enemies":"Slavers","floor":24,"turns":4},{"damage":26,"enemies":"Book of Stabbing","floor":28,"turns":4},{"damage":10,"enemies":"Centurion and Healer","floor":30,"turns":3},{"damage":1,"enemies":"Cultist and Chosen","floor":31,"turns":3},{"damage":110,"enemies":"Automaton","floor":33,"turns":8}],"seed_played":"-6151651804810015714","potions_obtained":[{"floor":1,"key":"ColorlessPotion"},{"floor":6,"key":"SkillPotion"},{"floor":13,"key":"Dexterity Potion"},{"floor":16,"key":"DuplicationPotion"}],"is_trial":false,"path_per_floor":["M","?","M","M","?","E","R","M","T","R","?","M","M","E","R","B",null,"M","?","?","$","M","M","E","R","T","R","E","R","M","M","R","B"],"character_chosen":"IRONCLAD","items_purchased":["Bludgeon","Warcry"],"campfire_rested":4,"item_purchase_floors":[21,21],"current_hp_per_floor":[80,85,81,79,79,36,36,37,37,62,83,76,65,71,71,15,85,67,50,32,32,32,19,8,37,37,66,46,46,42,47,76,0,0],"gold":219,"neow_bonus":"REMOVE_CARD","is_daily":false,"chose_seed":false,"campfire_upgraded":3,"win_rate":0.0,"timestamp":1608552566,"path_taken":["M","?","M","M","?","E","R","M","T","R","?","M","M","E","R","BOSS","M","?","?","?","M","M","E","R","T","R","E","R","?","M","R","BOSS"],"items_purchased_type":["Card","Card"],"build_version":"2020-12-13","purchased_purges":1,"victory":false,"max_hp_per_floor":[80,85,85,85,85,85,85,85,85,85,85,85,85,85,85,85,85,89,93,98,98,98,98,98,98,98,98,98,98,98,98,98,98,98],"card_choices":[{"not_picked":["Anger","Twin Strike"],"picked":"Blood for Blood","floor":1},{"not_picked":["Anger","Disarm"],"picked":"Thunderclap","floor":3},{"not_picked":["Ghostly Armor","Sword Boomerang"],"picked":"Clothesline","floor":4},{"not_picked":["Sentinel","Cleave"],"picked":"Feed","floor":6},{"not_picked":["Body Slam","Entrench"],"picked":"Clash","floor":8},{"not_picked":["Clash","Anger"],"picked":"Blood for Blood","floor":12},{"not_picked":["True Grit","Clothesline"],"picked":"Pommel Strike","floor":13},{"not_picked":["Carnage","Armaments"],"picked":"Seeing Red","floor":14},{"not_picked":["Limit Break","Corruption"],"picked":"Double Tap","floor":16},{"not_picked":["Perfected Strike","Anger+1"],"picked":"Heavy Blade","floor":18},{"not_picked":["Headbutt","Entrench+1"],"picked":"Warcry","floor":19},{"not_picked":["Perfected Strike","Warcry+1"],"picked":"Carnage","floor":22},{"not_picked":["Reckless Charge","Spot Weakness"],"picked":"Carnage+1","floor":23},{"not_picked":["Entrench+1","Havoc"],"picked":"Warcry+1","floor":24},{"not_picked":["Reckless Charge","Sentinel"],"picked":"Searing Blow+1","floor":28},{"not_picked":["Fire Breathing","Ghostly Armor"],"picked":"Flex","floor":30},{"not_picked":["Armaments","Rupture"],"picked":"Sentinel+1","floor":31}],"player_experience":38946,"relics_obtained":[{"floor":6,"key":"PreservedInsect"},{"floor":9,"key":"Vajra"},{"floor":14,"key":"Red Skull"},{"floor":19,"key":"Red Mask"},{"floor":24,"key":"Letter Opener"},{"floor":26,"key":"Pantograph"},{"floor":28,"key":"Toy Ornithopter"}],"event_choices":[{"damage_healed":0,"gold_gain":0,"player_choice":"Donut","damage_taken":0,"max_hp_gain":5,"max_hp_loss":0,"event_name":"Big Fish","floor":2,"gold_loss":0},{"cards_removed":["Strike_R"],"damage_healed":0,"gold_gain":0,"player_choice":"Card Removal","damage_taken":0,"max_hp_gain":0,"max_hp_loss":0,"event_name":"The Cleric","floor":5,"gold_loss":50},{"damage_healed":21,"gold_gain":0,"player_choice":"Healed and dodged fight","damage_taken":0,"max_hp_gain":0,"max_hp_loss":0,"event_name":"Mushrooms","floor":11,"gold_loss":0,"cards_obtained":["Parasite"]},{"damage_healed":0,"gold_gain":0,"player_choice":"Fought Bandits","damage_taken":0,"max_hp_gain":0,"max_hp_loss":0,"event_name":"Masked Bandits","floor":19,"gold_loss":0},{"damage_healed":0,"gold_gain":0,"player_choice":"Shed Blood","damage_taken":23,"max_hp_gain":5,"max_hp_loss":0,"event_name":"Forgotten Altar","floor":20,"gold_loss":0}],"is_beta":false,"boss_relics":[{"not_picked":["Coffee Dripper","Philosopher\u0027s Stone"],"picked":"Sozu"}],"items_purged_floors":[21],"is_endless":false,"potions_floor_spawned":[1,6,13,14,16,22,23,31],"killed_by":"Automaton","ascension_level":0}}