{"host":"mxfuycht0zuikhh3","time":1608566870,"event":{"mods":["Aspiration","BaseMod","Better Third Choice","BetterRewards","Colored Map","Colored Powertips","Conspire","Downfall","Halation","Hubris","Infinite Spire","Mimic Mod","Minty Spire (QoL Compilation)","Permanent Neow","Rare Cards Sparkle","Replay The Spire","Shop Mod","StSLib","SuperFastMode","Swap Starting Deck Mod","yUi"],"gold_per_floor":[199,217,227,240,240,240,240,251,271,284,301,131,131,131,145,145,145],"floor_reached":16,"playtime":920,"items_purged":[],"score":96,"play_id":"a769c334-0c4f-4602-baba-d60ac62e2146","local_time":"20201221170750","is_ascension_mode":false,"campfire_choices":[{"floor":1,"key":"DIG"}],"circlet_count":0,"master_deck":["sneckomod:Strike","sneckomod:Strike","sneckomod:Strike","sneckomod:Defend","sneckomod:Defend","sneckomod:Defend","sneckomod:TailWhip","sneckomod:SnekBite","sneckomod:Unknown","sneckomod:Unknown","sneckomod:UnknownClassGUARDIAN","sneckomod:QuickBite","sneckomod:UnknownClassSLIMEBOUND","sneckomod:ImprovisedAttack","sneckomod:Nope","sneckomod:IronFang","sneckomod:UnknownClassGUARDIAN","sneckomod:UnknownRareSkill","Parasite","hubris:Envy","sneckomod:Bewildered","ReplayTheSpireMod:Chaos Vortex","sneckomod:SlitherStrike"],"relics":["sneckomod:SneckoSoul","conspire:Flyswatter","hubris:Icosahedron","Mirror","Lee\u0027s Waffle"],"acts_visited":["Exordium"],"potions_floor_usage":[16,16,16],"damage_taken":[{"damage":0,"enemies":"2 Louse","floor":2,"turns":2},{"damage":4,"enemies":"Cultist","floor":3,"turns":3},{"damage":6,"enemies":"Jaw Worm","floor":4,"turns":2},{"damage":14,"enemies":"3 Louse","floor":8,"turns":2},{"damage":16,"enemies":"Large Slime","floor":9,"turns":3},{"damage":11,"enemies":"Blue Slaver","floor":10,"turns":4},{"damage":4,"enemies":"Exordium Wildlife","floor":11,"turns":2},{"damage":0,"enemies":"downfall:FleeingMerchant","floor":12,"turns":4},{"damage":10,"enemies":"Large Slime","floor":15,"turns":8},{"damage":91,"enemies":"downfall:Defect","floor":16,"turns":7}],"seed_played":"-2283360168339207289","potions_obtained":[{"floor":2,"key":"SkillPotion"},{"floor":6,"key":"Milkshake"},{"floor":8,"key":"sneckomod:DiceRollPotion"}],"is_trial":false,"path_per_floor":["R_BF","M","M","M","?","?","T","M","M","M","M","$","?","?","M","B"],"character_chosen":"THE_SNECKO","items_purchased":["Lee\u0027s Waffle"],"campfire_rested":0,"item_purchase_floors":[12],"current_hp_per_floor":[90,91,87,82,82,82,82,68,52,41,38,101,101,101,91,0,0],"gold":145,"neow_bonus":"HUNDRED_GOLD","is_daily":false,"chose_seed":false,"campfire_upgraded":0,"win_rate":0.0,"timestamp":1608566870,"path_taken":["R_BF","M","M","M","?","?","T","M","M","?","M","$","?","?","M","BOSS"],"items_purchased_type":["Relic"],"build_version":"2020-12-13","purchased_purges":0,"victory":false,"max_hp_per_floor":[90,91,91,92,92,92,92,92,92,92,93,101,101,101,101,101,101],"card_choices":[{"not_picked":["sneckomod:UnknownWeak","sneckomod:UnknownBlock"],"picked":"sneckomod:UnknownClassGUARDIAN","floor":2},{"not_picked":["sneckomod:UnknownCommonAttack","sneckomod:SlitherStrike"],"picked":"sneckomod:QuickBite","floor":3},{"not_picked":["sneckomod:DiceBlock","sneckomod:SoulDraw"],"picked":"sneckomod:UnknownClassSLIMEBOUND","floor":4},{"not_picked":["sneckomod:Unknown1Cost","sneckomod:MixItUp"],"picked":"sneckomod:ImprovisedAttack","floor":8},{"not_picked":["sneckomod:Unknown1Cost","sneckomod:DiceCrush"],"picked":"sneckomod:Nope","floor":9},{"not_picked":["sneckomod:SerpentIdol","sneckomod:UnknownWeak"],"picked":"sneckomod:IronFang","floor":10},{"not_picked":["sneckomod:DiceCrush","sneckomod:DiceBlock"],"picked":"sneckomod:UnknownClassGUARDIAN","floor":11},{"not_picked":["sneckomod:DiceCrush","sneckomod:SoulCleanse"],"picked":"sneckomod:UnknownRareSkill","floor":12},{"not_picked":["Replay:Fractal Strike","infinitespire:FutureSight"],"picked":"ReplayTheSpireMod:Chaos Vortex","floor":14},{"not_picked":["sneckomod:UnknownStrength","sneckomod:UnknownUncommonAttack"],"picked":"sneckomod:SlitherStrike","floor":15}],"player_experience":146050,"relics_obtained":[{"floor":1,"key":"conspire:Flyswatter"},{"floor":7,"key":"Mirror"}],"event_choices":[{"damage_healed":0,"gold_gain":0,"player_choice":"Got Potions","damage_taken":0,"max_hp_gain":0,"max_hp_loss":0,"event_name":"Lab","floor":6,"gold_loss":0},{"damage_healed":25,"gold_gain":0,"player_choice":"Healed and dodged fight","damage_taken":0,"max_hp_gain":0,"max_hp_loss":0,"event_name":"Mushrooms","floor":13,"gold_loss":0,"cards_obtained":["Parasite"]}],"is_beta":false,"boss_relics":[],"items_purged_floors":[],"is_endless":false,"potions_floor_spawned":[2,8,11,15],"killed_by":"downfall:Defect","ascension_level":0}}