{"host":"hzyv8pm5uot6l4n9","time":1608577587,"event":{"mods":["Act Like it!","Always Whale","Aspiration","BaseMod","BetterRewards","Conspire","Downfall","Energized Spire","FetchMod","Friendly Minions","GifTheSpireLib","GungeonMod","Halation","Hubris","Infinite Spire","Jedi Mod","Mimic Mod","Minty Spire (QoL Compilation)","QueenMod","Quick Restart","Replay The Spire","Shop Mod","StSLib","Stuff the Spire","Td1madao Mod","The Animator","The Bug Knight","The Cursed","The Druid","The Exalted","The Judge","The Senshi","The Wild Card","TheBandit","WarShipGirlsR/????R mod","Yuri Mod","vexMod"],"gold_per_floor":[99,39,72,72,101,116,198,216,251,251,269,279,279,149,170,275,275,200,200,200,226,243,407,407,539,464,636,44,68,68,68,68,68,68],"floor_reached":32,"playtime":1788,"items_purged":["hexamod:Strike"],"score":460,"play_id":"7f4074dd-1938-4921-a7c6-770371d0c8e7","local_time":"20201221200627","is_ascension_mode":true,"campfire_choices":[{"data":"hexamod:Float","floor":1,"key":"SMITH"},{"data":"hexamod:RadiantFlame","floor":10,"key":"SMITH"},{"data":"hexamod:GhostflameInferno","floor":18,"key":"SMITH"},{"data":"Ghostly","floor":20,"key":"SMITH"},{"data":"hexamod:HexaLevel","floor":26,"key":"SMITH"}],"circlet_count":0,"master_deck":["hexamod:Sear+1","hexamod:Float+1","hexamod:EmpoweredFlame+1","hexamod:PhantomFireball+1","hexamod:ThirdSeal","hexamod:Incineration+1","hexamod:SoulSteal","hexamod:SixthSeal","hexamod:Rewind","hexamod:Incineration+1","hexamod:RadiantFlame+1","hexamod:NightmareGuise","hexamod:TimeWarp","hexamod:FastForward+1","hexamod:ExtraCrispy","hexamod:RainOfEmbers+1","hexamod:RadiantFlame","hexamod:FirstSeal","hexamod:SecondSeal","hexamod:AdvancingGuard","hexamod:GhostflameInferno+1","hexamod:FifthSeal","hexamod:CouncilsJustice","hexamod:CouncilsJustice","hexamod:CouncilsJustice","Ghostly+1","Ghostly","Ghostly+1","hexamod:FlamesFromBeyond+1","hexamod:HeatCrush","hexamod:Hexaguard+1","hexamod:ChargedBarrage","hexamod:FourthSeal","hexamod:HexaLevel+1","hexamod:Hexaguard+1","hexamod:FastForward","Sadistic Nature","hexamod:HeatMetal+1"],"relics":["hexamod:SpiritBrand","downfall:HeartsMalice","Mummified Hand","DemoMod:PinkGuonStone","StuffTheSpire:TintedRock","hubris:TerracottaHorce","downfall:HeartBlessingBlue","Oddly Smooth Stone","DemoMod:AgedBell","halation:PrussianBluePaint","halation:Toothbrush","downfall:HeartBlessingGreen","StuffTheSpire:CocoNut","DemoMod:GlassGuonStoneRelic","aspiration:HummingbirdHeart","halation:Komachan"],"acts_visited":["Exordium","TheCity"],"potions_floor_usage":[14,15,16,29],"damage_taken":[{"damage":0,"enemies":"downfall:FleeingMerchant","floor":2,"turns":1},{"damage":0,"enemies":"Replay:BlueRogue","floor":3,"turns":1},{"damage":0,"enemies":"Cultist","floor":4,"turns":1},{"damage":8,"enemies":"Lagavulin","floor":5,"turns":5},{"damage":1,"enemies":"conspire:RoseBush","floor":6,"turns":3},{"damage":0,"enemies":"Jaw Worm","floor":8,"turns":4},{"damage":0,"enemies":"HollowMod:MossKnight","floor":9,"turns":6},{"damage":0,"enemies":"Exordium Wildlife","floor":11,"turns":6},{"damage":0,"enemies":"Blue Slaver","floor":12,"turns":3},{"damage":0,"enemies":"downfall:FleeingMerchant","floor":14,"turns":4},{"damage":0,"enemies":"conspire:2 RoseBushes","floor":15,"turns":6},{"damage":10,"enemies":"downfall:Defect","floor":16,"turns":6},{"damage":0,"enemies":"Spheric Guardian","floor":22,"turns":3},{"damage":0,"enemies":"HollowMod:Nosk","floor":23,"turns":5},{"damage":22,"enemies":"Replay:Snechameleon","floor":25,"turns":4},{"damage":20,"enemies":"HollowMod:Nosk","floor":27,"turns":7},{"damage":7,"enemies":"downfall:FleeingMerchant","floor":28,"turns":4},{"damage":0,"enemies":"Cultist and Chosen","floor":29,"turns":4},{"damage":1,"enemies":"downfall:FleeingMerchant","floor":32,"turns":2}],"seed_played":"7730993382466827302","potions_obtained":[{"floor":3,"key":"AttackPotion"},{"floor":8,"key":"sneckomod:MuddlingPotion"},{"floor":11,"key":"Swift Potion"},{"floor":15,"key":"BlessingOfTheForge"},{"floor":22,"key":"Dexterity Potion"},{"floor":27,"key":"FearPotion"},{"floor":28,"key":"Guardian:BlockOnCardUsePotion"},{"floor":29,"key":"Energy Potion"}],"is_trial":false,"path_per_floor":["R","$","E","M","E","M","T","M","E","R","M","M","?","$","M","B",null,"R","?","R","T","M","E","T","E","R","E","$","M","PTL","PTL","$"],"character_chosen":"THE_SPIRIT","items_purchased":["hexamod:PhantomFireball+1","hexamod:SecondSeal","Sadistic Nature","aspiration:HummingbirdHeart","halation:Komachan"],"campfire_rested":0,"item_purchase_floors":[2,14,28,28,28],"current_hp_per_floor":[70,70,70,70,69,68,68,68,68,68,68,68,68,68,75,72,76,86,43,43,43,43,43,43,21,21,8,1,1,1,1,0,0,0],"gold":68,"neow_bonus":"THREE_ENEMY_KILL","is_daily":false,"chose_seed":false,"campfire_upgraded":5,"win_rate":0.0,"timestamp":1608577587,"path_taken":["R","?","E","M","E","M","T","M","E","R","M","M","?","$","M","BOSS","R","?","R","?","M","E","T","E","R","E","$","M","PTL","PTL","?"],"items_purchased_type":["Card","Card","Card","Relic","Relic"],"build_version":"2020-12-13","purchased_purges":1,"victory":false,"max_hp_per_floor":[70,70,70,70,77,77,77,77,77,77,77,77,77,77,77,77,77,87,43,43,43,43,43,43,43,43,50,50,50,50,50,50,50,50],"card_choices":[{"not_picked":["hexamod:Rewind","hexamod:ThermalTransfer"],"picked":"hexamod:EmpoweredFlame","floor":2},{"not_picked":["hexamod:HauntingEcho","hexamod:ChargedBarrage"],"picked":"hexamod:ThirdSeal","floor":3},{"not_picked":["hexamod:HeatShield","hexamod:AdvancingGuard"],"picked":"hexamod:Incineration","floor":4},{"not_picked":["hexamod:GhostLash","hexamod:Hexaguard"],"picked":"hexamod:SoulSteal","floor":5},{"not_picked":["hexamod:EtherealExpedition","hexamod:RetreatToShadows"],"picked":"hexamod:SixthSeal","floor":5},{"not_picked":["hexamod:ThermalTransfer","hexamod:InspiringFlames"],"picked":"hexamod:Rewind","floor":6},{"not_picked":["hexamod:SpectersWail","hexamod:Haunt"],"picked":"hexamod:Incineration","floor":6},{"not_picked":["hexamod:AdvancingGuard","hexamod:RainOfEmbers"],"picked":"hexamod:RadiantFlame","floor":8},{"not_picked":["hexamod:GhostShield","hexamod:InspiringFlames"],"picked":"hexamod:NightmareGuise","floor":8},{"not_picked":["hexamod:SwordOfDarkness","hexamod:Firestarter"],"picked":"hexamod:TimeWarp","floor":9},{"not_picked":["hexamod:BacktrackSmack","hexamod:NightmareStrike"],"picked":"hexamod:FastForward","floor":9},{"not_picked":["hexamod:Hexaguard","hexamod:GhostOfSpirePast"],"picked":"hexamod:ExtraCrispy","floor":11},{"not_picked":["hexamod:NightmareStrike","hexamod:CatchUp","hexamod:SkipABeat"],"picked":"SKIP","floor":11},{"not_picked":["hexamod:Hexaguard","hexamod:AdvancingGuard"],"picked":"hexamod:RainOfEmbers","floor":12},{"not_picked":["hexamod:VolcanoVisage","hexamod:Hexaguard","hexamod:GhostLash"],"picked":"SKIP","floor":12},{"not_picked":["hexamod:CatchUp","hexamod:NightmareStrike"],"picked":"hexamod:RadiantFlame","floor":14},{"not_picked":["hexamod:ChargedBarrage","hexamod:SoulSteal"],"picked":"hexamod:FirstSeal","floor":14},{"not_picked":["hexamod:BurningTouch","hexamod:HauntingEcho"],"picked":"hexamod:AdvancingGuard","floor":15},{"not_picked":["hexamod:InspiringFlames","hexamod:RainOfEmbers","hexamod:ThirdSeal"],"picked":"SKIP","floor":15},{"not_picked":["hexamod:Toasty","hexamod:GiftsFromTheDead"],"picked":"hexamod:GhostflameInferno","floor":16},{"not_picked":["hexamod:GiftsFromTheDead","hexamod:EmpoweringStance"],"picked":"hexamod:FifthSeal","floor":16},{"not_picked":["hexamod:GhostLash+1","hexamod:RainOfEmbers"],"picked":"hexamod:FlamesFromBeyond","floor":22},{"not_picked":["hexamod:BacktrackSmack","hexamod:ExtraCrispy","hexamod:SuperheatedStrike"],"picked":"SKIP","floor":22},{"not_picked":["hexamod:ThirdSeal","hexamod:SecondSeal","hexamod:SixthSeal"],"picked":"SKIP","floor":22},{"not_picked":["hexamod:FlamesFromBeyond","hexamod:ShieldOfDarkness"],"picked":"hexamod:HeatCrush","floor":23},{"not_picked":["hexamod:BurningTouch","hexamod:ThirdSeal"],"picked":"hexamod:Hexaguard+1","floor":23},{"not_picked":["hexamod:SecondSeal","hexamod:ThirdSeal","hexamod:FirstSeal"],"picked":"SKIP","floor":23},{"not_picked":["hexamod:GhostShield","hexamod:GhostLash"],"picked":"hexamod:ChargedBarrage","floor":25},{"not_picked":["hexamod:ThirdSeal","hexamod:FirstSeal"],"picked":"hexamod:FourthSeal","floor":25},{"not_picked":["hexamod:SecondSeal","hexamod:GhostOfSpirePast"],"picked":"hexamod:HexaLevel","floor":25},{"not_picked":["hexamod:FastForward","hexamod:ChargedBarrage"],"picked":"hexamod:Hexaguard+1","floor":27},{"not_picked":["hexamod:SuperheatedStrike","hexamod:InspiringFlames+1","hexamod:Firestarter"],"picked":"SKIP","floor":27},{"not_picked":["hexamod:RainOfEmbers","hexamod:InspiringFlames"],"picked":"hexamod:FastForward","floor":28},{"not_picked":["hexamod:FirstSeal","hexamod:FourthSeal","hexamod:SixthSeal"],"picked":"SKIP","floor":28},{"not_picked":["hexamod:RadiantFlame","hexamod:NecessarySacrifice"],"picked":"hexamod:HeatMetal+1","floor":29},{"not_picked":["hexamod:SpectersWail","hexamod:SuperheatedStrike","hexamod:ThermalTransfer"],"picked":"SKIP","floor":29}],"player_experience":681852,"relics_obtained":[{"floor":3,"key":"Mummified Hand"},{"floor":5,"key":"DemoMod:PinkGuonStone"},{"floor":9,"key":"StuffTheSpire:TintedRock"},{"floor":21,"key":"Oddly Smooth Stone"},{"floor":23,"key":"DemoMod:AgedBell"},{"floor":24,"key":"halation:PrussianBluePaint"},{"floor":25,"key":"halation:Toothbrush"},{"floor":27,"key":"StuffTheSpire:CocoNut"}],"event_choices":[{"damage_healed":0,"gold_gain":0,"player_choice":"Leave","damage_taken":0,"max_hp_gain":0,"max_hp_loss":0,"event_name":"conspire:Investor","floor":13,"gold_loss":0}],"is_beta":false,"boss_relics":[{"not_picked":["energizedSpire:EnergizedDie","conspire:SpecialSausage"],"picked":"hubris:TerracottaHorce"}],"items_purged_floors":[14],"is_endless":false,"potions_floor_spawned":[3,8,11,12,15,22,29],"killed_by":"downfall:FleeingMerchant","ascension_level":1}}