{"host":"12","time":1608542682,"event":{"mods":["Act Like it!","BaseMod","Colored Powertips","Minty Spire (QoL Compilation)","StSLib","【功能Mod】混沌之环修复补丁"],"gold_per_floor":[111,36,48,48,66,99,99,127,127,155,169,189,189,189,189,265,265,279,289,299,299,81,116,116,145,168,168,88,107,124,39,39,116,116,128,128,128,180,194,194,194,194],"floor_reached":41,"playtime":1742,"items_purged":["Strike_B","Defend_B"],"score":928,"play_id":"249b238c-0d07-4fce-af79-26a998bb1a16","local_time":"20201221172442","is_ascension_mode":true,"campfire_choices":[{"floor":7.0,"key":"REST"},{"floor":13.0,"key":"REST"},{"data":"Defragment","floor":15.0,"key":"SMITH"},{"floor":24.0,"key":"REST"},{"floor":27.0,"key":"REST"},{"data":"Recycle","floor":32.0,"key":"SMITH"},{"data":"Skim","floor":40.0,"key":"SMITH"}],"circlet_count":0,"master_deck":["AscendersBane","Strike_B","Defend_B","Defend_B","Defend_B","Zap","Dualcast+1","Cold Snap","Hologram","Ball Lightning","Defragment+1","Skim+1","BootSequence","Core Surge","Coolheaded+1","Tempest","Seek","Turbo","Recycle+1","Creative AI","Coolheaded","Undo","Biased Cognition","Purity","White Noise"],"relics":["Cracked Core","Dream Catcher","Torii","The Courier","Odd Mushroom","Philosopher\u0027s Stone","Medical Kit","InkBottle","Kunai","Shuriken","Coffee Dripper","Girya"],"acts_visited":["Exordium","TheCity","TheBeyond"],"potions_floor_usage":[],"damage_taken":[{"damage":1.0,"enemies":"Cultist","floor":1.0,"turns":3.0},{"damage":2.0,"enemies":"Small Slimes","floor":3.0,"turns":3.0},{"damage":1.0,"enemies":"2 Louse","floor":5.0,"turns":2.0},{"damage":23.0,"enemies":"Gremlin Nob","floor":6.0,"turns":4.0},{"damage":31.0,"enemies":"Lagavulin","floor":8.0,"turns":6.0},{"damage":15.0,"enemies":"The Mushroom Lair","floor":10.0,"turns":6.0},{"damage":5.0,"enemies":"Exordium Thugs","floor":11.0,"turns":7.0},{"damage":1.0,"enemies":"Blue Slaver","floor":12.0,"turns":3.0},{"damage":2.0,"enemies":"The Guardian","floor":16.0,"turns":12.0},{"damage":18.0,"enemies":"2 Thieves","floor":18.0,"turns":4.0},{"damage":1.0,"enemies":"Spheric Guardian","floor":19.0,"turns":4.0},{"damage":11.0,"enemies":"Shelled Parasite and Fungi","floor":20.0,"turns":6.0},{"damage":34.0,"enemies":"Slavers","floor":23.0,"turns":5.0},{"damage":0.0,"enemies":"Gremlin Leader","floor":25.0,"turns":7.0},{"damage":1.0,"enemies":"Snecko","floor":29.0,"turns":7.0},{"damage":18.0,"enemies":"Centurion and Healer","floor":30.0,"turns":10.0},{"damage":1.0,"enemies":"Champ","floor":33.0,"turns":12.0},{"damage":1.0,"enemies":"3 Shapes","floor":35.0,"turns":3.0},{"damage":29.0,"enemies":"2 Orb Walkers","floor":38.0,"turns":3.0},{"damage":7.0,"enemies":"Orb Walker","floor":39.0,"turns":3.0},{"damage":33,"enemies":"Reptomancer","floor":41,"turns":2}],"seed_played":"-2806390849054778158","potions_obtained":[{"floor":5.0,"key":"Weak Potion"},{"floor":8.0,"key":"SteroidPotion"},{"floor":10.0,"key":"SkillPotion"},{"floor":11.0,"key":"DistilledChaos"},{"floor":16.0,"key":"Block Potion"},{"floor":18.0,"key":"Energy Potion"},{"floor":23.0,"key":"Dexterity Potion"},{"floor":29.0,"key":"CultistPotion"}],"is_trial":false,"path_per_floor":["M","$","M","$","M","E","R","E","T","?","M","M","R","?","R","B",null,"M","M","M","?","$","E","R","E","T","R","$","M","M","?","R","B",null,"M","?","$","?","M","R","E"],"character_chosen":"DEFECT","items_purchased":["Turbo","Recycle","Medical Kit"],"campfire_rested":4,"item_purchase_floors":[22,22,22],"current_hp_per_floor":[63,63,61,61,60,37,58,27,27,12,7,6,27,71,71,69,71,53,52,41,41,41,7,28,28,28,49,49,48,30,30,30,29,61,60,60,60,31,24,24,0,0],"gold":194,"neow_bonus":"UPGRADE_CARD","is_daily":false,"chose_seed":false,"campfire_upgraded":3,"win_rate":0.0,"timestamp":1608542682,"path_taken":["M","$","M","?","M","E","R","E","T","?","M","M","R","?","R","BOSS","M","M","M","?","$","E","R","E","T","R","$","M","M","?","R","BOSS","M","?","$","?","M","R","E"],"items_purchased_type":["Card","Card","Relic"],"build_version":"2020-12-18","purchased_purges":2,"victory":false,"max_hp_per_floor":[71,71,71,71,71,71,71,71,71,71,71,71,71,71,71,71,71,71,71,71,71,71,71,71,71,71,71,71,71,71,71,71,71,71,71,71,71,71,71,71,71,71],"card_choices":[{"not_picked":["Go for the Eyes","Barrage"],"picked":"Cold Snap","floor":1.0},{"not_picked":["Cold Snap","Scrape"],"picked":"Hologram","floor":3.0},{"not_picked":["Conserve Battery","Static Discharge"],"picked":"Ball Lightning","floor":5.0},{"not_picked":["Scrape","Steam Power","Leap"],"picked":"SKIP","floor":6.0},{"not_picked":["Streamline","Reboot"],"picked":"Blizzard","floor":8.0},{"not_picked":["Hologram","Streamline"],"picked":"Defragment","floor":11.0},{"not_picked":["Steam","Aggregate"],"picked":"Skim","floor":12.0},{"not_picked":["Reprogram","Blizzard"],"picked":"BootSequence","floor":13.0},{"not_picked":["Multi-Cast","Hyperbeam"],"picked":"Core Surge","floor":16.0},{"not_picked":["Ball Lightning","Beam Cell"],"picked":"Coolheaded+1","floor":18.0},{"not_picked":["Beam Cell","Hologram","Barrage"],"picked":"SKIP","floor":19.0},{"not_picked":["Sweeping Beam","Hologram","Redo"],"picked":"SKIP","floor":20.0},{"not_picked":["Sweeping Beam","Aggregate"],"picked":"Creative AI","floor":23.0},{"not_picked":["Compile Driver","Darkness"],"picked":"Coolheaded","floor":24.0},{"not_picked":["Barrage","Genetic Algorithm","Storm"],"picked":"SKIP","floor":25.0},{"not_picked":["Ball Lightning","Hologram"],"picked":"Undo","floor":27.0},{"not_picked":["Rebound","Sweeping Beam","Static Discharge+1"],"picked":"SKIP","floor":29.0},{"not_picked":["Darkness+1","Leap","Loop"],"picked":"SKIP","floor":30.0},{"not_picked":["Thunder Strike","Reboot"],"picked":"Biased Cognition","floor":33.0},{"not_picked":["Conserve Battery","Ball Lightning","Beam Cell"],"picked":"SKIP","floor":35.0},{"not_picked":["Panacea","Good Instincts"],"picked":"Purity","floor":36.0},{"not_picked":["Gash+1","Streamline"],"picked":"White Noise","floor":38.0},{"not_picked":["FTL","Consume+1","Reprogram"],"picked":"SKIP","floor":39.0}],"player_experience":547883,"relics_obtained":[{"floor":6.0,"key":"Dream Catcher"},{"floor":8.0,"key":"Torii"},{"floor":9.0,"key":"The Courier"},{"floor":10.0,"key":"Odd Mushroom"},{"floor":23.0,"key":"InkBottle"},{"floor":25.0,"key":"Kunai"},{"floor":38.0,"key":"Girya"}],"event_choices":[{"damage_healed":0.0,"max_hp_gain":0.0,"max_hp_loss":0.0,"gold_gain":0.0,"event_name":"Mushrooms","player_choice":"Fought Mushrooms","floor":10.0,"gold_loss":0.0,"damage_taken":0.0},{"cards_removed":["Blizzard"],"damage_healed":44.0,"max_hp_gain":0.0,"max_hp_loss":0.0,"gold_gain":0.0,"event_name":"Bonfire Elementals","player_choice":"Offered Uncommon","floor":14.0,"gold_loss":0.0,"damage_taken":0.0},{"damage_healed":0.0,"max_hp_gain":0.0,"max_hp_loss":0.0,"gold_gain":0.0,"cards_transformed":["Strike_B","Strike_B"],"event_name":"Drug Dealer","player_choice":"Became Test Subject","floor":21.0,"gold_loss":0.0,"damage_taken":0.0,"cards_obtained":["Tempest","Seek"]},{"damage_healed":0.0,"max_hp_gain":0.0,"max_hp_loss":0.0,"gold_gain":0.0,"event_name":"Addict","player_choice":"Obtained Relic","floor":31.0,"gold_loss":85.0,"damage_taken":0.0,"relics_obtained":["Shuriken"]},{"damage_healed":0.0,"max_hp_gain":0.0,"max_hp_loss":0.0,"gold_gain":0.0,"event_name":"SensoryStone","player_choice":"Memory 1","floor":36.0,"gold_loss":0.0,"damage_taken":0.0},{"damage_healed":0.0,"max_hp_gain":0.0,"max_hp_loss":0.0,"gold_gain":0.0,"event_name":"Mysterious Sphere","player_choice":"Fight","floor":38.0,"gold_loss":0.0,"damage_taken":0.0}],"is_beta":true,"boss_relics":[{"not_picked":["Calling Bell","FrozenCore"],"picked":"Philosopher\u0027s Stone"},{"not_picked":["SlaversCollar","Inserter"],"picked":"Coffee Dripper"}],"items_purged_floors":[2,28],"is_endless":false,"potions_floor_spawned":[5,8,10,11,16,18,23,29,33,38],"killed_by":"Reptomancer","ascension_level":20}}