{"host":"sxnl403xm2xmiyj1","time":1608551655,"event":{"mods":["AchievementEnabler","BaseMod","Colored Map","Keyboard Shortcuts","Minty Spire (QoL Compilation)","Quick Restart","StSLib","SuperFastMode"],"gold_per_floor":[362,377,9,24,24,49,69,69,69,85,96,96,107,139,139,213,213,227,246,246,49,61,61,61],"floor_reached":23,"playtime":443,"items_purged":[],"score":390,"play_id":"73fc88f5-d258-4944-ac7d-05387904d0f1","local_time":"20201221205415","is_ascension_mode":true,"campfire_choices":[{"floor":8.0,"key":"REST"},{"data":"Zap","floor":12.0,"key":"SMITH"},{"data":"Streamline","floor":15.0,"key":"SMITH"}],"circlet_count":0,"master_deck":["AscendersBane","Strike_B","Strike_B","Strike_B","Defend_B","Defend_B","Defend_B","Defend_B","Zap+1","Dualcast","Capacitor","Capacitor","Streamline+1","Conserve Battery","Ball Lightning","Core Surge","Compile Driver","Cold Snap","Undo","Gash","Machine Learning","Cold Snap","Skim+1","Compile Driver","Double Energy"],"relics":["Cracked Core","CaptainsWheel","Vajra","Meat on the Bone","StoneCalendar","Coffee Dripper","DataDisk"],"acts_visited":["Exordium","TheCity"],"potions_floor_usage":[23],"damage_taken":[{"damage":0.0,"enemies":"2 Louse","floor":1.0,"turns":2.0},{"damage":1.0,"enemies":"Cultist","floor":2.0,"turns":3.0},{"damage":7.0,"enemies":"Small Slimes","floor":4.0,"turns":4.0},{"damage":36.0,"enemies":"Gremlin Nob","floor":6.0,"turns":5.0},{"damage":15.0,"enemies":"Gremlin Gang","floor":7.0,"turns":2.0},{"damage":6.0,"enemies":"2 Fungi Beasts","floor":10.0,"turns":3.0},{"damage":6.0,"enemies":"Looter","floor":11.0,"turns":3.0},{"damage":11.0,"enemies":"Lots of Slimes","floor":13.0,"turns":4.0},{"damage":21.0,"enemies":"3 Sentries","floor":14.0,"turns":7.0},{"damage":6.0,"enemies":"Hexaghost","floor":16.0,"turns":8.0},{"damage":1.0,"enemies":"Spheric Guardian","floor":18.0,"turns":4.0},{"damage":0.0,"enemies":"Chosen","floor":19.0,"turns":4.0},{"damage":30,"enemies":"Snecko","floor":22,"turns":6},{"damage":0,"enemies":"Gremlin Leader","floor":23,"turns":4}],"seed_played":"8433403296311575851","potions_obtained":[{"floor":4.0,"key":"Ancient Potion"},{"floor":6.0,"key":"PowerPotion"},{"floor":11.0,"key":"CultistPotion"},{"floor":14.0,"key":"Weak Potion"},{"floor":16.0,"key":"PotionOfCapacity"}],"is_trial":false,"path_per_floor":["M","M","$","M","?","E","M","R","T","M","M","R","M","E","R","B",null,"M","M","?","$","M","E"],"character_chosen":"DEFECT","items_purchased":["Streamline","CaptainsWheel","DataDisk","Compile Driver"],"campfire_rested":1,"item_purchase_floors":[3,3,21,21],"current_hp_per_floor":[64,63,63,56,56,20,5,24,24,30,36,36,37,28,28,34,57,56,56,56,56,38,38,38],"gold":61,"neow_bonus":"TWO_FIFTY_GOLD","is_daily":false,"chose_seed":false,"campfire_upgraded":2,"win_rate":0.0,"timestamp":1608551655,"path_taken":["M","M","$","M","?","E","M","R","T","M","?","R","M","E","R","BOSS","M","M","?","$","M","E"],"items_purchased_type":["Card","Relic","Relic","Card"],"build_version":"2020-12-13","purchased_purges":0,"victory":false,"max_hp_per_floor":[64,64,64,64,64,64,64,64,64,64,64,64,64,64,64,64,64,64,64,64,64,64,64,64],"card_choices":[{"not_picked":["Redo","Compile Driver"],"picked":"Capacitor","floor":1.0},{"not_picked":["Compile Driver","Beam Cell"],"picked":"Capacitor","floor":2.0},{"not_picked":["Compile Driver","Stack"],"picked":"Conserve Battery","floor":4.0},{"not_picked":["White Noise","Gash"],"picked":"Ball Lightning","floor":6.0},{"not_picked":["Rebound","Steam"],"picked":"Core Surge","floor":7.0},{"not_picked":["Heatsinks","Aggregate"],"picked":"Compile Driver","floor":10.0},{"not_picked":["Darkness","Recycle"],"picked":"Cold Snap","floor":11.0},{"not_picked":["Go for the Eyes","Sweeping Beam"],"picked":"Undo","floor":13.0},{"not_picked":["Conserve Battery","Streamline"],"picked":"Gash","floor":14.0},{"not_picked":["Meteor Strike","Echo Form"],"picked":"Machine Learning","floor":16.0},{"not_picked":["Turbo","Chaos"],"picked":"Cold Snap","floor":18.0},{"not_picked":["Go for the Eyes","Melter"],"picked":"Skim+1","floor":19.0},{"not_picked":["Rebound","BootSequence"],"picked":"Double Energy","floor":22}],"player_experience":111421,"relics_obtained":[{"floor":6.0,"key":"Vajra"},{"floor":9.0,"key":"Meat on the Bone"},{"floor":14.0,"key":"StoneCalendar"}],"event_choices":[{"cards_removed":["Strike_B"],"damage_healed":0.0,"max_hp_gain":0.0,"max_hp_loss":0.0,"gold_gain":0.0,"event_name":"Wheel of Change","player_choice":"Card Removal","floor":5.0,"gold_loss":0.0,"damage_taken":0.0},{"damage_healed":0.0,"max_hp_gain":0.0,"max_hp_loss":0.0,"gold_gain":0.0,"event_name":"N\u0027loth","player_choice":"Ignored","floor":20.0,"gold_loss":0.0,"damage_taken":0.0}],"is_beta":false,"boss_relics":[{"not_picked":["Philosopher\u0027s Stone","Astrolabe"],"picked":"Coffee Dripper"}],"items_purged_floors":[],"is_endless":false,"potions_floor_spawned":[4,6,11,14,16],"killed_by":"Gremlin Leader","ascension_level":18}}