{"host":"miejrq8yypas90n2","time":1608535858,"event":{"mods":["Act Like it!","BaseMod","Colored Powertips","Gensokyo","Marisa£®ÏF”Í°°ƒß¿Ì…≥£©","Minty Spire (QoL Compilation)","StSLib","The Servant 0.9.4"],"gold_per_floor":[110,110,127,202,215,215,490,490,514,549,549,577,587,587,587,690,690,705,705,717,717,200,200,229,229,229,259,259,259,289,306,306,405,405,416,261,261,276,291,291,321,321,321,321,341,341,393,403,403,403,403,403,8,37,37],"floor_reached":56,"playtime":3405,"items_purged":["Shame"],"score":1409,"play_id":"3aee4e21-cd2e-4e93-b5e6-2cc2adc12958","local_time":"20201221153058","is_ascension_mode":true,"campfire_choices":[{"data":"OortCloud","floor":6.0,"key":"SMITH"},{"data":"6A","floor":8.0,"key":"SMITH"},{"floor":11.0,"key":"RECALL"},{"data":"Regret","floor":15.0,"key":"PURGE"},{"data":"StarDustReverie","floor":23.0,"key":"SMITH"},{"data":"Panache","floor":25.0,"key":"SMITH"},{"data":"CasketOfStar","floor":28.0,"key":"SMITH"},{"data":"EarthLightRay","floor":32.0,"key":"SMITH"},{"data":"ManaConvection","floor":40.0,"key":"SMITH"},{"data":"6A","floor":42.0,"key":"SMITH"},{"floor":44.0,"key":"REST"},{"data":"ManaConvection","floor":46.0,"key":"SMITH"},{"data":"DragonMeteor","floor":49,"key":"SMITH"},{"data":"MillisecondPulsars","floor":52,"key":"SMITH"}],"circlet_count":0,"master_deck":["Strike_MRS+1","Strike_MRS+1","Strike_MRS+1","Defend_MRS+1","Defend_MRS+1","Defend_MRS+1","Defend_MRS+1","MasterSpark","UpSweep","MysteriousBeam","6A+1","OortCloud+1","EventHorizon","MysteriousBeam","StarDustReverie+1","UnstableBomb+1","DoubleSpark+1","Panache+1","6A+1","CasketOfStar+1","ManaConvection+1","EarthLightRay+1","MillisecondPulsars+1","UnstableBomb+1","StarDustReverie+1","Acceleration+1","ManaConvection+1","LuminesStrike+1","SuperPerseids+1","DragonMeteor+1","UnstableBomb+1","MysteriousBeam+1"],"relics":["BewitchedHakkero","NeowsBlessing","Anchor","Boot","Sundial","Peace Pipe","ExperimentalFamiliar","Blue Candle","Bottled Tornado","Mango","Pocketwatch","White Beast Statue","DollysMirror","Bottled Flame","Shuriken","CaptainsWheel","Ornamental Fan","Bronze Scales","HandmadeGrimoire"],"acts_visited":["Exordium","TheCity","TheBeyond","TheEnding"],"potions_floor_usage":[47,50,55],"damage_taken":[{"damage":0.0,"enemies":"Small Slimes","floor":1.0,"turns":1.0},{"damage":0.0,"enemies":"Jaw Worm","floor":3.0,"turns":1.0},{"damage":0.0,"enemies":"2 Louse","floor":5.0,"turns":1.0},{"damage":6.0,"enemies":"Lagavulin","floor":10.0,"turns":5.0},{"damage":4.0,"enemies":"3 Sentries","floor":12.0,"turns":8.0},{"damage":2.0,"enemies":"Exordium Thugs","floor":13.0,"turns":5.0},{"damage":4.0,"enemies":"Hexaghost","floor":16.0,"turns":8.0},{"damage":0.0,"enemies":"Chosen","floor":18.0,"turns":3.0},{"damage":0.0,"enemies":"Shell Parasite","floor":20.0,"turns":3.0},{"damage":23.0,"enemies":"Slavers","floor":24.0,"turns":5.0},{"damage":15.0,"enemies":"Gremlin Leader","floor":27.0,"turns":4.0},{"damage":16.0,"enemies":"Slavers","floor":30.0,"turns":4.0},{"damage":4.0,"enemies":"Snake Plant","floor":31.0,"turns":3.0},{"damage":24.0,"enemies":"Champ","floor":33.0,"turns":6.0},{"damage":24.0,"enemies":"3 Darklings","floor":35.0,"turns":4.0},{"damage":8.0,"enemies":"3 Shapes","floor":38.0,"turns":3.0},{"damage":14.0,"enemies":"Jaw Worm Horde","floor":39.0,"turns":4.0},{"damage":26.0,"enemies":"Reptomancer","floor":41.0,"turns":5.0},{"damage":16.0,"enemies":"Writhing Mass","floor":45.0,"turns":4.0},{"damage":18,"enemies":"2 Orb Walkers","floor":47,"turns":4},{"damage":0,"enemies":"4 Shapes","floor":48,"turns":4},{"damage":33,"enemies":"Awakened One","floor":50,"turns":9},{"damage":8,"enemies":"Shield and Spear","floor":54,"turns":2},{"damage":107,"enemies":"The Heart","floor":55,"turns":6}],"seed_played":"-4262669222938585463","potions_obtained":[{"floor":1.0,"key":"DistilledChaos"},{"floor":16.0,"key":"Energy Potion"},{"floor":24.0,"key":"SkillPotion"},{"floor":27.0,"key":"FearPotion"},{"floor":31.0,"key":"SpeedPotion"},{"floor":33.0,"key":"Explosive Potion"},{"floor":38.0,"key":"EssenceOfSteel"},{"floor":39.0,"key":"DuplicationPotion"},{"floor":47,"key":"Block Potion"},{"floor":48,"key":"FairyPotion"},{"floor":54,"key":"Fire Potion"}],"is_trial":false,"path_per_floor":["M","?","M","?","M","R","?","R","T","E","R","E","M","T","R","B",null,"M","?","M","?","$","R","E","R","T","E","R","?","E","M","R","B",null,"M","$","?","M","M","R","E","R","T","R","M","R","?","M","R","B",null,"R","$","E","B",null],"character_chosen":"MARISA","items_purchased":["Bottled Tornado","Panache","DollysMirror","Ornamental Fan","Bronze Scales"],"campfire_rested":1,"item_purchase_floors":[22,22,36,53,53],"current_hp_per_floor":[75,68,68,57,57,57,57,57,57,51,51,47,45,45,45,41,75,75,75,75,75,75,75,66,66,66,51,51,51,35,35,35,17,89,65,65,65,63,55,55,35,35,35,61,51,51,33,33,33,6,89,89,89,81,24],"gold":37,"neow_bonus":"THREE_ENEMY_KILL","is_daily":false,"chose_seed":false,"campfire_upgraded":11,"win_rate":0.0,"timestamp":1608535858,"path_taken":["M","?","M","?","M","R","?","R","T","E","R","E","?","?","R","BOSS","M","?","M","?","$","R","E","R","T","E","R","?","E","M","R","BOSS","M","$","?","M","M","R","E","R","T","R","M","R","?","M","R","BOSS","R","$","E","BOSS"],"items_purchased_type":["Relic","Card","Relic","Relic","Relic"],"build_version":"2020-12-13","purchased_purges":1,"victory":true,"max_hp_per_floor":[75,75,75,75,75,75,75,75,75,75,75,75,75,75,75,75,75,75,75,75,75,75,75,89,89,89,89,89,89,89,89,89,89,89,89,89,89,89,89,89,89,89,89,89,89,89,89,89,89,89,89,89,89,89,89],"card_choices":[{"not_picked":["AlicesGift","MachineGunSpark"],"picked":"MysteriousBeam","floor":1.0},{"not_picked":["GravityBeat","Acceleration"],"picked":"6A","floor":3.0},{"not_picked":["SporeBomb","EnergyRecoil"],"picked":"OortCloud","floor":5.0},{"not_picked":["GrandCross","PowerUp"],"picked":"EventHorizon","floor":10.0},{"not_picked":["OneTimeOff","DC","GravityBeat"],"picked":"SKIP","floor":12.0},{"not_picked":["MagicChant","WitchLeyline"],"picked":"MysteriousBeam","floor":13.0},{"not_picked":["EscapeVelocity","MaximisePower"],"picked":"StarDustReverie","floor":16.0},{"not_picked":["WitchOfGreed","MysteriousBeam+1"],"picked":"UnstableBomb+1","floor":18.0},{"not_picked":["Orbital+1","AsteroidBelt"],"picked":"DoubleSpark+1","floor":20.0},{"not_picked":["SuperPerseids","AsteroidBelt"],"picked":"6A","floor":24.0},{"not_picked":["ChargingUp","MysteriousBeam"],"picked":"CasketOfStar","floor":27.0},{"not_picked":["GalacticHalo+1","DC"],"picked":"EarthLightRay","floor":30.0},{"not_picked":["NonDirectionalLaser","GrandCross","LuminesStrike"],"picked":"SKIP","floor":31.0},{"not_picked":["EscapeVelocity","BinaryStars"],"picked":"MillisecondPulsars","floor":33.0},{"not_picked":["WitchLeyline","MysteriousBeam+1"],"picked":"UnstableBomb+1","floor":35.0},{"not_picked":["WitchOfGreed+1","SporeBomb"],"picked":"Acceleration+1","floor":38.0},{"not_picked":["PowerUp","WitchOfGreed+1"],"picked":"ManaConvection","floor":39.0},{"not_picked":["Acceleration","GravityBeat"],"picked":"LuminesStrike+1","floor":41.0},{"not_picked":["DC+1","PulseMagic+1"],"picked":"SuperPerseids+1","floor":45.0},{"not_picked":["ShootTheMoon+1","DeepEcoloBomb+1"],"picked":"DragonMeteor","floor":47},{"not_picked":["Acceleration","LuminesStrike"],"picked":"UnstableBomb+1","floor":48},{"not_picked":["ShootTheMoon+1","TreasureHunter"],"picked":"MysteriousBeam+1","floor":54}],"player_experience":113304,"relics_obtained":[{"floor":9.0,"key":"Anchor"},{"floor":10.0,"key":"Boot"},{"floor":12.0,"key":"Sundial"},{"floor":14.0,"key":"Peace Pipe"},{"floor":24.0,"key":"Mango"},{"floor":27.0,"key":"Pocketwatch"},{"floor":30.0,"key":"White Beast Statue"},{"floor":41.0,"key":"Bottled Flame"},{"floor":43.0,"key":"Shuriken"},{"floor":47,"key":"CaptainsWheel"},{"floor":54,"key":"HandmadeGrimoire"}],"event_choices":[{"cards_removed":["Strike_MRS"],"damage_healed":0.0,"max_hp_gain":0.0,"max_hp_loss":0.0,"gold_gain":0.0,"event_name":"Golden Wing","player_choice":"Card Removal","floor":2.0,"gold_loss":0.0,"damage_taken":7.0},{"damage_healed":0.0,"max_hp_gain":0.0,"max_hp_loss":0.0,"gold_gain":75.0,"event_name":"World of Goop","player_choice":"Gather Gold","floor":4.0,"gold_loss":0.0,"damage_taken":11.0},{"damage_healed":0.0,"max_hp_gain":0.0,"max_hp_loss":0.0,"gold_gain":275.0,"event_name":"Golden Shrine","player_choice":"Desecrate","floor":7.0,"gold_loss":0.0,"damage_taken":0.0,"cards_obtained":["Regret"]},{"damage_healed":0.0,"max_hp_gain":0.0,"max_hp_loss":0.0,"gold_gain":0.0,"event_name":"Addict","player_choice":"Stole Relic","floor":19.0,"gold_loss":0.0,"damage_taken":0.0,"relics_obtained":["Blue Candle"],"cards_obtained":["Shame"]},{"damage_healed":0.0,"max_hp_gain":0.0,"max_hp_loss":0.0,"gold_gain":0.0,"event_name":"Back to Basics","player_choice":"Simplicity","floor":21.0,"gold_loss":0.0,"damage_taken":0.0,"cards_upgraded":["Strike_MRS","Strike_MRS","Strike_MRS","Defend_MRS","Defend_MRS","Defend_MRS","Defend_MRS"]},{"damage_healed":0.0,"max_hp_gain":0.0,"max_hp_loss":0.0,"gold_gain":0.0,"event_name":"The Library","player_choice":"Read","floor":29.0,"gold_loss":0.0,"damage_taken":0.0,"cards_obtained":["ManaConvection"]},{"damage_healed":0.0,"max_hp_gain":0.0,"max_hp_loss":0.0,"gold_gain":0.0,"event_name":"Tomb of Lord Red Mask","player_choice":"Ignored","floor":37.0,"gold_loss":0.0,"damage_taken":0.0},{"damage_healed":0,"gold_gain":0,"player_choice":"Fight","damage_taken":0,"max_hp_gain":0,"max_hp_loss":0,"event_name":"Mysterious Sphere","floor":47,"gold_loss":0}],"is_beta":false,"boss_relics":[{"not_picked":["Busted Crown","Velvet Choker"],"picked":"ExperimentalFamiliar"},{"not_picked":["Coffee Dripper","Astrolabe"],"picked":"BewitchedHakkero"}],"items_purged_floors":[22],"is_endless":false,"potions_floor_spawned":[1,16,24,27,31,33,35,38,39,41,45,47,48,54],"ascension_level":3}}