{"host":"vgbj9ynjvwdgqjql","time":1608581418,"event":{"mods":["2.2 Compatiblity","Ascension Reborn","BaseMod","Bestiary","Better Third Choice","BetterRewards","DeckTracker","Downfall","GifTheSpireLib","Hermit","Hubris","Minty Spire (QoL Compilation)","Permanent Neow","Quick Restart","Rare Cards Sparkle","Remilia??????","Shade Mod","Shop Mod","StSLib","Swap Starting Deck Mod","The Construct","The Cursed","The Disciple","The Mystic","The Runesmith","The Servant 0.9.4","Transform Curses"],"gold_per_floor":[110,129,142,142,157,183,193,263,337,512,512,539,18,28,28,132,132,144,120,120,133,133,160,160,186,234,234,266,278,292,312,312,413,413,431,443,454,469,484,484,496,507,507,507,413,413,425,457,457,457],"floor_reached":51,"playtime":1997,"items_purged":["Doubt"],"score":928,"play_id":"83820c79-ef1e-4734-a963-1f84a0c73a1d","local_time":"20201221201018","is_ascension_mode":true,"campfire_choices":[{"data":"Bash","floor":11,"key":"SMITH"},{"floor":15,"key":"REST"},{"floor":24,"key":"REST"},{"floor":27,"key":"REST"},{"floor":32,"key":"REST"},{"floor":40,"key":"REST"},{"floor":44,"key":"REST"},{"floor":46,"key":"REST"},{"floor":49,"key":"REST"}],"circlet_count":0,"master_deck":["Strike_R","Strike_R","Strike_R","Strike_R","Strike_R","Defend_R","Defend_R","Defend_R","Defend_R","Bash+1","Thunderclap+1","Dark Embrace+1","Seeing Red+1","Cleave+1","hubris:StunningStrike+1","hubris:CleavingFinish+1","Warcry+1","Double Tap+1","Dual Wield+1","Iron Wave+1","Perfected Strike+1","Perfected Strike+1","Thunderclap+1","Clothesline+1","Berserk+1","Perfected Strike+1","Perfected Strike+1","Pommel Strike+1","Twin Strike+1","Flex+1","Sword Boomerang+1","Flex+1"],"relics":["Burning Blood","Molten Egg 2","Toxic Egg 2","Frozen Egg 2","NeowsBlessing","hubris:Icosahedron","Molten Egg 2","Pear","Bag of Marbles","Frozen Eye","Champion Belt","Fusion Hammer","Anchor","PreservedInsect","Blood Vial","AntiCross","Runic Pyramid","Mercury Hourglass","Shuriken"],"acts_visited":["Exordium","TheCity","TheBeyond"],"potions_floor_usage":[16,16,23,23,31,37,38,50],"damage_taken":[{"damage":0,"enemies":"Jaw Worm","floor":1,"turns":1},{"damage":0,"enemies":"2 Louse","floor":2,"turns":1},{"damage":0,"enemies":"Cultist","floor":3,"turns":1},{"damage":6,"enemies":"Lots of Slimes","floor":5,"turns":4},{"damage":6,"enemies":"Gremlin Nob","floor":6,"turns":3},{"damage":7,"enemies":"Exordium Thugs","floor":7,"turns":3},{"damage":21,"enemies":"3 Sentries","floor":12,"turns":5},{"damage":0,"enemies":"2 Fungi Beasts","floor":14,"turns":2},{"damage":0,"enemies":"Slime Boss","floor":16,"turns":5},{"damage":1,"enemies":"Chosen","floor":18,"turns":3},{"damage":0,"enemies":"3 Byrds","floor":21,"turns":2},{"damage":0,"enemies":"Gremlin Leader","floor":23,"turns":4},{"damage":7,"enemies":"Book of Stabbing","floor":25,"turns":4},{"damage":0,"enemies":"Gremlin Leader","floor":28,"turns":2},{"damage":4,"enemies":"Centurion and Healer","floor":29,"turns":2},{"damage":0,"enemies":"Snake Plant","floor":30,"turns":2},{"damage":5,"enemies":"Sentry and Sphere","floor":31,"turns":3},{"damage":31,"enemies":"Automaton","floor":33,"turns":6},{"damage":17,"enemies":"3 Shapes","floor":35,"turns":2},{"damage":18,"enemies":"3 Darklings","floor":36,"turns":3},{"damage":7,"enemies":"Spire Growth","floor":37,"turns":2},{"damage":15,"enemies":"Maw","floor":38,"turns":5},{"damage":12,"enemies":"Sphere and 2 Shapes","floor":39,"turns":3},{"damage":0,"enemies":"Spire Growth","floor":41,"turns":2},{"damage":26,"enemies":"4 Shapes","floor":42,"turns":3},{"damage":0,"enemies":"3 Darklings","floor":47,"turns":2},{"damage":2,"enemies":"Reptomancer","floor":48,"turns":2},{"damage":77,"enemies":"Awakened One","floor":50,"turns":9}],"seed_played":"-948999357863571336","potions_obtained":[{"floor":3,"key":"FairyPotion"},{"floor":12,"key":"LiquidMemories"},{"floor":14,"key":"Explosive Potion"},{"floor":16,"key":"SteroidPotion"},{"floor":20,"key":"Guardian:BlockOnCardUsePotion"},{"floor":31,"key":"Fruit Juice"},{"floor":33,"key":"BloodPotion"},{"floor":36,"key":"Weak Potion"},{"floor":39,"key":"Guardian:BlockOnCardUsePotion"},{"floor":42,"key":"construct:ShiftPotion"}],"is_trial":false,"path_per_floor":["M","M","M","?","M","E","M","?","T","?","R","E","$","M","R","B",null,"M","$","?","M","$","E","R","E","T","R","E","M","M","M","R","B",null,"M","M","M","M","M","R","M","M","T","R","$","R","M","E","R","B",null],"character_chosen":"IRONCLAD","items_purchased":["Frozen Eye","Champion Belt","Iron Wave+1","Flex+1","Sword Boomerang+1"],"campfire_rested":8,"item_purchase_floors":[13,13,19,45,45],"current_hp_per_floor":[80,80,80,80,80,80,79,79,89,89,89,74,74,80,90,90,90,90,90,90,90,90,90,90,89,89,90,90,90,90,95,95,70,95,84,74,75,86,82,95,95,75,75,95,95,95,95,95,95,24],"gold":457,"neow_bonus":"THREE_ENEMY_KILL","is_daily":false,"chose_seed":false,"campfire_upgraded":1,"win_rate":0.0,"timestamp":1608581418,"path_taken":["M","M","M","?","M","E","M","?","T","?","R","E","$","M","R","BOSS","M","$","?","M","?","E","R","E","T","R","E","?","M","M","R","BOSS","M","M","M","M","M","R","M","M","T","R","$","R","M","E","R","BOSS"],"items_purchased_type":["Relic","Relic","Card","Card","Card"],"build_version":"2020-12-13","purchased_purges":1,"victory":true,"max_hp_per_floor":[80,80,80,80,80,80,80,80,90,90,90,90,90,90,90,90,90,90,90,90,90,90,90,90,90,90,90,90,90,90,95,95,95,95,95,95,95,95,95,95,95,95,95,95,95,95,95,95,95,95],"card_choices":[{"not_picked":["Bloodletting+1","Rupture+1"],"picked":"Thunderclap+1","floor":1},{"not_picked":["Flex+1","Armaments+1"],"picked":"Dark Embrace+1","floor":2},{"not_picked":["Sword Boomerang+1","Blood for Blood+1"],"picked":"Seeing Red+1","floor":3},{"not_picked":["Anger+1","Fire Breathing+1"],"picked":"Cleave+1","floor":5},{"not_picked":["Battle Trance+1","Clash+1"],"picked":"hubris:StunningStrike+1","floor":6},{"not_picked":["Flex+1","Anger+1"],"picked":"hubris:CleavingFinish+1","floor":7},{"not_picked":["Wild Strike+1","Fiend Fire+1","Fire Breathing+1"],"picked":"SKIP","floor":12},{"not_picked":["Clash+1","Wild Strike+1"],"picked":"Warcry+1","floor":14},{"not_picked":["Impervious+1","Berserk+1"],"picked":"Double Tap+1","floor":16},{"not_picked":["Evolve+1","Rampage+1"],"picked":"Dual Wield+1","floor":18},{"not_picked":["Headbutt+1","Rupture+1"],"picked":"Perfected Strike+1","floor":21},{"not_picked":["Sword Boomerang+1","Flex+1"],"picked":"Perfected Strike+1","floor":23},{"not_picked":["Rampage+1","Flex+1","Rupture+1"],"picked":"SKIP","floor":25},{"not_picked":["Metallicize+1","Clash+1","Shockwave+1"],"picked":"SKIP","floor":28},{"not_picked":["Body Slam+1","Wild Strike+1","Hemokinesis+1"],"picked":"SKIP","floor":29},{"not_picked":["Bloodletting+1","Searing Blow+1"],"picked":"Thunderclap+1","floor":30},{"not_picked":["Searing Blow+1","Entrench+1"],"picked":"Clothesline+1","floor":31},{"not_picked":["Juggernaut+1","Impervious+1"],"picked":"Berserk+1","floor":33},{"not_picked":["Dropkick+1","Rage+1"],"picked":"Perfected Strike+1","floor":35},{"not_picked":["Reckless Charge+1","Iron Wave+1","Armaments+1"],"picked":"SKIP","floor":36},{"not_picked":["Warcry+1","Thunderclap+1","Power Through+1"],"picked":"SKIP","floor":37},{"not_picked":["Headbutt+1","Immolate+1"],"picked":"Perfected Strike+1","floor":38},{"not_picked":["Flex+1","Armaments+1","Disarm+1"],"picked":"SKIP","floor":39},{"not_picked":["Bloodletting+1","Warcry+1"],"picked":"Pommel Strike+1","floor":41},{"not_picked":["Reckless Charge+1","Seeing Red+1"],"picked":"Twin Strike+1","floor":42},{"not_picked":["Battle Trance+1","Warcry+1"],"picked":"Flex+1","floor":47},{"not_picked":["Bloodletting+1","Blood for Blood+1","Searing Blow+1"],"picked":"SKIP","floor":48}],"player_experience":58685,"relics_obtained":[{"floor":6,"key":"Molten Egg 2"},{"floor":9,"key":"Pear"},{"floor":12,"key":"Bag of Marbles"},{"floor":23,"key":"Anchor"},{"floor":25,"key":"PreservedInsect"},{"floor":26,"key":"Blood Vial"},{"floor":28,"key":"AntiCross"},{"floor":43,"key":"Mercury Hourglass"},{"floor":48,"key":"Shuriken"}],"event_choices":[{"damage_healed":0,"gold_gain":70,"player_choice":"Gained Gold","damage_taken":0,"max_hp_gain":0,"max_hp_loss":0,"event_name":"Golden Wing","floor":8,"gold_loss":0},{"damage_healed":0,"gold_gain":175,"player_choice":"AGREE","damage_taken":337,"max_hp_gain":0,"max_hp_loss":0,"event_name":"betterThird:BetterSerpent","floor":10,"gold_loss":0},{"damage_healed":0,"gold_gain":0,"player_choice":"Got Potions","damage_taken":0,"max_hp_gain":0,"max_hp_loss":0,"event_name":"Lab","floor":20,"gold_loss":0}],"is_beta":false,"boss_relics":[{"not_picked":["Runesmith:UraniumAnvil","Ectoplasm"],"picked":"Fusion Hammer"},{"not_picked":["Cursed Key","Velvet Choker"],"picked":"Runic Pyramid"}],"items_purged_floors":[13],"is_endless":false,"potions_floor_spawned":[3,12,14,16,21,31,33,36,39,42],"ascension_level":0}}