{"host":"baymyijz6sxaqj5s","time":1608530844,"event":{"mods":["AchievementEnabler","BaseMod","Colored Map","Colored Powertips","DeckTracker","KOR Keyword Fix","Keyboard Shortcuts","Minty Spire (QoL Compilation)","StSLib","SuperFastMode"],"gold_per_floor":[119,130,143,243,256,256,276,296,377,377,394,414,432,213,213,311,311,277,289,306,320,339,339,355,355,355],"floor_reached":25,"playtime":1305,"items_purged":["Strike_R"],"score":230,"play_id":"77577ff5-4457-4b20-846e-9dba493ba731","local_time":"20201221150724","is_ascension_mode":false,"campfire_choices":[{"data":"Seeing Red","floor":6,"key":"SMITH"},{"data":"Heavy Blade","floor":10,"key":"SMITH"},{"data":"Shrug It Off","floor":15,"key":"SMITH"},{"floor":23,"key":"REST"}],"circlet_count":0,"master_deck":["Strike_R","Strike_R","Strike_R","Strike_R","Defend_R","Defend_R","Defend_R","Defend_R","Bash","Shrug It Off+1","Headbutt","Seeing Red+1","Armaments","Heavy Blade+1","Cleave","Thunderclap","Body Slam+1","Ghostly Armor"],"relics":["Burning Blood","Eternal Feather","Lee\u0027s Waffle","Runic Cube"],"acts_visited":["Exordium","TheCity"],"potions_floor_usage":[8,11,16,16,20,22],"damage_taken":[{"damage":5,"enemies":"Small Slimes","floor":1,"turns":3},{"damage":5,"enemies":"Cultist","floor":2,"turns":5},{"damage":0,"enemies":"Jaw Worm","floor":3,"turns":3},{"damage":10,"enemies":"Looter","floor":5,"turns":3},{"damage":2,"enemies":"Large Slime","floor":7,"turns":7},{"damage":1,"enemies":"3 Louse","floor":8,"turns":4},{"damage":17,"enemies":"Gremlin Gang","floor":11,"turns":7},{"damage":9,"enemies":"2 Fungi Beasts","floor":12,"turns":4},{"damage":10,"enemies":"Exordium Thugs","floor":13,"turns":4},{"damage":48,"enemies":"The Guardian","floor":16,"turns":15},{"damage":24,"enemies":"2 Thieves","floor":18,"turns":5},{"damage":14,"enemies":"Chosen","floor":19,"turns":6},{"damage":50,"enemies":"Sentry and Sphere","floor":20,"turns":10},{"damage":39,"enemies":"Chosen and Byrds","floor":21,"turns":9},{"damage":16,"enemies":"3 Cultists","floor":22,"turns":8},{"damage":48,"enemies":"Snake Plant","floor":24,"turns":7},{"damage":47,"enemies":"Snecko","floor":25,"turns":6}],"seed_played":"-8951714723763489941","potions_obtained":[{"floor":1,"key":"PowerPotion"},{"floor":3,"key":"FairyPotion"},{"floor":5,"key":"Weak Potion"},{"floor":8,"key":"Dexterity Potion"},{"floor":12,"key":"Strength Potion"},{"floor":18,"key":"LiquidBronze"},{"floor":21,"key":"BloodPotion"}],"is_trial":false,"path_per_floor":["M","M","M","?","M","R","M","M","T","R","M","M","M","$","R","B",null,"M","M","M","M","M","R","M","M"],"character_chosen":"IRONCLAD","items_purchased":["Lee\u0027s Waffle"],"campfire_rested":1,"item_purchase_floors":[14],"current_hp_per_floor":[88,88,88,88,84,84,88,88,88,88,77,74,70,95,95,53,95,77,69,25,34,43,80,38,0,0],"gold":355,"neow_bonus":"TEN_PERCENT_HP_BONUS","is_daily":false,"chose_seed":false,"campfire_upgraded":3,"win_rate":0.0,"timestamp":1608530844,"path_taken":["M","M","M","?","M","R","M","M","T","R","M","M","M","$","R","BOSS","M","M","M","?","M","R","M","M"],"items_purchased_type":["Relic"],"build_version":"2020-12-13","purchased_purges":1,"victory":false,"max_hp_per_floor":[88,88,88,88,88,88,88,88,88,88,88,88,88,95,95,95,95,95,95,95,95,95,95,95,95,95],"card_choices":[{"not_picked":["Uppercut","Anger"],"picked":"Shrug It Off","floor":1},{"not_picked":["Sword Boomerang","Fire Breathing"],"picked":"Headbutt","floor":2},{"not_picked":["Disarm","Iron Wave"],"picked":"Seeing Red","floor":3},{"not_picked":["Dual Wield","Inflame"],"picked":"Armaments","floor":5},{"not_picked":["Infernal Blade","Ghostly Armor"],"picked":"Heavy Blade","floor":7},{"not_picked":["Shrug It Off","Havoc","Rampage"],"picked":"SKIP","floor":8},{"not_picked":["Flex","Second Wind","Metallicize"],"picked":"SKIP","floor":11},{"not_picked":["Rage","Armaments","True Grit"],"picked":"SKIP","floor":12},{"not_picked":["Perfected Strike","Searing Blow","Infernal Blade"],"picked":"SKIP","floor":13},{"not_picked":["Anger","Combust"],"picked":"Cleave","floor":18},{"not_picked":["Sever Soul","Heavy Blade"],"picked":"Thunderclap","floor":19},{"not_picked":["Intimidate","Anger"],"picked":"Body Slam+1","floor":20},{"not_picked":["Dark Embrace","Uppercut","Warcry"],"picked":"SKIP","floor":21},{"not_picked":["Flex","Intimidate","Clash"],"picked":"SKIP","floor":22},{"not_picked":["Reckless Charge","Bludgeon"],"picked":"Ghostly Armor","floor":24}],"player_experience":154514,"relics_obtained":[{"floor":9,"key":"Eternal Feather"}],"event_choices":[{"damage_healed":0,"gold_gain":100,"player_choice":"Pray","damage_taken":0,"max_hp_gain":0,"max_hp_loss":0,"event_name":"Golden Shrine","floor":4,"gold_loss":0}],"is_beta":false,"boss_relics":[{"not_picked":["Runic Dome","Busted Crown"],"picked":"Runic Cube"}],"items_purged_floors":[14],"is_endless":false,"potions_floor_spawned":[1,3,5,8,12,18,21],"killed_by":"Snecko","ascension_level":0}}