{"host":"g5ztulhog0otympt","time":1608544312,"event":{"mods":["AchievementEnabler","BaseMod","Downfall","Hermit","Minty Spire (QoL Compilation)","StSLib","The Cursed"],"gold_per_floor":[99,116,116,41,76,94,94,94,114,214,214,232,251,251,267,267,267,267],"floor_reached":16,"playtime":713,"items_purged":[],"score":102,"play_id":"e12b2d26-9d8d-4a89-85a3-8e6bcd3b1e95","local_time":"20201221115152","is_ascension_mode":false,"campfire_choices":[{"floor":1,"key":"RECALL"},{"floor":4,"key":"REST"},{"floor":8,"key":"REST"}],"circlet_count":0,"master_deck":["Slimebound:Strike_Slimebound","Slimebound:Strike_Slimebound","Slimebound:Strike_Slimebound","Slimebound:Tackle","Slimebound:Defend_Slimebound","Slimebound:Defend_Slimebound","Slimebound:Defend_Slimebound","Slimebound:Defend_Slimebound","Slimebound:Split","Slimebound:CorrosiveSpit","Slimebound:PressTheAttack","Slimebound:LeechingTouch+1","Slimebound:MegaLick","Slimebound:HauntingLick","Slimebound:ViciousTackle","Slimebound:Dissolve","Slimebound:Schlurp"],"relics":["Slimebound:AbsorbEndCombat","downfall:HeartBlessingRed","Mercury Hourglass","White Beast Statue"],"acts_visited":["Exordium"],"potions_floor_usage":[6,16,16],"damage_taken":[{"damage":8,"enemies":"Small Slimes","floor":2,"turns":4},{"damage":43,"enemies":"3 Sentries","floor":5,"turns":8},{"damage":6,"enemies":"Cultist","floor":6,"turns":2},{"damage":0,"enemies":"2 Louse","floor":9,"turns":1},{"damage":0,"enemies":"Gremlin Gang","floor":12,"turns":2},{"damage":3,"enemies":"Large Slime","floor":13,"turns":3},{"damage":12,"enemies":"2 Fungi Beasts","floor":15,"turns":2},{"damage":67,"enemies":"downfall:Ironclad","floor":16,"turns":6}],"seed_played":"-6245730235929853473","potions_obtained":[{"floor":5,"key":"DuplicationPotion"},{"floor":9,"key":"AttackPotion"},{"floor":12,"key":"Dexterity Potion"},{"floor":13,"key":"LiquidMemories"}],"is_trial":false,"path_per_floor":["R","M","?","R","E","M","T","R","M","?","?","M","M","?","M","B"],"character_chosen":"SLIMEBOUND","items_purchased":[],"campfire_rested":2,"item_purchase_floors":[],"current_hp_per_floor":[60,54,54,60,21,19,19,37,41,41,41,49,50,50,40,0,0,0],"gold":267,"neow_bonus":"THREE_CARDS","is_daily":false,"chose_seed":false,"campfire_upgraded":0,"win_rate":0.0,"timestamp":1608544312,"path_taken":["R","M","?","R","E","?","T","R","M","?","?","M","?","?","M","BOSS"],"items_purchased_type":[],"build_version":"2020-12-13","purchased_purges":0,"victory":false,"max_hp_per_floor":[60,60,60,60,60,60,60,60,60,60,60,60,60,60,60,60,60,60],"card_choices":[{"not_picked":["Slimebound:GrowthPunch","Slimebound:SplitLeeching"],"picked":"Slimebound:PressTheAttack","floor":0},{"not_picked":["Slimebound:LeechEnergy","Slimebound:ItLooksTasty"],"picked":"Slimebound:LeechingTouch","floor":2},{"not_picked":["Slimebound:PressTheAttack","Slimebound:FinishingTackle"],"picked":"Slimebound:MegaLick","floor":5},{"not_picked":["Slimebound:TongueLash","Slimebound:GoopTackle"],"picked":"Slimebound:HauntingLick","floor":6},{"not_picked":["Slimebound:SplitMire","Slimebound:LeechingTouch"],"picked":"Slimebound:ViciousTackle","floor":9},{"not_picked":["Slimebound:LeechingTouch","Slimebound:SplitBruiser"],"picked":"Slimebound:Dissolve","floor":12},{"not_picked":["Slimebound:ComboTackle","Slimebound:GrowthPunch"],"picked":"Slimebound:Schlurp","floor":13},{"not_picked":["Slimebound:ComboTackle","Slimebound:RollThrough","Slimebound:FormOfPuddle"],"picked":"SKIP","floor":15}],"player_experience":57584,"relics_obtained":[{"floor":5,"key":"Mercury Hourglass"},{"floor":7,"key":"White Beast Statue"}],"event_choices":[{"damage_healed":0,"gold_gain":0,"player_choice":"Upgraded","damage_taken":0,"max_hp_gain":0,"max_hp_loss":0,"event_name":"Upgrade Shrine","floor":3,"gold_loss":0,"cards_upgraded":["Slimebound:LeechingTouch"]}],"is_beta":false,"boss_relics":[],"items_purged_floors":[],"is_endless":false,"potions_floor_spawned":[5,9,12,13,15],"killed_by":"downfall:Ironclad","ascension_level":0}}