{"host":"wg33yb1rgt3nbe17","time":1608522324,"event":{"mods":["AchievementEnabler","BaseMod","Colored Map","Minty Spire (QoL Compilation)","Permanent Neow","Relic Stats","StSLib"],"gold_per_floor":[116,127,127,150,168,168,168,207,207,247,247,247,247,271,271,401,401,420,440,59,77,77,77,77,77,102,121,154,167,167,181,181,310,310,323,342,360,117,0,0,0,0,24,57,57,84,84,113,113,113],"floor_reached":51,"playtime":2167,"items_purged":["Strike_G"],"score":987,"play_id":"57351cd8-61ff-4370-88a3-77d63f79e64a","local_time":"20201220224524","is_ascension_mode":true,"campfire_choices":[{"data":"Deadly Poison","floor":6.0,"key":"SMITH"},{"floor":11.0,"key":"REST"},{"floor":15.0,"key":"REST"},{"floor":23.0,"key":"REST"},{"floor":25.0,"key":"REST"},{"floor":30.0,"key":"REST"},{"data":"Prepared","floor":32.0,"key":"SMITH"},{"data":"Wraith Form v2","floor":40.0,"key":"SMITH"},{"data":"Quick Slash","floor":49.0,"key":"SMITH"}],"circlet_count":0,"master_deck":["Strike_G","Strike_G","Strike_G","Defend_G","Defend_G","Defend_G+1","Defend_G+1","Defend_G","Survivor","Neutralize","Quick Slash+1","Prepared+1","PiercingWail+1","Deadly Poison+1","Backflip+1","Acrobatics+1","Cloak And Dagger+1","Corpse Explosion+1","Deflect+1","Blade Dance+1","Acrobatics+1","Setup+1","Venomology+1","Catalyst+1","Backflip+1","Calculated Gamble+1","Wraith Form v2+1","Backflip+1","Dodge and Roll+1","Night Terror+1","PiercingWail+1","Calculated Gamble+1","Deadly Poison+1"],"relics":["Ring of the Snake","Gambling Chip","Golden Idol","The Courier","Toxic Egg 2","Bottled Lightning","White Beast Statue","HoveringKite","Lizard Tail","Pen Nib","Snake Skull","Philosopher\u0027s Stone","MealTicket","Omamori","Red Mask","CeramicFish","Tough Bandages"],"acts_visited":["Exordium","TheCity","TheBeyond"],"potions_floor_usage":[50,50],"damage_taken":[{"damage":1.0,"enemies":"Jaw Worm","floor":1.0,"turns":4.0},{"damage":4.0,"enemies":"2 Louse","floor":2.0,"turns":3.0},{"damage":4.0,"enemies":"Small Slimes","floor":4.0,"turns":4.0},{"damage":4.0,"enemies":"Blue Slaver","floor":5.0,"turns":6.0},{"damage":24.0,"enemies":"Lagavulin","floor":8.0,"turns":5.0},{"damage":21.0,"enemies":"3 Sentries","floor":10.0,"turns":9.0},{"damage":0.0,"enemies":"Lagavulin","floor":13.0,"turns":1.0},{"damage":0.0,"enemies":"2 Fungi Beasts","floor":14.0,"turns":4.0},{"damage":25.0,"enemies":"Hexaghost","floor":16.0,"turns":11.0},{"damage":14.0,"enemies":"2 Thieves","floor":18.0,"turns":2.0},{"damage":22.0,"enemies":"Spheric Guardian","floor":19.0,"turns":6.0},{"damage":0.0,"enemies":"Centurion and Healer","floor":21.0,"turns":4.0},{"damage":0.0,"enemies":"3 Cultists","floor":27.0,"turns":2.0},{"damage":19.0,"enemies":"Book of Stabbing","floor":28.0,"turns":6.0},{"damage":0.0,"enemies":"Snake Plant","floor":29.0,"turns":3.0},{"damage":0.0,"enemies":"Cultist and Chosen","floor":31.0,"turns":2.0},{"damage":35.0,"enemies":"Champ","floor":33.0,"turns":8.0},{"damage":4.0,"enemies":"Orb Walker","floor":35.0,"turns":3.0},{"damage":0.0,"enemies":"3 Shapes","floor":36.0,"turns":1.0},{"damage":4.0,"enemies":"Transient","floor":37.0,"turns":5.0},{"damage":0.0,"enemies":"Reptomancer","floor":41.0,"turns":2.0},{"damage":0.0,"enemies":"Sphere and 2 Shapes","floor":44.0,"turns":3.0},{"damage":3.0,"enemies":"Spire Growth","floor":46.0,"turns":4.0},{"damage":0.0,"enemies":"4 Shapes","floor":48.0,"turns":2.0},{"damage":64,"enemies":"Awakened One","floor":50,"turns":14}],"seed_played":"-7463110955172063601","potions_obtained":[{"floor":5.0,"key":"ColorlessPotion"},{"floor":10.0,"key":"SmokeBomb"},{"floor":14.0,"key":"SteroidPotion"},{"floor":16.0,"key":"CunningPotion"},{"floor":18.0,"key":"ColorlessPotion"},{"floor":19.0,"key":"SpeedPotion"},{"floor":21.0,"key":"AttackPotion"},{"floor":27.0,"key":"Ancient Potion"},{"floor":28.0,"key":"Energy Potion"},{"floor":29.0,"key":"DuplicationPotion"},{"floor":33.0,"key":"Poison Potion"},{"floor":35.0,"key":"Fire Potion"},{"floor":44.0,"key":"ColorlessPotion"},{"floor":46.0,"key":"LiquidMemories"},{"floor":48.0,"key":"SteroidPotion"}],"is_trial":false,"path_per_floor":["M","M","?","M","M","R","?","E","T","E","R","?","E","M","R","B",null,"M","M","$","M","?","R","?","R","T","M","E","M","R","M","R","B",null,"M","M","M","$","?","R","E","?","T","M","T","M","?","M","R","B",null],"character_chosen":"THE_SILENT","items_purchased":["Lizard Tail","Acrobatics+1","Weak Potion","MealTicket","Omamori"],"campfire_rested":5,"item_purchase_floors":[20,20,20,38,38],"current_hp_per_floor":[62,58,58,54,50,50,50,26,26,5,22,10,10,10,27,2,44,30,8,8,8,8,25,25,42,42,42,23,23,40,40,40,5,45,41,41,37,37,37,37,37,52,52,52,52,49,49,49,49,27],"gold":113,"neow_bonus":"ONE_RARE_RELIC","is_daily":false,"chose_seed":false,"campfire_upgraded":4,"win_rate":0.0,"timestamp":1608522324,"path_taken":["M","M","?","M","M","R","?","E","T","E","R","?","E","M","R","BOSS","M","M","$","M","?","R","?","R","T","M","E","M","R","M","R","BOSS","M","?","?","$","?","R","E","?","T","M","?","?","?","M","R","BOSS"],"items_purchased_type":["Relic","Card","Potion","Relic","Relic"],"build_version":"2020-12-13","purchased_purges":1,"victory":true,"max_hp_per_floor":[63,63,58,58,58,58,58,58,58,58,58,58,58,58,58,58,58,58,58,58,58,58,58,58,58,58,58,58,58,58,58,58,58,58,58,58,58,58,58,58,58,58,58,58,58,58,58,58,58,58],"relic_stats":{"Lizard Tail":29,"Tough Bandages":[180],"counters":[25,114],"Golden Idol":175,"Gambling Chip":[83],"CeramicFish":27,"HoveringKite":[37],"MealTicket":0,"Pen Nib":[10],"Snake Skull":[52],"obtain_stats":[{"Golden Idol":3,"CeramicFish":43,"HoveringKite":17,"The Courier":7,"Pen Nib":26,"Snake Skull":28,"Omamori":38,"White Beast Statue":10,"Lizard Tail":20,"Tough Bandages":45,"Gambling Chip":0,"Philosopher\u0027s Stone":34,"MealTicket":38,"Red Mask":39,"Bottled Lightning":9,"Toxic Egg 2":8,"Ring of the Snake":0},{"Golden Idol":2,"CeramicFish":21,"HoveringKite":9,"The Courier":4,"Pen Nib":12,"Snake Skull":14,"Omamori":20,"White Beast Statue":6,"Lizard Tail":11,"Tough Bandages":22,"Gambling Chip":0,"Philosopher\u0027s Stone":17,"MealTicket":20,"Red Mask":20,"Bottled Lightning":5,"Toxic Egg 2":5,"Ring of the Snake":0},{"Golden Idol":7,"CeramicFish":91,"HoveringKite":47,"The Courier":17,"Pen Nib":59,"Snake Skull":67,"Omamori":89,"White Beast Statue":31,"Lizard Tail":55,"Tough Bandages":94,"Gambling Chip":0,"Philosopher\u0027s Stone":80,"MealTicket":89,"Red Mask":89,"Bottled Lightning":22,"Toxic Egg 2":22,"Ring of the Snake":0}],"Ring of the Snake":[50]},"card_choices":[{"not_picked":["Dagger Spray","Outmaneuver"],"picked":"Quick Slash","floor":1.0},{"not_picked":["Choke","Expertise"],"picked":"Prepared","floor":2.0},{"not_picked":["Slice","Tactician"],"picked":"PiercingWail","floor":4.0},{"not_picked":["Cloak And Dagger","Sucker Punch"],"picked":"Deadly Poison","floor":5.0},{"not_picked":["Escape Plan+1","Dash"],"picked":"Backflip+1","floor":8.0},{"not_picked":["PiercingWail+1","Outmaneuver+1"],"picked":"Acrobatics+1","floor":10.0},{"not_picked":["Dagger Spray","Quick Slash"],"picked":"Cloak And Dagger+1","floor":14.0},{"not_picked":["Tools of the Trade","Phantasmal Killer+1"],"picked":"Corpse Explosion+1","floor":16.0},{"not_picked":["Expertise+1","Poisoned Stab"],"picked":"Deflect+1","floor":18.0},{"not_picked":["Reflex+1","Quick Slash"],"picked":"Blade Dance+1","floor":19.0},{"not_picked":["Infinite Blades+1","Flying Knee"],"picked":"Setup+1","floor":21.0},{"not_picked":["Prepared+1","Choke"],"picked":"Catalyst+1","floor":27.0},{"not_picked":["Finisher","Prepared+1"],"picked":"Backflip+1","floor":28.0},{"not_picked":["Prepared+1","PiercingWail+1"],"picked":"Calculated Gamble+1","floor":29.0},{"not_picked":["Flying Knee","Terror+1","Finisher+1"],"picked":"SKIP","floor":31.0},{"not_picked":["A Thousand Cuts","After Image"],"picked":"Wraith Form v2","floor":33.0},{"not_picked":["Dagger Throw+1","All Out Attack+1"],"picked":"Backflip+1","floor":35.0},{"not_picked":["Terror+1","Slice"],"picked":"Dodge and Roll+1","floor":36.0},{"not_picked":["Bouncing Flask+1","Cloak And Dagger+1"],"picked":"Night Terror+1","floor":37.0},{"not_picked":["Acrobatics+1","Leg Sweep+1"],"picked":"PiercingWail+1","floor":44.0},{"not_picked":["Eviscerate+1","Sucker Punch+1"],"picked":"Calculated Gamble+1","floor":46.0},{"not_picked":["Underhanded Strike+1","Terror+1"],"picked":"Deadly Poison+1","floor":48.0}],"player_experience":522309,"relics_obtained":[{"floor":8.0,"key":"Toxic Egg 2"},{"floor":9.0,"key":"Bottled Lightning"},{"floor":10.0,"key":"White Beast Statue"},{"floor":26.0,"key":"Pen Nib"},{"floor":28.0,"key":"Snake Skull"},{"floor":43.0,"key":"CeramicFish"},{"floor":45.0,"key":"Tough Bandages"}],"event_choices":[{"damage_healed":0.0,"max_hp_gain":0.0,"max_hp_loss":5.0,"gold_gain":0.0,"event_name":"Golden Idol","player_choice":"Lose Max HP","floor":3.0,"gold_loss":0.0,"damage_taken":0.0,"relics_obtained":["Golden Idol"]},{"damage_healed":0.0,"max_hp_gain":0.0,"max_hp_loss":0.0,"gold_gain":0.0,"event_name":"Dead Adventurer","player_choice":"Searched \u00271\u0027 times","floor":7.0,"gold_loss":0.0,"damage_taken":0.0,"relics_obtained":["The Courier"]},{"damage_healed":0.0,"max_hp_gain":0.0,"max_hp_loss":0.0,"gold_gain":0.0,"event_name":"Shining Light","player_choice":"Entered Light","floor":12.0,"gold_loss":0.0,"damage_taken":12.0,"cards_upgraded":["Defend_G","Defend_G"]},{"damage_healed":0.0,"max_hp_gain":0.0,"max_hp_loss":0.0,"gold_gain":0.0,"event_name":"Cursed Tome","player_choice":"Ignored","floor":22.0,"gold_loss":0.0,"damage_taken":0.0},{"damage_healed":0.0,"max_hp_gain":0.0,"max_hp_loss":0.0,"gold_gain":0.0,"cards_transformed":["Strike_G"],"event_name":"Transmorgrifier","player_choice":"Transformed","floor":24.0,"gold_loss":0.0,"damage_taken":0.0,"cards_obtained":["Venomology"]},{"damage_healed":0.0,"max_hp_gain":0.0,"max_hp_loss":0.0,"gold_gain":0.0,"event_name":"Tomb of Lord Red Mask","player_choice":"Paid","floor":39.0,"gold_loss":117.0,"damage_taken":0.0,"relics_obtained":["Red Mask"]},{"damage_healed":15.0,"max_hp_gain":0.0,"max_hp_loss":0.0,"gold_gain":0.0,"event_name":"Winding Halls","player_choice":"Writhe","floor":42.0,"gold_loss":0.0,"damage_taken":0.0,"cards_obtained":["Writhe"]},{"damage_healed":0.0,"max_hp_gain":0.0,"max_hp_loss":0.0,"gold_gain":0.0,"event_name":"Upgrade Shrine","player_choice":"Upgraded","floor":47.0,"gold_loss":0.0,"damage_taken":0.0,"cards_upgraded":["PiercingWail"]}],"is_beta":false,"boss_relics":[{"not_picked":["Sozu","Snecko Eye"],"picked":"HoveringKite"},{"not_picked":["Coffee Dripper","WristBlade"],"picked":"Philosopher\u0027s Stone"}],"items_purged_floors":[20],"is_endless":false,"potions_floor_spawned":[5,10,13,14,16,18,19,21,27,28,29,31,33,35,36,37,41,44,46,48],"ascension_level":7}}