{"host":"Fun","time":1608576468,"event":{"mods":["BaseMod","Colored Map","Filter the Spire","Minty Spire (QoL Compilation)","Relic Stats","StSLib"],"gold_per_floor":[111,8,8,21,21,48,48,58,58,58,71,71,71,97,97,195,195,214,228,76,91,91,91,91,91],"floor_reached":24,"playtime":804,"items_purged":["Strike_B"],"score":332,"play_id":"35bf497a-3e6c-41a2-adff-a0aad201b43b","local_time":"20201221134748","is_ascension_mode":true,"campfire_choices":[{"data":"Defragment","floor":7,"key":"SMITH"},{"data":"Static Discharge","floor":12,"key":"SMITH"},{"data":"Cold Snap","floor":15,"key":"SMITH"},{"data":"Coolheaded","floor":23,"key":"SMITH"}],"circlet_count":0,"master_deck":["Strike_B","Strike_B","Defend_B","Defend_B","Defend_B","Defend_B","Zap","Dualcast","Go for the Eyes","Defragment+1","Cold Snap+1","Coolheaded+1","Sweeping Beam","Static Discharge+1","Conserve Battery","Echo Form","White Noise","Hologram+1","Self Repair"],"relics":["Runic Pyramid","WarpedTongs","Blood Vial","Pantograph","Gremlin Horn","Art of War","Philosopher\u0027s Stone","Turnip"],"acts_visited":["Exordium","TheCity"],"potions_floor_usage":[18,18,21,24],"damage_taken":[{"damage":0,"enemies":"Cultist","floor":1,"turns":4},{"damage":8,"enemies":"Small Slimes","floor":4,"turns":4},{"damage":0,"enemies":"Lagavulin","floor":6,"turns":7},{"damage":0,"enemies":"2 Louse","floor":8,"turns":5},{"damage":7,"enemies":"Gremlin Gang","floor":11,"turns":3},{"damage":12,"enemies":"3 Sentries","floor":14,"turns":7},{"damage":11,"enemies":"Hexaghost","floor":16,"turns":9},{"damage":13,"enemies":"2 Thieves","floor":18,"turns":4},{"damage":24,"enemies":"3 Byrds","floor":19,"turns":3},{"damage":17,"enemies":"Snake Plant","floor":21,"turns":5},{"damage":52,"enemies":"Gremlin Leader","floor":24,"turns":3}],"seed_played":"3355753163295443852","potions_obtained":[{"floor":1,"key":"Block Potion"},{"floor":4,"key":"Weak Potion"},{"floor":18,"key":"Dexterity Potion"},{"floor":19,"key":"SneckoOil"}],"is_trial":false,"path_per_floor":["M","$","T","M","?","E","R","M","T","?","M","R","$","E","R","B",null,"M","M","$","M","?","R","E"],"character_chosen":"DEFECT","items_purchased":["Defragment","Cold Snap","Self Repair"],"campfire_rested":0,"item_purchase_floors":[2,2,20],"current_hp_per_floor":[68,68,68,62,67,69,69,71,71,71,66,66,66,56,56,69,77,66,44,44,49,49,49,0,0],"gold":91,"neow_bonus":"BOSS_RELIC","is_daily":false,"chose_seed":false,"campfire_upgraded":4,"win_rate":0.0,"timestamp":1608576468,"path_taken":["M","$","?","M","?","E","R","M","T","?","M","R","$","E","R","BOSS","M","?","$","M","?","R","E"],"items_purchased_type":["Card","Card","Card"],"build_version":"2020-12-18","purchased_purges":1,"victory":false,"max_hp_per_floor":[75,75,75,75,80,80,80,80,80,80,80,80,80,80,80,80,80,80,80,80,80,80,80,80,80],"relic_stats":{"Blood Vial":18,"Gremlin Horn":[9,9],"counters":[11,54],"Pantograph":24,"Turnip":[0],"Art of War":[2],"obtain_stats":[{"Blood Vial":3,"Gremlin Horn":9,"Pantograph":6,"Philosopher\u0027s Stone":17,"Turnip":22,"Art of War":14,"Cracked Core":0,"Runic Pyramid":0,"WarpedTongs":0},{"Blood Vial":1,"Gremlin Horn":4,"Pantograph":3,"Philosopher\u0027s Stone":7,"Turnip":10,"Art of War":6,"Cracked Core":0,"Runic Pyramid":0,"WarpedTongs":0},{"Blood Vial":4,"Gremlin Horn":20,"Pantograph":15,"Philosopher\u0027s Stone":39,"Turnip":51,"Art of War":30,"Cracked Core":0,"Runic Pyramid":0,"WarpedTongs":0}],"WarpedTongs":[54]},"card_choices":[{"not_picked":["Undo","Hologram"],"picked":"Go for the Eyes","floor":1},{"not_picked":["Beam Cell","Barrage"],"picked":"Coolheaded","floor":4},{"not_picked":["Darkness","Cold Snap"],"picked":"Sweeping Beam","floor":6},{"not_picked":["Stack","Hologram"],"picked":"Static Discharge","floor":8},{"not_picked":["Sweeping Beam","Melter"],"picked":"Conserve Battery","floor":11},{"not_picked":["Coolheaded","Conserve Battery","Rebound"],"picked":"SKIP","floor":14},{"not_picked":["Rainbow","Multi-Cast"],"picked":"Echo Form","floor":16},{"not_picked":["Stack","Sunder"],"picked":"White Noise","floor":18},{"not_picked":["Conserve Battery+1","Lockon+1"],"picked":"Hologram+1","floor":19},{"not_picked":["Go for the Eyes","Steam+1","Double Energy+1"],"picked":"SKIP","floor":21}],"player_experience":70149,"relics_obtained":[{"floor":3,"key":"Blood Vial"},{"floor":6,"key":"Pantograph"},{"floor":9,"key":"Gremlin Horn"},{"floor":14,"key":"Art of War"}],"event_choices":[{"damage_healed":0,"gold_gain":0,"player_choice":"Donut","damage_taken":0,"max_hp_gain":5,"max_hp_loss":0,"event_name":"Big Fish","floor":5,"gold_loss":0},{"cards_removed":["Strike_B"],"damage_healed":0,"gold_gain":0,"player_choice":"Purged","damage_taken":0,"max_hp_gain":0,"max_hp_loss":0,"event_name":"Purifier","floor":10,"gold_loss":0},{"damage_healed":0,"gold_gain":0,"player_choice":"Opened","damage_taken":0,"relics_obtained":["Turnip"],"max_hp_gain":0,"max_hp_loss":0,"event_name":"The Mausoleum","floor":22,"gold_loss":0}],"is_beta":true,"boss_relics":[{"not_picked":["Ectoplasm","Astrolabe"],"picked":"Philosopher\u0027s Stone"}],"items_purged_floors":[20],"is_endless":false,"potions_floor_spawned":[1,4,18,19],"killed_by":"Gremlin Leader","ascension_level":9}}