{"host":"watt8gvwfmxuscaf","time":1608537521,"event":{"mods":["BaseMod","CatGirl Mod","Colored Map","Colored Powertips","Conspire","Downfall","GifTheSpireLib","Hermit","Hubris","Infinite Spire","Marisa????????","Minty Spire (QoL Compilation)","Quick Restart","Rare Cards Sparkle","Replay The Spire","Shop Mod","StSLib","Stuff the Spire","SuperFastMode","The Animator","The Cursed","The Mystic","The Necromancer","The Poker Player","The Runesmith","The Servant 0.9.4"],"gold_per_floor":[122,41,6,39,2,2,46,46,46,46,58,233,233,267,267,387,387,408,408,408,408,387,431,431,431,511,511,511,541,541,541,541,681,681,736,836,908,954,592,592,646,646,646,705,705,253,286,330,330,330,330],"floor_reached":50,"playtime":2404,"items_purged":["animator:Strike","animator:Strike","animator:Strike","animator:Defend"],"score":817,"play_id":"0905dab4-a2e3-45c8-9550-dab7f8dae005","local_time":"20201221025841","is_ascension_mode":true,"campfire_choices":[{"floor":10,"key":"REST"},{"floor":15,"key":"REST"},{"floor":25,"key":"REST"},{"floor":30,"key":"REST"},{"floor":32,"key":"REST"},{"floor":40,"key":"REST"},{"data":"animator:Entoma+3","floor":40,"key":"SMITH"},{"data":"animator:Saber","floor":42,"key":"SMITH"},{"data":"infinitespire:DeathsTouch","floor":45,"key":"SMITH"},{"floor":49,"key":"REST"},{"data":"animator:Bozes","floor":49,"key":"SMITH"}],"circlet_count":0,"master_deck":["animator:Strike_Konosuba","animator:Defend_Konosuba","animator:Defend","animator:Defend","animator:Kazuma","animator:Aqua","animator:Entoma+5","animator:Darkness","animator:Bozes+1","animator:SayakaMiki+1","animator:Darkness","animator:ItamiYouji","animator:Genos+1","infinitespire:DeathsTouch+1","Writhe","infinitespire:FutureSight+1","animator:Benimaru+1","animator:MumenRider","animator:SayakaMiki+1","animator:Saber+1","animator:Lancer","animator:YuiTsuruno+1","animator:MumenRider","Parasite","animator:KyokoSakura","animator:Archer","animator:Archer","animator:Bozes+1"],"relics":["animator:LivingPicture","animator:TheMissingPiece","NeowsBlessing","Toxic Egg 2","Ancient Tea Set","HornCleat","animator:Buoy","conspire:TopHat","Bloody Idol","animator:WornHelmet","hubris:HollowSoul","StoneCalendar","animator:OldCoffin","StuffTheSpire:EmeraldSignet","hubris:Icosahedron","hubris:Spice","Anchor","Paper Crane","infinitespire:EvilPickle","infinitespire:Cupcake","infinitespire:Lychee Nut","infinitespire:Magic Flask","hubris:TenFootPole","Brimstone","infinitespire:Joker Card"],"acts_visited":["Exordium","TheCity","TheBeyond"],"potions_floor_usage":[29,29,33,33,44,44,48],"damage_taken":[{"damage":0,"enemies":"conspire:RoseBush","floor":1,"turns":1},{"damage":0,"enemies":"conspire:MimicChest","floor":4,"turns":1},{"damage":0,"enemies":"Gremlin Nob","floor":7,"turns":1},{"damage":0,"enemies":"2 Louse","floor":11,"turns":1},{"damage":12,"enemies":"3 Sentries","floor":14,"turns":13},{"damage":44,"enemies":"Fading Forest","floor":16,"turns":11},{"damage":0,"enemies":"Shell Parasite","floor":18,"turns":21},{"damage":5,"enemies":"2 Thieves","floor":22,"turns":5},{"damage":30,"enemies":"Replay:Snechameleon","floor":23,"turns":7},{"damage":33,"enemies":"Gremlin Leader","floor":29,"turns":7},{"damage":33,"enemies":"Pondfish","floor":33,"turns":9},{"damage":13,"enemies":"3 Darklings","floor":35,"turns":7},{"damage":11,"enemies":"Orb Walker","floor":37,"turns":6},{"damage":31,"enemies":"2 Orb Walkers","floor":38,"turns":7},{"damage":11,"enemies":"Maw","floor":41,"turns":7},{"damage":9,"enemies":"Writhing Mass","floor":44,"turns":7},{"damage":0,"enemies":"Transient","floor":47,"turns":5},{"damage":68,"enemies":"Reptomancer","floor":48,"turns":4},{"damage":19,"enemies":"infinitespire:MassOfShapes","floor":50,"turns":1}],"seed_played":"8757951312483908864","potions_obtained":[{"floor":11,"key":"Death Potion"},{"floor":16,"key":"SkillPotion"},{"floor":18,"key":"Energy Potion"},{"floor":29,"key":"Languid Potion"},{"floor":33,"key":"Languid Potion"},{"floor":35,"key":"LifebloodPotion"},{"floor":37,"key":"Doom Potion"}],"is_trial":false,"path_per_floor":["M","$","?","?","$","?","E","$","T","R","M","?","?","E","R","B",null,"M","?","AVR","?","M","E","?","R","T","?","?","E","R","$","R","B",null,"M","?","M","?","$","R","M","R","T","M","R","$","M","E","R","B"],"character_chosen":"THE_ANIMATOR","items_purchased":["animator:Darkness","animator:Megumin","HornCleat","animator:Buoy","Anchor","hubris:Spice","Paper Crane","infinitespire:Magic Flask","hubris:TenFootPole","Brimstone","animator:Archer"],"campfire_rested":7,"item_purchase_floors":[2,5,8,8,31,31,31,39,46,46,46],"current_hp_per_floor":[66,66,66,66,66,66,68,42,42,62,64,64,47,39,60,29,73,73,73,73,73,68,40,40,61,66,66,66,54,78,35,61,42,89,86,89,88,64,64,66,66,66,66,68,68,68,68,15,35,0,0],"gold":330,"neow_bonus":"THREE_ENEMY_KILL","is_daily":false,"chose_seed":false,"campfire_upgraded":4,"win_rate":0.0,"timestamp":1608537521,"path_taken":["M","$","?","?","$","?","E","?","T","R","?","?","?","E","R","BOSS","M","?","AVR","?","M","E","?","R","T","?","?","E","R","?","R","BOSS","M","?","?","?","$","R","M","R","T","M","R","?","M","E","R","BOSS"],"items_purchased_type":["Card","Card","Relic","Relic","Relic","Relic","Relic","Relic","Relic","Relic","Card"],"build_version":"2020-12-13","purchased_purges":4,"victory":false,"max_hp_per_floor":[66,66,66,66,66,66,68,68,68,68,68,68,68,70,70,73,73,73,73,73,73,73,73,73,73,73,73,73,81,81,89,89,89,89,89,89,89,66,66,66,66,66,66,68,68,68,68,68,68,68,68],"card_choices":[{"not_picked":["animator:Kazuma","animator:Aqua"],"picked":"animator:Entoma","floor":1},{"not_picked":["animator:MetalKnight","animator:Shuna+1"],"picked":"animator:Bozes","floor":7},{"not_picked":["animator:Vanir","animator:Caster+1"],"picked":"animator:SayakaMiki+1","floor":11},{"not_picked":["animator:Vanir","animator:Verdia+1"],"picked":"animator:Darkness","floor":14},{"not_picked":["animator:Boros","animator:Saitama+1"],"picked":"animator:ItamiYouji","floor":16},{"not_picked":["animator:Alexander","animator:RoryMercury"],"picked":"animator:Genos+1","floor":18},{"not_picked":["ReplayTheSpireMod:??????????????????????","infinitespire:Collect"],"picked":"infinitespire:FutureSight","floor":21},{"not_picked":["animator:Berserker","animator:YuiTsuruno+1"],"picked":"animator:Benimaru+1","floor":22},{"not_picked":["animator:YachiyoNanami","animator:SilverFang+1"],"picked":"animator:MumenRider","floor":23},{"not_picked":["animator:NagisaMomoe+1","animator:OrikoMikuni+1"],"picked":"animator:SayakaMiki+1","floor":29},{"not_picked":["animator:Ainz","animator:MadokaKaname+1"],"picked":"animator:Saber","floor":33},{"not_picked":["animator:OrikoMikuni+1","animator:Verdia+1"],"picked":"animator:Lancer","floor":35},{"not_picked":["animator:Kuribayashi+1","animator:Eris+1"],"picked":"animator:YuiTsuruno+1","floor":37},{"not_picked":["animator:SuzuneAmano+1","animator:Vanir"],"picked":"animator:MumenRider","floor":41},{"not_picked":["animator:YuiTsuruno","animator:OrikoMikuni+1"],"picked":"animator:KyokoSakura","floor":44},{"not_picked":["animator:Assassin","animator:Tatsumaki+1","animator:SilverFang+1"],"picked":"SKIP","floor":47},{"not_picked":["animator:MetalKnight","animator:Vanir"],"picked":"animator:Bozes+1","floor":48}],"player_experience":498325,"relics_obtained":[{"floor":4,"key":"Toxic Egg 2"},{"floor":7,"key":"Ancient Tea Set"},{"floor":9,"key":"conspire:TopHat"},{"floor":14,"key":"animator:WornHelmet"},{"floor":23,"key":"animator:OldCoffin"},{"floor":26,"key":"StuffTheSpire:EmeraldSignet"},{"floor":29,"key":"hubris:Spice"},{"floor":38,"key":"infinitespire:Lychee Nut"},{"floor":48,"key":"infinitespire:Joker Card"}],"event_choices":[{"damage_healed":16,"gold_gain":0,"player_choice":"Healed","damage_taken":0,"max_hp_gain":0,"max_hp_loss":0,"event_name":"The Cleric","floor":3,"gold_loss":35},{"damage_healed":0,"gold_gain":175,"player_choice":"AGREE","damage_taken":0,"max_hp_gain":0,"max_hp_loss":0,"event_name":"Liars Game","floor":12,"gold_loss":0,"cards_obtained":["Doubt"]},{"damage_healed":0,"gold_gain":0,"player_choice":"Take Damage","damage_taken":17,"relics_obtained":["Golden Idol"],"max_hp_gain":0,"max_hp_loss":0,"event_name":"Golden Idol","floor":13,"gold_loss":0},{"cards_removed":["animator:Megumin"],"damage_healed":0,"gold_gain":0,"player_choice":"Elegance","damage_taken":0,"max_hp_gain":0,"max_hp_loss":0,"event_name":"Back to Basics","floor":19,"gold_loss":0},{"damage_healed":0,"gold_gain":0,"player_choice":"Gave Idol","damage_taken":0,"relics_obtained":["Bloody Idol"],"max_hp_gain":0,"max_hp_loss":0,"event_name":"Forgotten Altar","floor":24,"relics_lost":["Golden Idol"],"gold_loss":0},{"cards_removed":["Overencumbered"],"damage_healed":0,"gold_gain":0,"player_choice":"Removed","damage_taken":0,"max_hp_gain":0,"max_hp_loss":0,"event_name":"The Cursed Forest","floor":28,"gold_loss":0},{"cards_removed":["Doubt"],"damage_healed":0,"gold_gain":0,"player_choice":"Removed","damage_taken":0,"max_hp_gain":0,"max_hp_loss":0,"event_name":"The Cursed Forest","floor":28,"gold_loss":0},{"damage_healed":0,"gold_gain":100,"player_choice":"Pray","damage_taken":0,"max_hp_gain":0,"max_hp_loss":0,"event_name":"Golden Shrine","floor":36,"gold_loss":0},{"damage_healed":0,"gold_gain":0,"player_choice":"Fight","damage_taken":0,"max_hp_gain":0,"max_hp_loss":0,"event_name":"Mysterious Sphere","floor":38,"gold_loss":0}],"is_beta":false,"boss_relics":[{"not_picked":["Ectoplasm","StuffTheSpire:RunicConfusion","hubris:GrandSneckoEye"]},{"not_picked":["hubris:Spice","Sozu"],"picked":"infinitespire:Cupcake"}],"items_purged_floors":[20,31,39,46],"is_endless":false,"potions_floor_spawned":[11,16,18,29,33,35,37,38],"killed_by":"infinitespire:MassOfShapes","ascension_level":1}}