{"host":"5ft7yn6ogyq2ib7i","time":1608565007,"event":{"mods":["Act Like it!","BaseMod","Conspire","Defuse TimeMaze Blight","Gensokyo","Hubris","Marisa????????","Minty Spire (QoL Compilation)","Replay The Spire","StSLib","The Jungle"],"gold_per_floor":[112,124,149,149,182,182,229,229,229,279,296,296,327,80,80,197,197,216,316,330,417,433,433,433],"floor_reached":23,"playtime":2076,"items_purged":[],"score":255,"play_id":"8012757c-7b7e-4cd8-a98f-b267dcb030cc","local_time":"20201221163647","is_ascension_mode":false,"campfire_choices":[{"data":"UpSweep","floor":6.0,"key":"SMITH"},{"data":"EnergyFlow","floor":12.0,"key":"SMITH"},{"floor":15.0,"key":"DIG"}],"circlet_count":0,"master_deck":["MasterSpark","UpSweep+1","OortCloud+1","WitchOfGreed","SprinkleStarSeal","AsteroidBelt","EnergyFlow+1","TreasureHunter","Robbery","BigCrunch","EnergyFlow","EarthLightRay","EventHorizon","MeteoricShower","OpenUniverse","ShootTheMoon","Orbital","ShootingEcho"],"relics":["MiniHakkero","Pantograph","Ornamental Fan","ReplayTheSpireMod:Shallot","Letter Opener","Blood Vial","Pandora\u0027s Box"],"acts_visited":["Exordium","Exordium"],"potions_floor_usage":[],"damage_taken":[{"damage":1.0,"enemies":"Cultist","floor":1.0,"turns":3.0},{"damage":0.0,"enemies":"Jaw Worm","floor":2.0,"turns":4.0},{"damage":0.0,"enemies":"conspire:RoseBush","floor":3.0,"turns":3.0},{"damage":2.0,"enemies":"Lots of Slimes","floor":5.0,"turns":7.0},{"damage":0.0,"enemies":"3 Sentries","floor":7.0,"turns":6.0},{"damage":10.0,"enemies":"Gremlin Nob","floor":10.0,"turns":6.0},{"damage":0.0,"enemies":"2 Fungi Beasts","floor":11.0,"turns":4.0},{"damage":0.0,"enemies":"Blue Slaver","floor":13.0,"turns":4.0},{"damage":9.0,"enemies":"Hexaghost","floor":16.0,"turns":13.0},{"damage":1.0,"enemies":"theJungle:GiantWrat","floor":18.0,"turns":6.0},{"damage":13.0,"enemies":"theJungle:Flameango_and_Byrd","floor":20.0,"turns":6.0},{"damage":11.0,"enemies":"theJungle:SlimyTreeVines","floor":21.0,"turns":7.0},{"damage":31.0,"enemies":"theJungle:2_Snecko_Cultists","floor":22.0,"turns":5.0},{"damage":47,"enemies":"theJungle:2_Phrogs","floor":23,"turns":7}],"seed_played":"-2963147014008628037","potions_obtained":[{"floor":0.0,"key":"PowerPotion"},{"floor":0.0,"key":"DistilledChaos"},{"floor":0.0,"key":"SpeedPotion"},{"floor":2.0,"key":"Dexterity Potion"},{"floor":3.0,"key":"Block Potion"},{"floor":5.0,"key":"BottledSpark"},{"floor":7.0,"key":"Languid Potion"},{"floor":7.0,"key":"Adrenaline Potion"},{"floor":10.0,"key":"SteroidPotion"},{"floor":10.0,"key":"BottledSpark"},{"floor":13.0,"key":"Adrenaline Potion"},{"floor":21.0,"key":"ShroomBrew"}],"is_trial":false,"path_per_floor":["M","M","M","?","M","R","E","?","T","E","M","R","M","$","R","B",null,"M","?","M","M","M","E"],"character_chosen":"MARISA","items_purchased":["Letter Opener"],"campfire_rested":0,"item_purchase_floors":[14],"current_hp_per_floor":[74,74,74,74,72,72,72,72,72,62,62,62,62,62,62,66,75,75,70,62,63,38,0,0],"gold":433,"neow_bonus":"THREE_SMALL_POTIONS","is_daily":false,"chose_seed":false,"campfire_upgraded":2,"win_rate":0.0,"timestamp":1608565007,"path_taken":["M","M","?","?","M","R","E","?","T","E","M","R","M","$","R","BOSS","M","?","M","M","M","E"],"items_purchased_type":["Relic"],"build_version":"2020-12-13","purchased_purges":0,"victory":false,"max_hp_per_floor":[75,75,75,75,75,75,75,75,75,75,75,75,75,75,75,75,75,75,75,75,75,75,75,75],"card_choices":[{"not_picked":["IllusionStar","MachineGunSpark"],"picked":"OortCloud","floor":1.0},{"not_picked":["IllusionStar","MachineGunSpark"],"picked":"WitchOfGreed","floor":2.0},{"not_picked":["PowerUp","MilkyWay","NonDirectionalLaser"],"picked":"SKIP","floor":3.0},{"not_picked":["MeteoricShower","DC"],"picked":"SprinkleStarSeal","floor":5.0},{"not_picked":["Acceleration","NonDirectionalLaser"],"picked":"AsteroidBelt","floor":7.0},{"not_picked":["WitchLeyline","WitchOfGreed","UnstableBomb"],"picked":"SKIP","floor":10.0},{"not_picked":["LuminesStrike","GasGiant"],"picked":"EnergyFlow","floor":11.0},{"not_picked":["RefractionSpark","MagicChant","MilkyWay"],"picked":"SKIP","floor":13.0},{"not_picked":["FinalSpark","BlazingStar"],"picked":"TreasureHunter","floor":16.0},{"not_picked":["GasGiant","LuminesStrike","GrandCross"],"picked":"SKIP","floor":18.0},{"not_picked":["RefractionSpark","WitchOfGreed"],"picked":"Orbital","floor":20.0},{"not_picked":["PowerUp","MaximisePower"],"picked":"ShootingEcho","floor":21.0},{"not_picked":["MachineGunSpark+1","ChargingUp","OneTimeOff+1"],"picked":"SKIP","floor":22.0}],"player_experience":294020,"relics_obtained":[{"floor":7.0,"key":"Pantograph"},{"floor":9.0,"key":"Ornamental Fan"},{"floor":10.0,"key":"ReplayTheSpireMod:Shallot"},{"floor":15.0,"key":"Blood Vial"}],"event_choices":[{"damage_healed":0.0,"max_hp_gain":0.0,"max_hp_loss":0.0,"gold_gain":0.0,"event_name":"Living Wall","player_choice":"Grow","floor":4.0,"gold_loss":0.0,"damage_taken":0.0,"cards_upgraded":["OortCloud"]},{"damage_healed":0.0,"max_hp_gain":0.0,"max_hp_loss":0.0,"gold_gain":0.0,"event_name":"conspire:LoneGhost","player_choice":"Disagree","floor":8.0,"gold_loss":0.0,"damage_taken":0.0}],"is_beta":false,"boss_relics":[{"not_picked":["Replay:Wanted Poster","hubris:GrandSneckoEye"],"picked":"Pandora\u0027s Box"}],"items_purged_floors":[],"is_endless":false,"potions_floor_spawned":[2,3,7,10],"killed_by":"theJungle:2_Phrogs","ascension_level":0}}