{"host":"xuxmsn6olavvgi6l","time":1608528522,"event":{"mods":["AchievementEnabler","Act Like it!","BaseMod","Better Third Choice","BetterRewards","Colored Map","Colored Powertips","Hermit","Highlight Path","Hubris","Infinite Spire","Marisa????????","Minty Spire (QoL Compilation)","Rare Cards Sparkle","Replay The Spire","Shop Mod","StSLib","The Animator","The Bug Knight","The Construct","The Cursed","The Runesmith","The Servant 0.9.4"],"gold_per_floor":[117,135,135,135,153,179,207,207,207,249,249,261,261],"floor_reached":12,"playtime":371,"items_purged":["CommonCold"],"score":215,"play_id":"cbdfb9b1-23be-4d8d-a26f-fe59719d13e7","local_time":"20201220232842","is_ascension_mode":true,"campfire_choices":[{"floor":8,"key":"REST"}],"circlet_count":0,"master_deck":["AscendersBane","Strike_B","Strike_B","Strike_B","Defend_B","Defend_B","Defend_B","Defend_B","Zap","Dualcast","Sweeping Beam","Compile Driver","Chill","Ball Lightning","Sunder","Melter","ReplayTheSpireMod:Fabricate Wheel"],"relics":["Cracked Core","MerchantsRug","Durian","HornCleat","Replay:Bandana","infinitespire:SolderingIron","hubris:TenFootPole"],"acts_visited":["Exordium"],"potions_floor_usage":[7,7],"damage_taken":[{"damage":8,"enemies":"2 Louse","floor":1,"turns":2},{"damage":5,"enemies":"Small Slimes","floor":2,"turns":3},{"damage":0,"enemies":"Cultist","floor":5,"turns":3},{"damage":0,"enemies":"3 Sentries","floor":6,"turns":6},{"damage":9,"enemies":"Exordium Thugs","floor":7,"turns":5},{"damage":17,"enemies":"Lagavulin","floor":10,"turns":4},{"damage":29,"enemies":"Gremlin Nob","floor":12,"turns":3}],"seed_played":"2718809293315707941","potions_obtained":[{"floor":1,"key":"Weak Potion"},{"floor":5,"key":"Swift Potion"}],"is_trial":false,"path_per_floor":["M","M","?","?","M","E","M","R","T","E","$","E"],"character_chosen":"DEFECT","items_purchased":["MerchantsRug","Durian","HornCleat"],"campfire_rested":1,"item_purchase_floors":[0,0,0],"current_hp_per_floor":[27,22,22,22,22,22,13,35,35,18,18,0,0],"gold":261,"neow_bonus":"","is_daily":false,"chose_seed":false,"campfire_upgraded":0,"win_rate":0.0,"timestamp":1608528522,"path_taken":["M","M","?","?","?","E","M","R","T","E","?","E"],"items_purchased_type":["Relic","Relic","Relic"],"build_version":"2020-12-13","purchased_purges":1,"victory":false,"max_hp_per_floor":[76,76,76,76,76,76,76,76,76,76,76,76,76],"card_choices":[{"not_picked":["ReplaySolidLightProjector","Beam Cell"],"picked":"Chill","floor":1},{"not_picked":["Conserve Battery","Panic Button"],"picked":"Ball Lightning","floor":2},{"not_picked":["Turbo","Rip and Tear"],"picked":"Sunder","floor":5},{"not_picked":["Gash","ReplaySolidLightProjector","Conserve Battery"],"picked":"SKIP","floor":6},{"not_picked":["Sweeping Beam","Turbo"],"picked":"Melter","floor":7},{"not_picked":["Tempest","Leap"],"picked":"ReplayTheSpireMod:Fabricate Wheel","floor":10}],"player_experience":1291329,"relics_obtained":[{"floor":6,"key":"Replay:Bandana"},{"floor":9,"key":"infinitespire:SolderingIron"},{"floor":10,"key":"hubris:TenFootPole"}],"event_choices":[{"damage_healed":0,"gold_gain":0,"player_choice":"Ignored","damage_taken":135,"max_hp_gain":0,"max_hp_loss":0,"event_name":"betterThird:BetterSerpent","floor":3,"gold_loss":0},{"cards_removed":["Strike_B"],"damage_healed":0,"gold_gain":0,"player_choice":"Purged","damage_taken":0,"max_hp_gain":0,"max_hp_loss":0,"event_name":"Purifier","floor":4,"gold_loss":0}],"is_beta":false,"boss_relics":[],"items_purged_floors":[0],"is_endless":false,"potions_floor_spawned":[1,5],"killed_by":"Gremlin Nob","ascension_level":18}}