{"host":"qwv9nni2x0umspiu","time":1608543749,"event":{"mods":["BaseMod","Downfall","Minty Spire (QoL Compilation)","Replay The Spire","StSLib","The Hierophant","Wandering Minibosses"],"gold_per_floor":[109,109,109,109,68,100,100,135,162,179,196,196,222,235,235,301,301,317,190,205,222,147,147,172,148,148],"floor_reached":25,"playtime":952,"items_purged":["hierophant:Strike_Hierophant"],"score":588,"play_id":"320b32f3-202f-46e8-8d17-d8538adc823e","local_time":"20201221014229","is_ascension_mode":true,"campfire_choices":[{"data":"hierophant:ChurchCoffers","floor":7,"key":"SMITH"},{"data":"hierophant:HammerAndAnvil","floor":12,"key":"SMITH"},{"data":"hierophant:Punish","floor":15,"key":"SMITH"},{"data":"hierophant:Alms","floor":23,"key":"SMITH"}],"circlet_count":0,"master_deck":["AscendersBane","hierophant:Strike_Hierophant","hierophant:Strike_Hierophant","hierophant:Punish+1","hierophant:Defend_Hierophant","hierophant:Defend_Hierophant","hierophant:Defend_Hierophant","hierophant:Defend_Hierophant","hierophant:ChurchCoffers+1","hierophant:HammerAndAnvil+1","hierophant:Zeal","hierophant:Zeal","hierophant:Alms+1","hierophant:Smite","hierophant:HammerAndAnvil","hierophant:Shelter"],"relics":["hierophant:PropheticMaskRelic","NeowsBlessing","Replay:Baseball","Tiny Chest","ReplayTheSpireMod:TigerMarble","Matryoshka","Ring of Chaos","Blood Vial"],"acts_visited":["Exordium","TheCity"],"potions_floor_usage":[10,16,20,21,25],"damage_taken":[{"damage":0,"enemies":"2 Louse","floor":1,"turns":1},{"damage":0,"enemies":"3 Sentries","floor":6,"turns":1},{"damage":0,"enemies":"Replay:BlueRogue","floor":8,"turns":1},{"damage":2,"enemies":"Jaw Worm","floor":10,"turns":2},{"damage":1,"enemies":"Cultist","floor":11,"turns":3},{"damage":0,"enemies":"3 Sentries","floor":13,"turns":2},{"damage":0,"enemies":"Lots of Slimes","floor":14,"turns":1},{"damage":28,"enemies":"Fading Forest","floor":16,"turns":13},{"damage":0,"enemies":"Chosen","floor":18,"turns":2},{"damage":12,"enemies":"3 Byrds","floor":20,"turns":2},{"damage":20,"enemies":"Snake Plant","floor":21,"turns":4},{"damage":23,"enemies":"Book of Stabbing","floor":25,"turns":4}],"seed_played":"4910753443234931260","potions_obtained":[{"floor":6,"key":"DistilledChaos"},{"floor":11,"key":"Energy Potion"},{"floor":13,"key":"DistilledChaos"},{"floor":18,"key":"Guardian:BlockOnCardUsePotion"},{"floor":20,"key":"SteroidPotion"}],"is_trial":false,"path_per_floor":["M","$","?","?","$","E","R","E","T","M","M","R","E","M","R","B",null,"M","$","M","M","?","R","T","E"],"character_chosen":"HIEROPHANT","items_purchased":["hierophant:Zeal","hierophant:HammerAndAnvil"],"campfire_rested":0,"item_purchase_floors":[5,19],"current_hp_per_floor":[68,68,68,68,68,68,68,68,68,66,65,65,65,65,65,59,71,71,71,59,39,39,39,39,18,18],"gold":148,"neow_bonus":"THREE_ENEMY_KILL","is_daily":false,"chose_seed":false,"campfire_upgraded":4,"win_rate":0.0,"timestamp":1608543749,"path_taken":["M","$","?","?","$","E","R","E","T","?","?","R","E","M","R","BOSS","M","$","M","M","?","R","?","E"],"items_purchased_type":["Card","Card"],"build_version":"2020-12-13","purchased_purges":1,"victory":false,"max_hp_per_floor":[75,75,75,75,75,75,75,75,75,75,75,75,75,75,75,75,75,75,75,75,75,75,75,75,75,75],"card_choices":[{"not_picked":["hierophant:Encroach","hierophant:CursedGold"],"picked":"hierophant:HammerAndAnvil","floor":1},{"not_picked":["hierophant:Purify","hierophant:Charity"],"picked":"hierophant:Alms","floor":6},{"not_picked":["hierophant:Zeal","hierophant:PassingBell","hierophant:Levitation"],"picked":"SKIP","floor":8},{"not_picked":["hierophant:Zeal","hierophant:Bribe","hierophant:Refuge"],"picked":"SKIP","floor":10},{"not_picked":["hierophant:RepressedViolence","hierophant:AuricBeam"],"picked":"hierophant:Smite","floor":11},{"not_picked":["hierophant:RecallFunds","hierophant:Zeal","hierophant:EyeForCoin"],"picked":"SKIP","floor":13},{"not_picked":["hierophant:RustyCrate","hierophant:Empathy","hierophant:Remorse"],"picked":"SKIP","floor":14},{"not_picked":["hierophant:FieryStrike+1","hierophant:PassingBell","hierophant:Prophecy"],"picked":"SKIP","floor":18},{"not_picked":["hierophant:Rebuild","hierophant:CoinFling"],"picked":"hierophant:Shelter","floor":20},{"not_picked":["hierophant:FieryStrike","hierophant:Remorse","hierophant:MorningPrayer"],"picked":"SKIP","floor":21}],"player_experience":1290351,"relics_obtained":[{"floor":4,"key":"Replay:Baseball"},{"floor":6,"key":"Tiny Chest"},{"floor":9,"key":"ReplayTheSpireMod:TigerMarble"},{"floor":13,"key":"Matryoshka"},{"floor":24,"key":"Blood Vial"}],"event_choices":[{"damage_healed":0,"gold_gain":0,"player_choice":"Ignored","damage_taken":0,"max_hp_gain":0,"max_hp_loss":0,"event_name":"Liars Game","floor":3,"gold_loss":0},{"damage_healed":0,"gold_gain":0,"player_choice":"Relic","damage_taken":0,"max_hp_gain":0,"max_hp_loss":0,"event_name":"Wheel of Change","floor":4,"gold_loss":0},{"cards_removed":["hierophant:Strike_Hierophant"],"damage_healed":0,"gold_gain":0,"player_choice":"Gave Gold","damage_taken":0,"max_hp_gain":0,"max_hp_loss":0,"event_name":"Beggar","floor":22,"gold_loss":75}],"is_beta":false,"boss_relics":[{"not_picked":["Ectoplasm","Replay:Ancient Bell"],"picked":"Ring of Chaos"}],"items_purged_floors":[19],"is_endless":false,"potions_floor_spawned":[6,11,13,14,18,20],"killed_by":"Book of Stabbing","ascension_level":20}}