{"host":"szbnbddwah33j004","time":1608516531,"event":{"mods":["2.2 Compatiblity","AchievementEnabler","Act Like it!","BaseMod","BetterRewards","Colored Map","Colored Powertips","Conspire","Energized Spire","Hubris","Minty Spire (QoL Compilation)","Replay The Spire","Shop Mod","StSLib","Strawberry Spire","The Animator","The Bug Knight","The Cursed","The Hayseed","The Runesmith"],"gold_per_floor":[119,119,119,138,138,169,169,186,186,200,228,35,35,35,35,135,135,147,165,115,150,150,150],"floor_reached":22,"playtime":1557,"items_purged":[],"score":221,"play_id":"ddf3571d-054f-4099-8915-ba57a1254c92","local_time":"20201220200851","is_ascension_mode":false,"campfire_choices":[{"floor":7.0,"key":"RECALL"},{"floor":15.0,"key":"REST"}],"circlet_count":0,"master_deck":["Strike_G+1","Strike_G+1","Strike_G+1","Strike_G+1","Strike_G+1","Defend_G","Defend_G","Defend_G","Defend_G","Survivor","Neutralize","Catalyst","strawberrySpire:Insectonator","Caltrops","Bouncing Flask","Underhanded Strike","Noxious Fumes","Slice+1","Skewer","strawberrySpire:Trickbox","Adrenaline","Bane+1","hubris:TrickCloak","conspire:SpireCoStock","strawberrySpire:Lockstep"],"relics":["Ring of the Snake","NeowsBlessing","hubris:Towel","Replay:Bottled Eggs","Runesmith:AutoHammer","Dream Catcher","Black Star"],"acts_visited":["Exordium","TheCity"],"potions_floor_usage":[22],"damage_taken":[{"damage":0.0,"enemies":"2 Louse","floor":1.0,"turns":1.0},{"damage":0.0,"enemies":"Jaw Worm","floor":4.0,"turns":1.0},{"damage":0.0,"enemies":"Lagavulin","floor":6.0,"turns":1.0},{"damage":5.0,"enemies":"Small Slimes","floor":8.0,"turns":3.0},{"damage":10.0,"enemies":"Looter","floor":10.0,"turns":2.0},{"damage":25.0,"enemies":"3 Sentries","floor":11.0,"turns":6.0},{"damage":0.0,"enemies":"2 Fungi Beasts","floor":13.0,"turns":2.0},{"damage":42.0,"enemies":"Fading Forest","floor":16.0,"turns":11.0},{"damage":0.0,"enemies":"Spheric Guardian","floor":18.0,"turns":3.0},{"damage":7.0,"enemies":"conspire:FuzzyDice","floor":19.0,"turns":4.0},{"damage":39.0,"enemies":"Shelled Parasite and Fungi","floor":21.0,"turns":5.0},{"damage":25,"enemies":"Snake Plant","floor":22,"turns":2}],"seed_played":"-4651119279333968061","potions_obtained":[{"floor":1.0,"key":"Languid Potion"},{"floor":4.0,"key":"Poison Potion"},{"floor":11.0,"key":"PowerPotion"},{"floor":16.0,"key":"Adrenaline Potion"},{"floor":21.0,"key":"ColorlessPotion"}],"is_trial":false,"path_per_floor":["M","?","?","M","?","E","R","M","T","M","E","$","M","$","R","B",null,"M","M","?","M","M"],"character_chosen":"THE_SILENT","items_purchased":["Dream Catcher","Slice+1"],"campfire_rested":1,"item_purchase_floors":[12,12],"current_hp_per_floor":[70,70,70,70,63,63,63,58,58,48,23,23,23,23,44,12,70,70,63,63,24,0,0],"gold":150,"neow_bonus":"THREE_ENEMY_KILL","is_daily":false,"chose_seed":false,"campfire_upgraded":0,"win_rate":0.0,"timestamp":1608516531,"path_taken":["M","?","?","M","?","E","R","M","T","M","E","$","M","$","R","BOSS","M","M","?","M","M"],"items_purchased_type":["Relic","Card"],"build_version":"2020-12-13","purchased_purges":0,"victory":false,"max_hp_per_floor":[70,70,70,70,70,70,70,70,70,70,70,70,70,70,70,70,70,70,70,70,70,70,70],"card_choices":[{"not_picked":["Dodge and Roll","ReplayTheSpireMod:Speed Training"],"picked":"Catalyst","floor":1.0},{"not_picked":["strawberrySpire:SideSwipe","Dagger Throw"],"picked":"Caltrops","floor":4.0},{"not_picked":["ReplayTheSpireMod:Scrap Shanks","ReplayTheSpireMod:Tripwire","Draining Mist"],"picked":"SKIP","floor":6.0},{"not_picked":["Acrobatics","strawberrySpire:HopSkipAndJump"],"picked":"Bouncing Flask","floor":8.0},{"not_picked":["strawberrySpire:Urgency","Acrobatics"],"picked":"Underhanded Strike","floor":10.0},{"not_picked":["Underhanded Strike","Dodge and Roll"],"picked":"Noxious Fumes","floor":11.0},{"not_picked":["Escape Plan","ReplayTheSpireMod:Exploit Weakness"],"picked":"Skewer","floor":13.0},{"not_picked":["strawberrySpire:Plunge","All Out Attack"],"picked":"strawberrySpire:Trickbox","floor":15.0},{"not_picked":["strawberrySpire:KnifeParty","ReplayTheSpireMod:From All Sides"],"picked":"Adrenaline","floor":16.0},{"not_picked":["Deadly Poison","Deflect"],"picked":"Bane+1","floor":18.0},{"not_picked":["Dodge and Roll+1","strawberrySpire:SideSwipe"],"picked":"hubris:TrickCloak","floor":19.0},{"not_picked":["Replay:Poison Smokescreen+1","PiercingWail"],"picked":"strawberrySpire:Lockstep","floor":21.0}],"player_experience":87500,"relics_obtained":[{"floor":6.0,"key":"Replay:Bottled Eggs"},{"floor":11.0,"key":"Runesmith:AutoHammer"}],"event_choices":[{"cards_removed":["Defend_G"],"damage_healed":0.0,"max_hp_gain":0.0,"max_hp_loss":0.0,"gold_gain":0.0,"event_name":"Golden Wing","player_choice":"Card Removal","floor":5.0,"gold_loss":0.0,"damage_taken":7.0},{"damage_healed":0.0,"max_hp_gain":0.0,"max_hp_loss":0.0,"gold_gain":0.0,"event_name":"conspire:Investor","player_choice":"Invest 1","floor":20.0,"gold_loss":0.0,"damage_taken":0.0}],"is_beta":false,"boss_relics":[{"not_picked":["Runic Dome","HoveringKite"],"picked":"Black Star"}],"items_purged_floors":[],"is_endless":false,"potions_floor_spawned":[1,4,11,16,21],"killed_by":"Snake Plant","ascension_level":0}}