{"host":"hvwa7s69zr612rn1","time":1608522653,"event":{"mods":["BaseMod","Colored Map","Colored Powertips","Downfall","Minty Spire (QoL Compilation)","StSLib"],"gold_per_floor":[0,13,24,34,44,58,58,75,75,101,118,118,128,228,238,335,335,335,350,116,116,131,144,144,164,164,191,204,204,214,228,240,345,345,345,362,362,48,59,128,198,248,259,259,273,159,170,170,185,185],"floor_reached":51,"playtime":4709,"items_purged":["champ:Defend","champ:Defend"],"score":806,"play_id":"77805aa8-bb40-4be1-bf64-84db0894c672","local_time":"20201221145053","is_ascension_mode":false,"campfire_choices":[{"data":"champ:Execute","floor":1,"key":"SMITH"},{"data":"champ:TornadoPunch","floor":9,"key":"SMITH"},{"data":"champ:Taunt","floor":18,"key":"SMITH"},{"data":"champ:HoldFirm","floor":26,"key":"SMITH"},{"data":"champ:Improvising","floor":35,"key":"SMITH"},{"data":"champ:RisingSlash","floor":44,"key":"SMITH"}],"circlet_count":0,"master_deck":["champ:Strike","champ:Strike","champ:Strike","champ:Defend","champ:Defend","champ:Execute+1","champ:Taunt+1","champ:CrookedStrike","champ:BerserkerStyle","champ:DefensiveShout","champ:HoldFirm+1","champ:TornadoPunch+1","champ:GutPunch","champ:FaceSlap","champ:FlashCut","champ:ShieldThrow","CurseOfTheBell","champ:FocusedDefense+1","champ:RapidStrikes+1","champ:Improvising+1","champ:DefensiveStyle","champ:RisingSlash+1","champ:Riposte+1","champ:SkillfulDodge+1","Mayhem+1","champ:MurderStrike"],"relics":["champ:ChampionCrown","Blue Candle","Eternal Feather","CloakClasp","Calling Bell","Nunchaku","Shuriken","Unceasing Top","Vajra","Enchiridion","Gambling Chip","Bottled Flame","champ:BerserkersGuideToSlaughter","Runic Pyramid","ClockworkSouvenir","Anchor","Singing Bowl","Toxic Egg 2","Incense Burner"],"acts_visited":["Exordium","TheCity","TheBeyond"],"potions_floor_usage":[13,14,23,30,33,50,50],"damage_taken":[{"damage":9,"enemies":"Cultist","floor":2,"turns":3},{"damage":5,"enemies":"2 Louse","floor":3,"turns":3},{"damage":7,"enemies":"Jaw Worm","floor":4,"turns":5},{"damage":36,"enemies":"Exordium Thugs","floor":5,"turns":8},{"damage":30,"enemies":"Large Slime","floor":6,"turns":7},{"damage":12,"enemies":"2 Fungi Beasts","floor":8,"turns":5},{"damage":15,"enemies":"3 Sentries","floor":10,"turns":6},{"damage":8,"enemies":"Red Slaver","floor":11,"turns":5},{"damage":11,"enemies":"Large Slime","floor":13,"turns":5},{"damage":36,"enemies":"Large Slime","floor":14,"turns":6},{"damage":5,"enemies":"3 Louse","floor":15,"turns":3},{"damage":35,"enemies":"downfall:Watcher","floor":16,"turns":14},{"damage":6,"enemies":"Chosen","floor":19,"turns":4},{"damage":6,"enemies":"downfall:FleeingMerchant","floor":20,"turns":4},{"damage":27,"enemies":"Shelled Parasite and Fungi","floor":22,"turns":5},{"damage":31,"enemies":"Centurion and Healer","floor":23,"turns":5},{"damage":19,"enemies":"Cultist and Chosen","floor":25,"turns":4},{"damage":24,"enemies":"Book of Stabbing","floor":27,"turns":6},{"damage":6,"enemies":"3 Cultists","floor":28,"turns":5},{"damage":3,"enemies":"Centurion and Healer","floor":30,"turns":2},{"damage":0,"enemies":"Cultist and Chosen","floor":31,"turns":4},{"damage":15,"enemies":"Sentry and Sphere","floor":32,"turns":4},{"damage":65,"enemies":"downfall:Silent","floor":33,"turns":9},{"damage":0,"enemies":"3 Shapes","floor":36,"turns":2},{"damage":15,"enemies":"downfall:FleeingMerchant","floor":38,"turns":4},{"damage":0,"enemies":"Orb Walker","floor":39,"turns":3},{"damage":32,"enemies":"Mind Bloom Boss Battle","floor":42,"turns":6},{"damage":9,"enemies":"Jaw Worm Horde","floor":43,"turns":3},{"damage":0,"enemies":"4 Shapes","floor":45,"turns":4},{"damage":0,"enemies":"downfall:FleeingMerchant","floor":46,"turns":3},{"damage":14,"enemies":"Sphere and 2 Shapes","floor":47,"turns":5},{"damage":15,"enemies":"Spire Growth","floor":49,"turns":5},{"damage":43,"enemies":"downfall:Defect","floor":50,"turns":7}],"seed_played":"2346694558613571475","potions_obtained":[{"floor":5,"key":"SmokeBomb"},{"floor":6,"key":"SpeedPotion"},{"floor":8,"key":"Block Potion"},{"floor":13,"key":"Strength Potion"},{"floor":14,"key":"GamblersBrew"},{"floor":23,"key":"BlessingOfTheForge"},{"floor":28,"key":"Weak Potion"},{"floor":30,"key":"Fruit Juice"},{"floor":31,"key":"EntropicBrew"},{"floor":39,"key":"Energy Potion"},{"floor":43,"key":"Dexterity Potion"},{"floor":45,"key":"PowerPotion"}],"is_trial":false,"path_per_floor":["R","M","M","M","M","M","T","M","R","E","M","?","M","?","M","B",null,"R","M","$","?","M","M","T","M","R","E","M","?","M","M","M","B",null,"R","M","?","$","M","T","T","?","M","R","M","$","M","?","M","B",null],"character_chosen":"THE_CHAMP","items_purchased":["Vajra","ClockworkSouvenir","Anchor","Mayhem","champ:MurderStrike"],"campfire_rested":0,"item_purchase_floors":[20,38,38,46,46],"current_hp_per_floor":[108,104,99,94,68,50,50,48,48,38,38,38,37,18,18,13,108,108,107,106,90,81,71,71,65,77,53,52,52,67,72,67,17,113,113,113,113,105,105,105,105,100,110,115,115,117,112,112,104,95],"gold":185,"neow_bonus":"TWENTY_PERCENT_HP_BONUS","is_daily":false,"chose_seed":false,"campfire_upgraded":6,"win_rate":0.0,"timestamp":1608522653,"path_taken":["R","?","M","M","M","M","T","M","R","E","M","?","M","?","M","BOSS","R","M","$","?","M","M","T","M","R","E","M","?","M","M","M","BOSS","R","M","?","$","M","?","T","?","M","R","M","$","M","?","M","BOSS"],"items_purchased_type":["Relic","Relic","Relic","Card","Card"],"build_version":"2020-12-13","purchased_purges":2,"victory":true,"max_hp_per_floor":[108,108,108,108,108,108,108,108,108,108,108,108,108,108,108,108,108,108,108,108,108,108,108,108,108,108,108,108,108,113,113,113,113,113,113,113,113,113,113,113,113,115,115,115,115,117,119,119,121,121],"card_choices":[{"not_picked":["champ:BerserkersShout","champ:PerfectedStrike"],"picked":"champ:CrookedStrike","floor":2},{"not_picked":["champ:StanceDance","champ:GladiatorsShout"],"picked":"champ:BerserkerStyle","floor":3},{"not_picked":["champ:BladeFlurry","champ:BerserkersShout","champ:FlashCut"],"picked":"SKIP","floor":4},{"not_picked":["champ:BringItOn","champ:BerserkersShout"],"picked":"champ:DefensiveShout","floor":5},{"not_picked":["champ:CrookedStrike","champ:PreciseThrust"],"picked":"champ:HoldFirm","floor":6},{"not_picked":["champ:StanceDance","champ:FanOfKnives"],"picked":"champ:TornadoPunch","floor":8},{"not_picked":["champ:FlashCut","champ:CrookedStrike"],"picked":"champ:GutPunch","floor":10},{"not_picked":["champ:DefensiveShout","champ:CrookedStrike","champ:FanOfKnives"],"picked":"SKIP","floor":11},{"not_picked":["champ:HeartStrike","champ:Circumvent"],"picked":"champ:FaceSlap","floor":13},{"not_picked":["champ:Haymaker","champ:PreciseThrust"],"picked":"champ:FlashCut","floor":14},{"not_picked":["champ:BerserkersShout","champ:BringItOn","champ:Shatter"],"picked":"SKIP","floor":15},{"not_picked":["champ:Improvising","champ:PerfectForm"],"picked":"champ:ShieldThrow","floor":16},{"not_picked":["champ:FocusedGladiator","champ:DefensiveShout","champ:FlashCut+1"],"picked":"SKIP","floor":19},{"not_picked":["champ:FanOfKnives","champ:Haymaker","champ:BringItOn+1"],"picked":"SKIP","floor":20},{"not_picked":["champ:ArenaPreparation","champ:EndlessRage"],"picked":"champ:FocusedDefense+1","floor":22},{"not_picked":["champ:AdrenalArmor","champ:EnGarde","champ:FanOfKnives"],"picked":"SKIP","floor":23},{"not_picked":["champ:DeathBlow","champ:PerfectedStrike+1"],"picked":"champ:RapidStrikes+1","floor":25},{"not_picked":["champ:FocusedGladiator+1","champ:CalledShot"],"picked":"champ:Improvising","floor":27},{"not_picked":["champ:DefensiveShout","champ:BringItOn","champ:BladeFlurry"],"picked":"SKIP","floor":28},{"not_picked":["champ:BerserkersShout","champ:BladeFlurry"],"picked":"champ:DefensiveStyle","floor":30},{"not_picked":["champ:BringItOn+1","champ:BerserkersShout+1","champ:Haymaker"],"picked":"SKIP","floor":31},{"not_picked":["champ:TornadoPunch","champ:RecklessLeap","champ:FocusedGladiator"],"picked":"SKIP","floor":32},{"not_picked":["champ:Devastate","champ:DancingMaster"],"picked":"champ:ShieldSlam","floor":33},{"not_picked":["champ:TornadoPunch","champ:ArenaPreparation+1"],"picked":"champ:RisingSlash","floor":36},{"not_picked":["champ:GladiatorsShout","champ:DefensiveStyle+1","champ:RecklessLeap+1"],"picked":"SKIP","floor":38},{"not_picked":["champ:Encircle+1","champ:Circumvent","champ:Haymaker+1"],"picked":"SKIP","floor":39},{"not_picked":["champ:BladeFlurry+1","champ:PerfectedStrike+1","champ:Backstep+1"],"picked":"Singing Bowl","floor":42},{"not_picked":["champ:FaceSlap+1","champ:Encircle"],"picked":"champ:Riposte+1","floor":43},{"not_picked":["champ:TornadoPunch","champ:PerfectedStrike"],"picked":"champ:SkillfulDodge+1","floor":45},{"not_picked":["champ:FightOn","champ:GladiatorsShout+1","champ:Backstep+1"],"picked":"Singing Bowl","floor":46},{"not_picked":["champ:FocusedDefense+1","champ:Riposte+1","champ:PreciseThrust"],"picked":"Singing Bowl","floor":47},{"not_picked":["champ:FocusedDefense+1","champ:Haymaker+1","champ:AdrenalArmor+1"],"picked":"Singing Bowl","floor":49}],"player_experience":378093,"relics_obtained":[{"floor":7,"key":"Blue Candle"},{"floor":10,"key":"Eternal Feather"},{"floor":14,"key":"CloakClasp"},{"floor":17,"key":"Nunchaku"},{"floor":17,"key":"Shuriken"},{"floor":17,"key":"Unceasing Top"},{"floor":21,"key":"Enchiridion"},{"floor":24,"key":"Gambling Chip"},{"floor":27,"key":"Bottled Flame"},{"floor":40,"key":"Singing Bowl"},{"floor":41,"key":"Toxic Egg 2"},{"floor":42,"key":"Incense Burner"}],"event_choices":[{"cards_removed":["champ:Strike"],"damage_healed":0,"gold_gain":0,"player_choice":"Forget","damage_taken":0,"max_hp_gain":0,"max_hp_loss":0,"event_name":"Living Wall","floor":12,"gold_loss":0},{"cards_removed":["champ:ShieldSlam"],"damage_healed":0,"gold_gain":0,"player_choice":"Removed Attack","damage_taken":0,"max_hp_gain":0,"max_hp_loss":0,"event_name":"Falling","floor":37,"gold_loss":0},{"damage_healed":0,"gold_gain":0,"player_choice":"Forge","damage_taken":0,"max_hp_gain":0,"max_hp_loss":0,"event_name":"Accursed Blacksmith","floor":48,"gold_loss":0,"cards_upgraded":["Mayhem"]}],"is_beta":false,"boss_relics":[{"not_picked":["SacredBark","Runic Dome"],"picked":"Calling Bell"},{"not_picked":["Fusion Hammer","Black Star"],"picked":"Runic Pyramid"}],"items_purged_floors":[20,46],"is_endless":false,"potions_floor_spawned":[5,6,8,13,14,23,27,28,30,31,39,43,45,47,49],"ascension_level":0}}