{"host":"zh06ha8197vgjo02","time":1608533555,"event":{"mods":["AchievementEnabler","Arknights The Spire","BaseMod","Better Skull","CapriCore","DeckTracker","GifTheSpireLib","Hermit","Koishi","Marisa£¨Ùöéë¡¡Øª×âÞÞ£©","Minty Spire (QoL Compilation)","Reimu£¨ÚÏ???£©","StSLib","SuperFastMode","Td1madao Mod","The Cursed","The Immortal","TheBandit","WarShipGirlsR/??á´Ò³R mod"],"gold_per_floor":[116,135,135,135,135,168,168,201,226,226,226,226],"floor_reached":11,"playtime":845,"items_purged":[],"score":79,"play_id":"387dcab7-9b06-42d4-8a4d-3b65c8df7b17","local_time":"20201221155235","is_ascension_mode":false,"campfire_choices":[{"floor":7,"key":"REST"},{"floor":10,"key":"REST"}],"circlet_count":0,"master_deck":["ats:Powerful Strike","ats:Armor Crushing Shot","ats:Defend Up+1","ats:Defend Up+1","ats:Defend Up","ats:Defend Up","ats:Emotion Absorption","ats:Emotion Absorption","ats:Assault Order","ats:Durian","ats:Sunburst","ats:Attack Strengthen","ats:Shadow Raid"],"relics":["ats:Sanity","Darkstone Periapt","Bag of Marbles","ats:Hidden Killer","Smiling Mask"],"acts_visited":["Exordium"],"potions_floor_usage":[6,8],"damage_taken":[{"damage":21,"enemies":"Cultist","floor":1,"turns":6},{"damage":2,"enemies":"Small Slimes","floor":2,"turns":4},{"damage":20,"enemies":"Lagavulin","floor":6,"turns":11},{"damage":15,"enemies":"3 Sentries","floor":8,"turns":8},{"damage":41,"enemies":"Lagavulin","floor":11,"turns":5}],"seed_played":"4280083168503522683","potions_obtained":[{"floor":1,"key":"EssenceOfSteel"},{"floor":6,"key":"AttackPotion"},{"floor":8,"key":"LiquidBronze"}],"is_trial":false,"path_per_floor":["M","M","T","$","?","E","R","E","T","R","E"],"character_chosen":"DOCTOR_CLASS","items_purchased":[],"campfire_rested":2,"item_purchase_floors":[],"current_hp_per_floor":[44,42,42,42,29,9,28,13,13,32,0,0],"gold":226,"neow_bonus":"TRANSFORM_TWO_CARDS","is_daily":false,"chose_seed":false,"campfire_upgraded":0,"win_rate":0.0,"timestamp":1608533555,"path_taken":["M","?","?","$","?","E","R","E","T","R","E"],"items_purchased_type":[],"build_version":"2020-12-13","purchased_purges":0,"victory":false,"max_hp_per_floor":[65,65,65,65,65,65,65,65,65,65,65,65],"card_choices":[{"not_picked":["ats:Spore Proliferation","ats:Shell Defense"],"picked":"ats:Sunburst","floor":1},{"not_picked":["ats:Defend Order","ats:Thermite Blade","ats:Consecutive Shot: Auto"],"picked":"SKIP","floor":2},{"not_picked":["ats:Revitalization","ats:Neurotoxin"],"picked":"ats:Attack Strengthen","floor":6},{"not_picked":["ats:Assault Order","ats:Curse Doll"],"picked":"ats:Shadow Raid","floor":8}],"player_experience":719323,"relics_obtained":[{"floor":3,"key":"Darkstone Periapt"},{"floor":6,"key":"Bag of Marbles"},{"floor":8,"key":"ats:Hidden Killer"},{"floor":9,"key":"Smiling Mask"}],"event_choices":[{"damage_healed":0,"gold_gain":0,"player_choice":"Entered Light","damage_taken":13,"max_hp_gain":0,"max_hp_loss":0,"event_name":"Shining Light","floor":5,"gold_loss":0,"cards_upgraded":["ats:Defend Up","ats:Defend Up"]}],"is_beta":false,"boss_relics":[],"items_purged_floors":[],"is_endless":false,"potions_floor_spawned":[1,6,8],"killed_by":"Lagavulin","ascension_level":0}}