{"host":"hjw1ay65n7jm40lc","time":1608509997,"event":{"mods":["AchievementEnabler","BaseMod","Block Reminder","Colored Map","Colored Powertips","Downfall","Googly Eyes","Highlight Path","Minty Spire (QoL Compilation)","Quick Restart","Relic Stats","StSLib"],"gold_per_floor":[99,99,126,126,33,33,56,73,73,98,111,123,136,151,168,168,168],"floor_reached":16,"playtime":2524,"items_purged":[],"score":112,"play_id":"1317c4fe-87ac-4de6-ab8a-4c24be65f8a4","local_time":"20201220191957","is_ascension_mode":false,"campfire_choices":[{"floor":1.0,"key":"RECALL"},{"data":"hexamod:HexaLevel","floor":6.0,"key":"SMITH"},{"data":"hexamod:TurnItUp","floor":9.0,"key":"SMITH"}],"circlet_count":0,"master_deck":["hexamod:Strike","hexamod:Strike","hexamod:Strike","hexamod:Strike","hexamod:Defend","hexamod:Defend","hexamod:Defend","hexamod:Sear","hexamod:Float","hexamod:GhostflameBarrier","hexamod:TurnItUp+1","hexamod:HexaLevel+1","hexamod:TimeWarp","hexamod:FastForward","hexamod:SpectersWail","hexamod:NightmareGuise","hexamod:ThirdSeal","hexamod:Hexaguard","hexamod:BacktrackSmack","hexamod:GhostOfSpirePast","hexamod:FourthSeal","hexamod:CrushingStance"],"relics":["hexamod:SpiritBrand","Prayer Wheel","Question Card","MealTicket","Omamori","Nunchaku"],"acts_visited":["Exordium"],"potions_floor_usage":[13,15,16,16,16],"damage_taken":[{"damage":18.0,"enemies":"3 Sentries","floor":3.0,"turns":10.0},{"damage":0.0,"enemies":"downfall:FleeingMerchant","floor":5.0,"turns":4.0},{"damage":5.0,"enemies":"Jaw Worm","floor":8.0,"turns":3.0},{"damage":36.0,"enemies":"Gremlin Nob","floor":10.0,"turns":5.0},{"damage":0.0,"enemies":"Small Slimes","floor":11.0,"turns":3.0},{"damage":0.0,"enemies":"Cultist","floor":12.0,"turns":3.0},{"damage":0,"enemies":"Lots of Slimes","floor":13,"turns":4},{"damage":0,"enemies":"2 Fungi Beasts","floor":14,"turns":3},{"damage":1,"enemies":"Exordium Thugs","floor":15,"turns":5},{"damage":16,"enemies":"downfall:Defect","floor":16,"turns":5}],"seed_played":"-1554376100351813334","potions_obtained":[{"floor":3.0,"key":"BlessingOfTheForge"},{"floor":10.0,"key":"champ:CounterPotion"},{"floor":11.0,"key":"Block Potion"},{"floor":12.0,"key":"BlessingOfTheForge"},{"floor":14,"key":"Regen Potion"},{"floor":15,"key":"Dexterity Potion"}],"is_trial":false,"path_per_floor":["R","?","E","?","$","R","T","M","R","E","M","M","M","M","M","B"],"character_chosen":"THE_SPIRIT","items_purchased":["hexamod:HexaLevel"],"campfire_rested":0,"item_purchase_floors":[5],"current_hp_per_floor":[49,46,28,28,43,43,43,38,38,2,2,2,2,2,16,0,0],"gold":168,"neow_bonus":"ONE_RARE_RELIC","is_daily":false,"chose_seed":false,"campfire_upgraded":2,"win_rate":0.0,"timestamp":1608509997,"path_taken":["R","?","E","?","$","R","T","M","R","E","M","M","M","?","M","BOSS"],"items_purchased_type":["Card"],"build_version":"2020-12-13","purchased_purges":0,"victory":false,"max_hp_per_floor":[70,70,70,70,70,70,70,70,70,70,70,70,70,70,70,70,70],"relic_stats":{"Nunchaku":[3],"counters":[10,45],"Prayer Wheel":6,"MealTicket":15,"Question Card":18,"obtain_stats":[{"Nunchaku":10,"Prayer Wheel":0,"MealTicket":3,"Omamori":7,"Question Card":2,"hexamod:SpiritBrand":0},{"Nunchaku":4,"Prayer Wheel":0,"MealTicket":1,"Omamori":2,"Question Card":0,"hexamod:SpiritBrand":0},{"Nunchaku":22,"Prayer Wheel":0,"MealTicket":10,"Omamori":14,"Question Card":0,"hexamod:SpiritBrand":0}]},"card_choices":[{"not_picked":["hexamod:SpectralAdrenaline","hexamod:RainOfEmbers","hexamod:SoulSteal"],"picked":"hexamod:GhostflameBarrier","floor":3.0},{"not_picked":["hexamod:BurningTouch","hexamod:HeatMetal","hexamod:GhostLash"],"picked":"hexamod:TurnItUp","floor":5.0},{"not_picked":["hexamod:Hexaguard","hexamod:Again","hexamod:GhostflameBarrier"],"picked":"hexamod:TimeWarp","floor":8.0},{"not_picked":["hexamod:Firestarter","hexamod:GhostLash","hexamod:SwordOfDarkness","hexamod:Incineration"],"picked":"SKIP","floor":8.0},{"not_picked":["hexamod:FifthSeal","hexamod:GhostLash","hexamod:EmpoweredFlame"],"picked":"hexamod:FastForward","floor":10.0},{"not_picked":["hexamod:Firestarter","hexamod:Incineration","hexamod:Again"],"picked":"hexamod:SpectersWail","floor":11.0},{"not_picked":["hexamod:HeatShield","hexamod:SwordOfDarkness","hexamod:NightmareGuise","hexamod:ThermalTransfer"],"picked":"SKIP","floor":11.0},{"not_picked":["hexamod:HeatShield","hexamod:SwordOfDarkness","hexamod:ThermalTransfer"],"picked":"hexamod:NightmareGuise","floor":11.0},{"not_picked":["hexamod:SpectersWail","hexamod:NightmareGuise","hexamod:ShieldOfDarkness"],"picked":"hexamod:ThirdSeal","floor":12.0},{"not_picked":["hexamod:NightmareStrike","hexamod:GhostLash","hexamod:FastForward","hexamod:UnleashSpirits"],"picked":"SKIP","floor":12.0},{"not_picked":["hexamod:SwordOfDarkness","hexamod:BacktrackSmack","hexamod:SpectersWail"],"picked":"hexamod:Hexaguard","floor":13},{"not_picked":["hexamod:NightmareStrike","hexamod:ThirdSeal","hexamod:Firestarter"],"picked":"hexamod:BacktrackSmack","floor":13},{"not_picked":["hexamod:NecessarySacrifice","hexamod:RainOfEmbers","hexamod:ShieldOfDarkness"],"picked":"hexamod:GhostOfSpirePast","floor":13},{"not_picked":["hexamod:SwordOfDarkness","hexamod:RecurringNightmare","hexamod:RainOfEmbers"],"picked":"hexamod:FourthSeal","floor":14},{"not_picked":["hexamod:FifthSeal","hexamod:SwordOfDarkness","hexamod:BacktrackSmack","hexamod:Again"],"picked":"SKIP","floor":14},{"not_picked":["hexamod:DynamicBlow","hexamod:NightmareGuise","hexamod:Hexaguard","hexamod:GhostShield"],"picked":"SKIP","floor":14},{"not_picked":["hexamod:DynamicBlow","hexamod:FastForward","hexamod:SwordOfDarkness"],"picked":"hexamod:CrushingStance","floor":15},{"not_picked":["hexamod:ThermalTransfer","hexamod:GhostOfSpirePresent","hexamod:HeatShield","hexamod:HauntingEcho"],"picked":"SKIP","floor":15},{"not_picked":["hexamod:ExtraCrispy","hexamod:RainOfEmbers","hexamod:Incineration","hexamod:ShieldOfDarkness"],"picked":"SKIP","floor":15}],"player_experience":417025,"relics_obtained":[{"floor":3.0,"key":"MealTicket"},{"floor":7.0,"key":"Omamori"},{"floor":10.0,"key":"Nunchaku"}],"event_choices":[{"damage_healed":0.0,"max_hp_gain":0.0,"max_hp_loss":0.0,"gold_gain":0.0,"event_name":"Scrap Ooze","player_choice":"Success","floor":2.0,"gold_loss":0.0,"damage_taken":3.0,"relics_obtained":["Question Card"]},{"cards_removed":["hexamod:Defend"],"damage_healed":0.0,"max_hp_gain":0.0,"max_hp_loss":0.0,"gold_gain":0.0,"event_name":"Bonfire Elementals","player_choice":"Offered Basic","floor":4.0,"gold_loss":0.0,"damage_taken":0.0}],"is_beta":false,"boss_relics":[],"items_purged_floors":[],"is_endless":false,"potions_floor_spawned":[3,10,11,12,14],"killed_by":"downfall:Defect","ascension_level":0}}