{"host":"roto7j7840a50pxh","time":1608584706,"event":{"mods":["Act Like it!","BaseMod","Better Altar","Better Note","Better Sensory Stone","Better Skull","Better Third Choice","BetterRewards","Colored Map","Colored Powertips","Downfall","Hermit","Highlight Path","Hubris","Infinite Spire","Minty Spire (QoL Compilation)","Replay The Spire","Robot Space Explorer","Shade Mod","Spicy Shops","StSLib","The Cursed","The Dragon Tamer","The Hierophant","The Necromancer","The Runesmith","The Servant 0.9.4","TheVacant"],"gold_per_floor":[116,116,134,102,102,102,102,102,115,132,132,159,159,189,189,202,202,304,304,317,333,333,347,13,13,44,44,122,122,148,163,163,178,178,282,282,292,292,312,312,19,47,58,93,93,105,105,5,5,23,23,23],"floor_reached":53,"playtime":4293,"items_purged":["sneckomod:Bewildered","hubris:Despair"],"score":1090,"play_id":"764812f8-2973-47c6-8126-36de6f690529","local_time":"20201221160505","is_ascension_mode":true,"campfire_choices":[{"data":"RobotSpaceExplorer:FreezeRay","floor":8.0,"key":"SMITH"},{"data":"RobotSpaceExplorer:MiniLasers","floor":13.0,"key":"SMITH"},{"data":"RobotSpaceExplorer:ToxicBomb","floor":15.0,"key":"SMITH"},{"data":"RobotSpaceExplorer:Discharger","floor":17.0,"key":"SMITH"},{"data":"Replay:SS_hec_2","floor":25.0,"key":"SMITH"},{"data":"RobotSpaceExplorer:Accelerator","floor":27.0,"key":"SMITH"},{"data":"J.A.X.","floor":32.0,"key":"SMITH"},{"data":"RobotSpaceExplorer:DoubleFind","floor":34.0,"key":"SMITH"},{"data":"RobotSpaceExplorer:FranticSearch","floor":47,"key":"SMITH"},{"data":"RobotSpaceExplorer:GlueShot","floor":51,"key":"SMITH"}],"circlet_count":0,"master_deck":["RobotSpaceExplorer:Defend","RobotSpaceExplorer:Defend","RobotSpaceExplorer:Defend","RobotSpaceExplorer:Defend","RobotSpaceExplorer:Scan","RobotSpaceExplorer:MiniLasers+1","RobotSpaceExplorer:DoubleBlock+1","RobotSpaceExplorer:Electropulse","RobotSpaceExplorer:FreezeRay+1","RobotSpaceExplorer:Smokescreen","RobotSpaceExplorer:GlueShot+1","RobotSpaceExplorer:MakeshiftVolley+1","RobotSpaceExplorer:ShovelStrike+1","RobotSpaceExplorer:ShockKick+1","RobotSpaceExplorer:ShockKick+1","RobotSpaceExplorer:Discharger+1","RobotSpaceExplorer:Electropulse+1","RobotSpaceExplorer:ToxicBomb+1","RobotSpaceExplorer:ImprovisedAttack+1","RobotSpaceExplorer:Accelerator+1","RobotSpaceExplorer:FreezingShield+1","RobotSpaceExplorer:SurgingStrike+1","RobotSpaceExplorer:ScrapToss+1","RobotSpaceExplorer:SlimeMissile+1","Replay:SS_hec_2+1","RobotSpaceExplorer:StarLightning+1","RobotSpaceExplorer:DoubleFind+1","RobotSpaceExplorer:FranticSearch+1","RobotSpaceExplorer:DroneSwarm","J.A.X.+1","RobotSpaceExplorer:JunkDive","RobotSpaceExplorer:LuckyStrike+1","RobotSpaceExplorer:ShovelStrike+1","RobotSpaceExplorer:Jetpack+1","RobotSpaceExplorer:GearShield","RobotSpaceExplorer:Pulsar+1"],"relics":["RobotSpaceExplorer:RoboCore","Lee\u0027s Waffle","Calipers","Molten Egg 2","hubris:Icosahedron","Singing Bowl","RobotSpaceExplorer:FoglandsKnife","Mirror","Replay:Grab Bag","Cursed Key","Busted Crown","Astrolabe","hubris:Backtick","hubris:Potato","StrikeDummy","Shuriken","RobotSpaceExplorer:PlasmaHourglass","Meat on the Bone","Frozen Eye","hubris:TenFootPole","Lantern","Garlic"],"acts_visited":["TheBeyond"],"potions_floor_usage":[],"damage_taken":[{"damage":0.0,"enemies":"Small Slimes","floor":1.0,"turns":3.0},{"damage":0.0,"enemies":"2 Louse","floor":3.0,"turns":1.0},{"damage":0.0,"enemies":"Jaw Worm","floor":9.0,"turns":2.0},{"damage":0.0,"enemies":"Large Slime","floor":10.0,"turns":3.0},{"damage":11.0,"enemies":"Replay:BlueRogue","floor":12.0,"turns":3.0},{"damage":0.0,"enemies":"3 Sentries","floor":14.0,"turns":4.0},{"damage":1.0,"enemies":"Blue Slaver","floor":16.0,"turns":2.0},{"damage":7.0,"enemies":"Fading Forest","floor":18.0,"turns":11.0},{"damage":9.0,"enemies":"Spheric Guardian","floor":20.0,"turns":4.0},{"damage":4.0,"enemies":"Shell Parasite","floor":21.0,"turns":3.0},{"damage":0.0,"enemies":"Chosen and Byrds","floor":23.0,"turns":3.0},{"damage":0.0,"enemies":"Book of Stabbing","floor":26.0,"turns":5.0},{"damage":12.0,"enemies":"Slavers","floor":30.0,"turns":3.0},{"damage":0.0,"enemies":"Centurion and Healer","floor":31.0,"turns":4.0},{"damage":6.0,"enemies":"Snake Plant","floor":33.0,"turns":3.0},{"damage":19.0,"enemies":"hubris:MusketHawk","floor":35.0,"turns":5.0},{"damage":0.0,"enemies":"Orb Walker","floor":37.0,"turns":3.0},{"damage":8.0,"enemies":"3 Darklings","floor":39.0,"turns":3.0},{"damage":13,"enemies":"Nemesis","floor":42,"turns":5},{"damage":0,"enemies":"Sphere and 2 Shapes","floor":43,"turns":1},{"damage":0,"enemies":"R_Hoarder","floor":44,"turns":6},{"damage":0,"enemies":"4 Shapes","floor":46,"turns":3},{"damage":0,"enemies":"Jaw Worm Horde","floor":50,"turns":1},{"damage":6,"enemies":"Time Eater","floor":52,"turns":9}],"seed_played":"2723167240226519710","potions_obtained":[{"floor":3.0,"key":"RobotSpaceExplorer:PlasmaFlask"},{"floor":9.0,"key":"DistilledChaos"},{"floor":14.0,"key":"Adrenaline Potion"},{"floor":18.0,"key":"Fire Potion"},{"floor":21.0,"key":"SpeedPotion"},{"floor":26.0,"key":"Swift Potion"},{"floor":31.0,"key":"Toxic Potion"},{"floor":37.0,"key":"Strength Potion"},{"floor":44,"key":"SkillPotion"},{"floor":46,"key":"LifebloodPotion"},{"floor":49,"key":"Death Potion"},{"floor":49,"key":"Guardian:BlockOnCardUsePotion"}],"is_trial":false,"path_per_floor":["M","?","M","$","PTL","PTL","?","R","M","M","T","E","R","E","R","M","R","B",null,"M","M","?","M","$","R","E","R","T","?","E","M","R","M","R","B",null,"M","?","M","?","$","E","M","E","T","M","R","$","?","M","R","B",null],"character_chosen":"RobotSpaceExplorer","items_purchased":["Lee\u0027s Waffle","RobotSpaceExplorer:DoubleBlock+1","RobotSpaceExplorer:Electropulse","RobotSpaceExplorer:FreezeRay","RobotSpaceExplorer:Smokescreen","RobotSpaceExplorer:GlueShot","Calipers","Molten Egg 2","RobotSpaceExplorer:MakeshiftVolley+1","RobotSpaceExplorer:ShockKick+1","RobotSpaceExplorer:StarLightning+1","RobotSpaceExplorer:DoubleFind","RobotSpaceExplorer:FranticSearch","RobotSpaceExplorer:DroneSwarm","Frozen Eye","RobotSpaceExplorer:LuckyStrike+1"],"campfire_rested":0,"item_purchase_floors":[0,0,0,0,0,0,0,0,0,4,24,24,24,24,41,41],"current_hp_per_floor":[82,82,82,82,82,82,82,82,82,82,82,71,71,73,73,72,72,73,84,77,73,73,75,75,75,77,77,77,77,67,69,69,65,65,46,96,96,96,90,90,90,77,77,77,77,77,77,77,77,79,79,73],"gold":23,"neow_bonus":"","is_daily":false,"chose_seed":false,"campfire_upgraded":10,"win_rate":0.0,"timestamp":1608584705,"path_taken":["M","?","M","$","PTL","PTL","?","R","?","M","T","E","R","E","R","M","R","BOSS","M","M","?","M","$","R","E","R","T","?","E","?","R","M","R","BOSS","M","?","M","?","?","E","M","E","T","M","R","$","?","?","R","BOSS"],"items_purchased_type":["Relic","Card","Card","Card","Card","Card","Relic","Relic","Card","Card","Card","Card","Card","Card","Relic","Card"],"build_version":"2020-12-13","purchased_purges":2,"victory":true,"max_hp_per_floor":[82,82,82,82,82,82,82,82,82,82,82,82,82,84,84,84,84,84,84,86,86,86,88,88,88,90,90,90,90,92,94,94,96,96,96,96,96,96,98,98,98,98,98,98,98,98,98,98,98,100,100,100],"card_choices":[{"not_picked":["RobotSpaceExplorer:FrostMissile+1","RobotSpaceExplorer:SurgingShield"],"picked":"RobotSpaceExplorer:ShovelStrike+1","floor":1.0},{"not_picked":["RobotSpaceExplorer:DoubleBlock","RobotSpaceExplorer:StunGrenade+1"],"picked":"RobotSpaceExplorer:ShockKick+1","floor":3.0},{"not_picked":["RobotSpaceExplorer:SurgingStrike+1","RobotSpaceExplorer:MakeshiftVolley+1"],"picked":"RobotSpaceExplorer:Discharger","floor":9.0},{"not_picked":["RobotSpaceExplorer:ToxicBomb","RobotSpaceExplorer:BigMissile+1"],"picked":"RobotSpaceExplorer:Electropulse+1","floor":10.0},{"not_picked":["RobotSpaceExplorer:Probe+1","RobotSpaceExplorer:Jetpack"],"picked":"RobotSpaceExplorer:ToxicBomb","floor":12.0},{"not_picked":["RobotSpaceExplorer:FranticSearch","RobotSpaceExplorer:SlimeMissile+1","RobotSpaceExplorer:ExhaustFan"],"picked":"Singing Bowl","floor":14.0},{"not_picked":["RobotSpaceExplorer:RigExplosive","RobotSpaceExplorer:ShovelStrike+1"],"picked":"RobotSpaceExplorer:ImprovisedAttack+1","floor":16.0},{"not_picked":["RobotSpaceExplorer:Arsenal","RobotSpaceExplorer:Asteroid+1"],"picked":"RobotSpaceExplorer:Accelerator","floor":18.0},{"not_picked":["RobotSpaceExplorer:Counterblock"],"picked":"Singing Bowl","floor":20.0},{"not_picked":[],"picked":"RobotSpaceExplorer:SlimeMissile+1","floor":21.0},{"not_picked":["RobotSpaceExplorer:SurgingShield"],"picked":"Singing Bowl","floor":23.0},{"not_picked":["RobotSpaceExplorer:Calculate"],"picked":"Singing Bowl","floor":26.0},{"not_picked":["RobotSpaceExplorer:SlimeMissile+1"],"picked":"Singing Bowl","floor":30.0},{"not_picked":["RobotSpaceExplorer:SurgingStrike+1"],"picked":"Singing Bowl","floor":31.0},{"not_picked":["RobotSpaceExplorer:Counterblock"],"picked":"Singing Bowl","floor":33.0},{"not_picked":[],"picked":"RobotSpaceExplorer:Exploration","floor":35.0},{"not_picked":[],"picked":"RobotSpaceExplorer:JunkDive","floor":37.0},{"not_picked":["RobotSpaceExplorer:SlimeMissile+1"],"picked":"Singing Bowl","floor":39.0},{"not_picked":[],"picked":"RobotSpaceExplorer:ShovelStrike+1","floor":42},{"not_picked":[],"picked":"RobotSpaceExplorer:Jetpack+1","floor":43},{"not_picked":[],"picked":"RobotSpaceExplorer:GearShield","floor":44},{"not_picked":[],"picked":"RobotSpaceExplorer:Pulsar+1","floor":46},{"not_picked":["RobotSpaceExplorer:Discharger+1"],"picked":"Singing Bowl","floor":50}],"player_experience":1354969,"relics_obtained":[{"floor":11.0,"key":"Singing Bowl"},{"floor":12.0,"key":"RobotSpaceExplorer:FoglandsKnife"},{"floor":14.0,"key":"Mirror"},{"floor":26.0,"key":"StrikeDummy"},{"floor":28.0,"key":"Shuriken"},{"floor":30.0,"key":"RobotSpaceExplorer:PlasmaHourglass"},{"floor":37.0,"key":"Meat on the Bone"},{"floor":42,"key":"hubris:TenFootPole"},{"floor":44,"key":"Lantern"},{"floor":45,"key":"Garlic"}],"event_choices":[{"cards_removed":["RobotSpaceExplorer:MiniLasers"],"damage_healed":0.0,"max_hp_gain":0.0,"max_hp_loss":0.0,"gold_gain":0.0,"event_name":"betterNote:BetterNote","player_choice":"Take \u0026 Give","floor":22.0,"gold_loss":0.0,"damage_taken":0.0,"cards_obtained":["Replay:SS_hec_2"]},{"damage_healed":0.0,"max_hp_gain":0.0,"max_hp_loss":0.0,"gold_gain":0.0,"event_name":"Drug Dealer","player_choice":"Obtain J.A.X.","floor":29.0,"gold_loss":0.0,"damage_taken":0.0,"cards_obtained":["J.A.X."]},{"damage_healed":0.0,"max_hp_gain":0.0,"max_hp_loss":0.0,"gold_gain":0.0,"event_name":"Tomb of Lord Red Mask","player_choice":"Ignored","floor":38.0,"gold_loss":0.0,"damage_taken":0.0},{"damage_healed":0,"gold_gain":0,"player_choice":"Got Potions","damage_taken":0,"max_hp_gain":0,"max_hp_loss":0,"event_name":"Lab","floor":49,"gold_loss":0}],"is_beta":false,"boss_relics":[{"not_picked":["expansioncontent:StudyCardRelic","ChewingGum"],"picked":"Replay:Grab Bag"},{"not_picked":["hubris:RunicObelisk","Runic Dome"],"picked":"Cursed Key"},{"not_picked":["Sozu","Replay:Bronze Core"],"picked":"Busted Crown"},{"not_picked":["Empty Cage","RobotSpaceExplorer:Reprocessor"],"picked":"Astrolabe"},{"not_picked":["RobotSpaceExplorer:SearchSpecs","RobotSpaceExplorer:TurboCore"],"picked":"hubris:Backtick"},{"not_picked":["hubris:BlackHole","Replay:Drink Me","Replay:Wanted Poster"]}],"items_purged_floors":[41,48],"is_endless":false,"potions_floor_spawned":[3,9,14,16,18,21,26,30,31,37,44,46],"ascension_level":1}}