{"host":"li2oyy8xcjugrjw6","time":1608515470,"event":{"mods":["AchievementEnabler","BaseMod","Colored Map","Minty Spire (QoL Compilation)","Permanent Neow","Replay The Spire","StSLib"],"gold_per_floor":[119,131,151,163,8,8,42,42,65,65,65],"floor_reached":10,"playtime":6531,"items_purged":[],"score":140,"play_id":"7dca8e14-79cf-4438-9fb4-2f00cae1570c","local_time":"20201220175110","is_ascension_mode":true,"campfire_choices":[{"data":"Wraith Form v2","floor":6.0,"key":"SMITH"}],"circlet_count":0,"master_deck":["AscendersBane","Strike_G","Strike_G","Strike_G","Strike_G","Strike_G","Defend_G","Defend_G","Defend_G","Defend_G","Defend_G","Survivor","Neutralize","Dagger Spray","All Out Attack","Deadly Poison","Venomology","Wraith Form v2+1"],"relics":["Ring of the Snake","MealTicket","Orichalcum"],"acts_visited":["Exordium"],"potions_floor_usage":[7,7,7],"damage_taken":[{"damage":1.0,"enemies":"Cultist","floor":1.0,"turns":4.0},{"damage":7.0,"enemies":"Small Slimes","floor":2.0,"turns":5.0},{"damage":2.0,"enemies":"2 Louse","floor":3.0,"turns":3.0},{"damage":2.0,"enemies":"Lots of Slimes","floor":4.0,"turns":2.0},{"damage":11,"enemies":"Lagavulin","floor":7,"turns":11},{"damage":28,"enemies":"3 Sentries","floor":10,"turns":5}],"seed_played":"7551125684474231371","potions_obtained":[{"floor":0.0,"key":"Energy Potion"},{"floor":0.0,"key":"Doom Potion"},{"floor":0.0,"key":"Reflective Coating"},{"floor":1.0,"key":"Block Potion"},{"floor":4.0,"key":"DistilledChaos"}],"is_trial":false,"path_per_floor":["M","M","M","M","$","R","E","$","T","E"],"character_chosen":"THE_SILENT","items_purchased":["Wraith Form v2"],"campfire_rested":0,"item_purchase_floors":[5],"current_hp_per_floor":[62,55,53,51,51,51,40,55,55,27,27],"gold":65,"neow_bonus":"THREE_SMALL_POTIONS","is_daily":false,"chose_seed":false,"campfire_upgraded":1,"win_rate":0.0,"timestamp":1608515470,"path_taken":["M","M","M","M","$","R","E","?","T","E"],"items_purchased_type":["Card"],"build_version":"2020-12-13","purchased_purges":0,"victory":false,"max_hp_per_floor":[70,70,70,70,70,70,70,70,70,70,70],"card_choices":[{"not_picked":["ReplayTheSpireMod:Tripwire","Prepared"],"picked":"Dagger Spray","floor":1.0},{"not_picked":["Hidden Blade","Poisoned Stab"],"picked":"All Out Attack","floor":2.0},{"not_picked":["Hidden Blade","Prepared"],"picked":"Deadly Poison","floor":3.0},{"not_picked":["Riddle With Holes","Dagger Spray"],"picked":"Venomology","floor":4.0},{"not_picked":["Backflip","Accuracy","Prepared"],"picked":"SKIP","floor":7}],"player_experience":928035,"relics_obtained":[{"floor":7,"key":"MealTicket"},{"floor":9,"key":"Orichalcum"}],"event_choices":[],"is_beta":false,"boss_relics":[],"items_purged_floors":[],"is_endless":false,"potions_floor_spawned":[1,2,4],"killed_by":"3 Sentries","ascension_level":10}}