{"host":"llpusn9usp8rznkj","time":1608520067,"event":{"mods":["2.2 Compatiblity","BaseMod","Colored Map","Colored Powertips","Conspire","Downfall","Hubris","Minty Spire (QoL Compilation)","Rare Cards Sparkle","Replay The Spire","StSLib","The Cursed"],"gold_per_floor":[119,119,154,32,32,32,65,85,85,101,111,123,123,123,123,194,294,304,304,254,268,282,282,313,313,360,380,380,380,395,408,408,482,482,498,498,512,300,325,352,352,378,426,426,426,452,386,386,386,386,386,386],"floor_reached":51,"playtime":2493,"items_purged":[],"score":1542,"play_id":"71d23709-66d1-48c3-9420-93564d413c6b","local_time":"20201220220747","is_ascension_mode":true,"campfire_choices":[{"data":"Neutralize","floor":6.0,"key":"SMITH"},{"floor":13.0,"key":"REST"},{"floor":15.0,"key":"REST"},{"data":"Terror","floor":23.0,"key":"SMITH"},{"data":"Well Laid Plans","floor":25.0,"key":"SMITH"},{"data":"Blade Dance","floor":29.0,"key":"SMITH"},{"data":"Slice","floor":32.0,"key":"SMITH"},{"data":"Infinite Blades","floor":41.0,"key":"SMITH"},{"data":"Madness","floor":45.0,"key":"SMITH"},{"floor":49,"key":"RECALL"}],"circlet_count":0,"master_deck":["AscendersBane","Strike_G","Strike_G+1","Strike_G+1","Strike_G+1","Strike_G","Defend_G","Defend_G+1","Defend_G","Defend_G","Defend_G","Survivor","Neutralize+1","Hidden Blade","Cloak And Dagger+1","Hidden Blade","Impatience+1","Terror+1","Well Laid Plans+1","Backflip","A Thousand Cuts+1","After Image+1","Prepared+1","PiercingWail+1","Blade Dance+1","Slice+1","Escape Plan+1","Adrenaline+1","Accuracy+1","Infinite Blades+1","Blade Dance","Prepared","Finisher","Madness","Madness+1","ReplayTheSpireMod:The Works+1","Endless Agony"],"relics":["Ring of the Snake","NeowsBlessing","Vajra","Mango","hubris:SphereOfDissonance","Membership Card","hubris:Zylophone","Replay:Grab Bag","Replay:Wanted Poster","ReplayTheSpireMod:DimensionalGlitch","conspire:RunicOctahedron","conspire:SpecialSausage","Omamori","WristBlade","Juzu Bracelet","Guide Book","Pondfish Scales","Replay:Bottled Snecko","Question Card","Simple Rune","conspire:TopHat","hubris:Icosahedron"],"acts_visited":["Exordium","TheCity","TheBeyond"],"potions_floor_usage":[],"damage_taken":[{"damage":0.0,"enemies":"2 Louse","floor":1.0,"turns":1.0},{"damage":0.0,"enemies":"conspire:MimicChest","floor":3.0,"turns":1.0},{"damage":0.0,"enemies":"Lagavulin","floor":7.0,"turns":1.0},{"damage":4.0,"enemies":"Small Slimes","floor":8.0,"turns":3.0},{"damage":0.0,"enemies":"Cultist","floor":10.0,"turns":2.0},{"damage":19.0,"enemies":"Exordium Thugs","floor":11.0,"turns":4.0},{"damage":34.0,"enemies":"Gremlin Gang","floor":12.0,"turns":6.0},{"damage":16.0,"enemies":"The Guardian","floor":16.0,"turns":13.0},{"damage":9.0,"enemies":"Spheric Guardian","floor":18.0,"turns":5.0},{"damage":10.0,"enemies":"Chosen","floor":21.0,"turns":4.0},{"damage":0.0,"enemies":"Snecko","floor":22.0,"turns":3.0},{"damage":0.0,"enemies":"Replay:Snechameleon","floor":24.0,"turns":4.0},{"damage":1.0,"enemies":"Centurion and Healer","floor":27.0,"turns":4.0},{"damage":0.0,"enemies":"Cultist and Chosen","floor":30.0,"turns":4.0},{"damage":16.0,"enemies":"Shelled Parasite and Fungi","floor":31.0,"turns":2.0},{"damage":1.0,"enemies":"Collector","floor":33.0,"turns":6.0},{"damage":5.0,"enemies":"3 Shapes","floor":35.0,"turns":4.0},{"damage":0.0,"enemies":"Orb Walker","floor":37.0,"turns":1.0},{"damage":5.0,"enemies":"Mind Bloom Boss Battle","floor":39.0,"turns":4.0},{"damage":5.0,"enemies":"R_Hoarder","floor":40.0,"turns":5.0},{"damage":8.0,"enemies":"Reptomancer","floor":42.0,"turns":4.0},{"damage":24,"enemies":"Donu and Deca","floor":50,"turns":5},{"damage":24,"enemies":"hubris:GrandSnecko","floor":51,"turns":1}],"seed_played":"2959013460861843185","potions_obtained":[{"floor":12.0,"key":"Explosive Potion"},{"floor":16.0,"key":"ColorlessPotion"},{"floor":21.0,"key":"Guardian:BlockOnCardUsePotion"},{"floor":27.0,"key":"AttackPotion"},{"floor":30.0,"key":"Explosive Potion"},{"floor":31.0,"key":"Reflective Coating"},{"floor":39.0,"key":"PowerPotion"}],"is_trial":false,"path_per_floor":["M","?","?","$","?","R","E","M","T","M","M","M","R","$","R","B",null,"M","?","?","M","M","R","E","R","T","M","?","R","M","M","R","B",null,"M","?","M","$","?","E","R","E","T","?","R","T","$","?","R_BF","B","B"],"character_chosen":"THE_SILENT","items_purchased":["Hidden Blade","Impatience","Membership Card","hubris:Zylophone","Juzu Bracelet","Infinite Blades","Blade Dance","Guide Book","ReplayTheSpireMod:The Works+1","Endless Agony"],"campfire_rested":2,"item_purchase_floors":[4,4,14,14,38,38,38,38,47,47],"current_hp_per_floor":[59,59,59,59,59,59,73,69,69,69,50,16,40,10,34,18,65,56,56,56,46,46,46,46,46,46,45,45,45,45,29,29,28,67,62,62,62,62,60,55,55,47,47,36,36,39,39,42,42,18,0,0],"gold":386,"neow_bonus":"THREE_ENEMY_KILL","is_daily":false,"chose_seed":false,"campfire_upgraded":7,"win_rate":0.0,"timestamp":1608520067,"path_taken":["M","?","?","$","?","R","E","?","T","M","M","M","R","?","R","BOSS","M","?","?","M","?","R","E","R","T","M","?","R","M","?","R","BOSS","M","?","?","?","?","E","R","E","T","?","R","?","$","?","R_BF","BOSS","BOSS"],"items_purchased_type":["Card","Card","Relic","Relic","Relic","Card","Card","Relic","Card","Card"],"build_version":"2020-12-13","purchased_purges":0,"victory":false,"max_hp_per_floor":[66,66,66,66,66,66,80,80,80,80,80,80,80,80,80,80,80,80,80,80,80,80,80,80,80,80,80,80,80,80,80,80,80,80,80,80,80,80,80,80,80,80,80,80,80,80,80,80,80,80,80,80],"card_choices":[{"not_picked":["Distraction","Flying Knee"],"picked":"Hidden Blade","floor":1.0},{"not_picked":["Dagger Throw","Tactician"],"picked":"Cloak And Dagger","floor":3.0},{"not_picked":["Footwork","Acrobatics"],"picked":"Terror","floor":7.0},{"not_picked":["Deadly Poison","All Out Attack","Distraction"],"picked":"SKIP","floor":8.0},{"not_picked":["hubris:Counter","Poisoned Stab"],"picked":"Well Laid Plans","floor":10.0},{"not_picked":["Quick Slash","Acrobatics"],"picked":"Backflip","floor":11.0},{"not_picked":["Quick Slash","Fluid Movement"],"picked":"A Thousand Cuts","floor":12.0},{"not_picked":["Phantasmal Killer","Bullet Time"],"picked":"After Image","floor":16.0},{"not_picked":["Bane","Skewer","Cloak And Dagger"],"picked":"SKIP","floor":18.0},{"not_picked":["hubris:SlightOfHand","Poisoned Stab","Choke"],"picked":"SKIP","floor":21.0},{"not_picked":["Choke+1","Terror"],"picked":"Prepared+1","floor":22.0},{"not_picked":["ReplayTheSpireMod:Tripwire","Caltrops"],"picked":"PiercingWail+1","floor":24.0},{"not_picked":["Leg Sweep","Bane+1"],"picked":"Blade Dance","floor":27.0},{"not_picked":["Dagger Spray","Bane"],"picked":"Slice","floor":30.0},{"not_picked":["PiercingWail","Footwork+1"],"picked":"Escape Plan","floor":31.0},{"not_picked":["Die Die Die","Tools of the Trade"],"picked":"Adrenaline","floor":33.0},{"not_picked":["Reflex","Deflect"],"picked":"Accuracy+1","floor":35.0},{"not_picked":["Poisoned Stab+1","PiercingWail","Backflip+1"],"picked":"SKIP","floor":37.0},{"not_picked":["Flying Knee","Cloak And Dagger"],"picked":"Prepared","floor":39.0},{"not_picked":["Replay:Poison Smokescreen","Poisoned Stab","Backflip+1"],"picked":"SKIP","floor":40.0},{"not_picked":["Riddle With Holes","Sneak Up"],"picked":"Finisher","floor":42.0}],"player_experience":1095437,"relics_obtained":[{"floor":3.0,"key":"Vajra"},{"floor":7.0,"key":"Mango"},{"floor":9.0,"key":"hubris:SphereOfDissonance"},{"floor":24.0,"key":"Omamori"},{"floor":39.0,"key":"Pondfish Scales"},{"floor":40.0,"key":"Replay:Bottled Snecko"},{"floor":42.0,"key":"Question Card"},{"floor":43.0,"key":"Simple Rune"},{"floor":46.0,"key":"conspire:TopHat"}],"event_choices":[{"damage_healed":0.0,"max_hp_gain":0.0,"max_hp_loss":0.0,"gold_gain":0.0,"event_name":"Accursed Blacksmith","player_choice":"Forge","floor":5.0,"gold_loss":0.0,"damage_taken":0.0,"cards_upgraded":["Cloak And Dagger"]},{"damage_healed":0.0,"max_hp_gain":0.0,"max_hp_loss":0.0,"gold_gain":0.0,"event_name":"Cursed Tome","player_choice":"Ignored","floor":19.0,"gold_loss":0.0,"damage_taken":0.0},{"damage_healed":0.0,"max_hp_gain":0.0,"max_hp_loss":0.0,"gold_gain":0.0,"event_name":"Designer","player_choice":"Upgraded Two","floor":20.0,"gold_loss":50.0,"damage_taken":0.0,"cards_upgraded":["After Image","Strike_G"]},{"damage_healed":0.0,"max_hp_gain":0.0,"max_hp_loss":0.0,"gold_gain":0.0,"event_name":"Upgrade Shrine","player_choice":"Upgraded","floor":28.0,"gold_loss":0.0,"damage_taken":0.0,"cards_upgraded":["A Thousand Cuts"]},{"damage_healed":0.0,"max_hp_gain":0.0,"max_hp_loss":0.0,"gold_gain":0.0,"event_name":"Upgrade Shrine","player_choice":"Upgraded","floor":36.0,"gold_loss":0.0,"damage_taken":0.0,"cards_upgraded":["Adrenaline"]},{"damage_healed":0.0,"max_hp_gain":0.0,"max_hp_loss":0.0,"gold_gain":0.0,"event_name":"MindBloom","player_choice":"Fight","floor":39.0,"gold_loss":0.0,"damage_taken":0.0},{"damage_healed":0.0,"max_hp_gain":0.0,"max_hp_loss":0.0,"gold_gain":0.0,"event_name":"Winding Halls","player_choice":"Embrace Madness","floor":44.0,"gold_loss":0.0,"damage_taken":14.0,"cards_obtained":["Madness","Madness"]}],"is_beta":false,"boss_relics":[{"not_picked":["Abe\u0027s Treasure","hubris:BlackHole"],"picked":"Replay:Grab Bag"},{"not_picked":["Replay:Bronze Core","Ectoplasm"],"picked":"Replay:Wanted Poster"},{"not_picked":["hubris:GrandSneckoEye","Velvet Choker"],"picked":"ReplayTheSpireMod:DimensionalGlitch"},{"not_picked":["hubris:HollowSoul","Empty Cage"],"picked":"conspire:RunicOctahedron"},{"not_picked":["Ring of Chaos","Astrolabe"],"picked":"conspire:SpecialSausage"},{"not_picked":["Snecko Eye","Honey Jar"],"picked":"WristBlade"}],"items_purged_floors":[],"is_endless":false,"potions_floor_spawned":[12,16,21,27,30,31,39],"killed_by":"hubris:GrandSnecko","ascension_level":20}}