{"host":"zh06ha8197vgjo02","time":1608535770,"event":{"mods":["AchievementEnabler","Arknights The Spire","BaseMod","Better Skull","CapriCore","DeckTracker","GifTheSpireLib","Hermit","Koishi","Marisa£¨Ùöéë¡¡Øª×âÞÞ£©","Minty Spire (QoL Compilation)","Reimu£¨ÚÏ???£©","StSLib","SuperFastMode","Td1madao Mod","The Cursed","The Immortal","TheBandit","WarShipGirlsR/??á´Ò³R mod"],"gold_per_floor":[111,111,123,113,113,142,142,174,174,190,206,222,222,238,238,336,336,347,272,232,243,272,272,272,283,283,283,283,283],"floor_reached":28,"playtime":1324,"items_purged":[],"score":253,"play_id":"7c6f12ac-0269-4864-9320-2b3a780a3b5e","local_time":"20201221162930","is_ascension_mode":false,"campfire_choices":[{"data":"Knight Kick","floor":7,"key":"SMITH"},{"data":"Chip","floor":13,"key":"SMITH"},{"data":"Judgment","floor":15,"key":"SMITH"},{"floor":23,"key":"REST"}],"circlet_count":0,"master_deck":["Strike_C","Strike_C","Strike_C","Strike_C","Defend_C","Defend_C","Defend_C","Defend_C","Knight Kick+1","Chip+1","Floating Swing Kick","Lunge","Judgment+1","Pod Laser","Backup","Oblique Hack"],"relics":["Apod","NeowsBlessing","Potion Belt","Mummified Hand","CrazyTorch:ReiMu","InkBottle","Mb Ring","Black Star","ZunR:ReiMu","Red Mask","Frozen Egg 2"],"acts_visited":["Exordium","TheCity"],"potions_floor_usage":[16,21,22],"damage_taken":[{"damage":0,"enemies":"Small Slimes","floor":1,"turns":1},{"damage":0,"enemies":"2 Louse","floor":3,"turns":1},{"damage":0,"enemies":"Lagavulin","floor":6,"turns":1},{"damage":9,"enemies":"3 Sentries","floor":8,"turns":5},{"damage":0,"enemies":"Jaw Worm","floor":10,"turns":3},{"damage":4,"enemies":"Blue Slaver","floor":11,"turns":3},{"damage":2,"enemies":"Red Slaver","floor":12,"turns":4},{"damage":4,"enemies":"3 Louse","floor":14,"turns":2},{"damage":12,"enemies":"Hexaghost","floor":16,"turns":8},{"damage":41,"enemies":"Spheric Guardian","floor":18,"turns":8},{"damage":0,"enemies":"3 Byrds","floor":21,"turns":3},{"damage":12,"enemies":"Masked Bandits","floor":22,"turns":4},{"damage":16,"enemies":"Centurion and Healer","floor":25,"turns":7},{"damage":51,"enemies":"Shelled Parasite and Fungi","floor":28,"turns":8}],"seed_played":"865647148578655756","potions_obtained":[{"floor":3,"key":"LiquidBronze"},{"floor":10,"key":"Ancient Potion"},{"floor":12,"key":"LiquidBronze"},{"floor":18,"key":"DuplicationPotion"},{"floor":21,"key":"GrandPatriotsElixir:ReiMu"},{"floor":25,"key":"FairyPotion"}],"is_trial":false,"path_per_floor":["M","?","M","?","T","E","R","E","T","M","M","M","R","M","R","B",null,"M","?","?","M","?","R","?","M","T","?","M"],"character_chosen":"TD1MADAO_CLASS","items_purchased":[],"campfire_rested":1,"item_purchase_floors":[],"current_hp_per_floor":[70,58,58,58,58,58,58,49,49,49,45,43,43,39,39,27,70,29,29,29,29,17,38,38,22,22,22,0,0],"gold":283,"neow_bonus":"THREE_ENEMY_KILL","is_daily":false,"chose_seed":false,"campfire_upgraded":3,"win_rate":0.0,"timestamp":1608535770,"path_taken":["M","?","M","?","?","E","R","E","T","M","M","M","R","M","R","BOSS","M","?","?","M","?","R","?","?","T","?","M"],"items_purchased_type":[],"build_version":"2020-12-13","purchased_purges":0,"victory":false,"max_hp_per_floor":[70,70,70,70,70,70,70,70,70,70,70,70,70,70,70,70,70,70,70,70,70,70,70,70,70,70,70,70,70],"card_choices":[{"not_picked":["Light Attack","Cursed Blade"],"picked":"Floating Swing Kick","floor":1},{"not_picked":["Three Hit","Cursed Blade"],"picked":"Lunge","floor":3},{"not_picked":[],"picked":"Judgment","floor":4},{"not_picked":[],"picked":"Memory Alloy","floor":4},{"not_picked":["De Ware Chip","Sudden Beat"],"picked":"E MP","floor":6},{"not_picked":["Machining","Floating Even","Revenge"],"picked":"SKIP","floor":8},{"not_picked":["Perfect Defend","Black Execution","Ruin Defend"],"picked":"SKIP","floor":10},{"not_picked":["Cooling Song","Energy Supply"],"picked":"Pod Laser","floor":11},{"not_picked":["Three Hit","Pod Fire","Awareness"],"picked":"SKIP","floor":12},{"not_picked":["Preloading","Resistance","Lunge"],"picked":"SKIP","floor":14},{"not_picked":["Moon Tear","Optimization"],"picked":"Backup","floor":16},{"not_picked":["Fixing","Trader+1","Cursed Blade"],"picked":"SKIP","floor":18},{"not_picked":["Light Attack+1","Gravity Defend","Paralysis"],"picked":"SKIP","floor":21},{"not_picked":["Preparedness","Machining"],"picked":"Oblique Hack","floor":25}],"player_experience":720960,"relics_obtained":[{"floor":5,"key":"Mummified Hand"},{"floor":6,"key":"CrazyTorch:ReiMu"},{"floor":8,"key":"InkBottle"},{"floor":9,"key":"Mb Ring"},{"floor":22,"key":"Red Mask"},{"floor":26,"key":"Frozen Egg 2"}],"event_choices":[{"damage_healed":0,"gold_gain":0,"player_choice":"Success","damage_taken":12,"relics_obtained":["Potion Belt"],"max_hp_gain":0,"max_hp_loss":0,"event_name":"Scrap Ooze","floor":2,"gold_loss":0},{"cards_removed":["Memory Alloy"],"damage_healed":0,"gold_gain":0,"player_choice":"Gave Gold","damage_taken":0,"max_hp_gain":0,"max_hp_loss":0,"event_name":"Beggar","floor":19,"gold_loss":75},{"damage_healed":0,"gold_gain":0,"player_choice":"Keep O-miki","damage_taken":0,"relics_obtained":["ZunR:ReiMu"],"max_hp_gain":0,"max_hp_loss":0,"event_name":"ZunEvent","floor":20,"gold_loss":40},{"damage_healed":0,"gold_gain":0,"player_choice":"Fought Bandits","damage_taken":0,"max_hp_gain":0,"max_hp_loss":0,"event_name":"Masked Bandits","floor":22,"gold_loss":0},{"damage_healed":0,"gold_gain":0,"player_choice":"Ignored","damage_taken":0,"max_hp_gain":0,"max_hp_loss":0,"event_name":"NoteForYourself","floor":24,"gold_loss":0},{"cards_removed":["E MP"],"damage_healed":0,"gold_gain":0,"player_choice":"Elegance","damage_taken":0,"max_hp_gain":0,"max_hp_loss":0,"event_name":"Back to Basics","floor":27,"gold_loss":0}],"is_beta":false,"boss_relics":[{"not_picked":["Snecko Eye","RedLine:ReiMu"],"picked":"Black Star"}],"items_purged_floors":[],"is_endless":false,"potions_floor_spawned":[3,10,12,18,21,25],"killed_by":"Shelled Parasite and Fungi","ascension_level":0}}