{"host":"wshh0nphwn6jv7vj","time":1608579194,"event":{"mods":["BaseMod","Bestiary","Minty Spire (QoL Compilation)"],"gold_per_floor":[117,117,137,137,137,137,157,190,190,203,236,43,70,86,86,160,160,177,177,193,209,225,225,259,259,259],"floor_reached":25,"playtime":2213,"items_purged":["Strike_P"],"score":425,"play_id":"4cabfdb9-5707-46ee-8735-6705be035a58","local_time":"20201221143314","is_ascension_mode":true,"campfire_choices":[{"data":"WheelKick","floor":6,"key":"SMITH"},{"data":"LikeWater","floor":15,"key":"SMITH"},{"floor":23,"key":"REST"}],"circlet_count":0,"master_deck":["AscendersBane","Strike_P","Strike_P","Defend_P","Defend_P","Defend_P","Defend_P","Eruption","Vigilance","Perseverance","WheelKick+1","Prostrate","CarveReality","EmptyBody","CutThroughFate","Vault","TalkToTheHand","LikeWater+1","LikeWater","WheelKick","Omniscience","Sanctity+1","Writhe","Worship","FearNoEvil","MentalFortress"],"relics":["SlaversCollar","Letter Opener","MealTicket","Potion Belt","Happy Flower","Snecko Eye","Toy Ornithopter","Ancient Tea Set"],"acts_visited":["Exordium","TheCity"],"potions_floor_usage":[8,16,22],"damage_taken":[{"damage":1,"enemies":"2 Louse","floor":1,"turns":4},{"damage":0,"enemies":"Jaw Worm","floor":3,"turns":4},{"damage":0,"enemies":"Small Slimes","floor":7,"turns":2},{"damage":4,"enemies":"3 Sentries","floor":8,"turns":6},{"damage":3,"enemies":"Blue Slaver","floor":10,"turns":4},{"damage":9,"enemies":"Lagavulin","floor":11,"turns":6},{"damage":4,"enemies":"3 Sentries","floor":13,"turns":9},{"damage":3,"enemies":"2 Fungi Beasts","floor":14,"turns":5},{"damage":15,"enemies":"Hexaghost","floor":16,"turns":12},{"damage":11,"enemies":"3 Byrds","floor":18,"turns":4},{"damage":14,"enemies":"2 Thieves","floor":20,"turns":4},{"damage":11,"enemies":"Shelled Parasite and Fungi","floor":21,"turns":5},{"damage":18,"enemies":"Snecko","floor":22,"turns":5},{"damage":6,"enemies":"Gremlin Leader","floor":24,"turns":8},{"damage":34,"enemies":"Chosen and Byrds","floor":25,"turns":4}],"seed_played":"-3621840845646030469","potions_obtained":[{"floor":3,"key":"BlessingOfTheForge"},{"floor":8,"key":"SpeedPotion"},{"floor":11,"key":"Ancient Potion"},{"floor":13,"key":"StancePotion"},{"floor":20,"key":"AttackPotion"},{"floor":22,"key":"BottledMiracle"}],"is_trial":false,"path_per_floor":["M","?","M","?","?","R","M","E","T","M","E","$","E","M","R","B",null,"M","?","M","M","M","R","E","M"],"character_chosen":"WATCHER","items_purchased":["TalkToTheHand","LikeWater"],"campfire_rested":1,"item_purchase_floors":[12,12],"current_hp_per_floor":[60,60,60,65,65,65,65,61,61,58,49,64,60,57,57,42,65,54,54,40,29,16,37,31,0,0],"gold":259,"neow_bonus":"BOSS_RELIC","is_daily":false,"chose_seed":false,"campfire_upgraded":2,"win_rate":0.0,"timestamp":1608579194,"path_taken":["M","?","M","?","?","R","M","E","T","M","E","$","E","M","R","BOSS","M","?","M","M","M","R","E","M"],"items_purchased_type":["Card","Card"],"build_version":"2020-12-13","purchased_purges":1,"victory":false,"max_hp_per_floor":[68,68,68,73,73,73,73,73,73,73,73,73,73,73,73,73,73,73,73,73,73,73,73,73,73,73],"card_choices":[{"not_picked":["EmptyBody","FlurryOfBlows"],"picked":"Perseverance","floor":1},{"not_picked":["WindmillStrike","MentalFortress"],"picked":"Prostrate","floor":3},{"not_picked":["Wireheading","Pray"],"picked":"CarveReality","floor":7},{"not_picked":["Crescendo","JustLucky"],"picked":"EmptyBody","floor":8},{"not_picked":["ClearTheMind","Protect"],"picked":"CutThroughFate","floor":10},{"not_picked":["Perseverance","Protect"],"picked":"Vault","floor":11},{"not_picked":["Vengeance","MentalFortress"],"picked":"LikeWater","floor":13},{"not_picked":["SashWhip","ForeignInfluence"],"picked":"WheelKick","floor":14},{"not_picked":["Devotion","Wish"],"picked":"Omniscience","floor":16},{"not_picked":["FlyingSleeves","Crescendo"],"picked":"Sanctity+1","floor":18},{"not_picked":["Prostrate","Conclude"],"picked":"Worship","floor":20},{"not_picked":["PathToVictory+1","ForeignInfluence+1","FlyingSleeves"],"picked":"SKIP","floor":21},{"not_picked":["SashWhip","EmptyFist"],"picked":"FearNoEvil","floor":22},{"not_picked":["EmptyBody","EmptyFist"],"picked":"MentalFortress","floor":24}],"player_experience":1460545,"relics_obtained":[{"floor":8,"key":"Letter Opener"},{"floor":9,"key":"MealTicket"},{"floor":11,"key":"Potion Belt"},{"floor":13,"key":"Happy Flower"},{"floor":24,"key":"Ancient Tea Set"}],"event_choices":[{"damage_healed":0,"gold_gain":0,"cards_transformed":["Strike_P"],"player_choice":"Change","damage_taken":0,"max_hp_gain":0,"max_hp_loss":0,"event_name":"Living Wall","floor":2,"gold_loss":0,"cards_obtained":["WheelKick"]},{"damage_healed":0,"gold_gain":0,"player_choice":"Donut","damage_taken":0,"max_hp_gain":5,"max_hp_loss":0,"event_name":"Big Fish","floor":4,"gold_loss":0},{"damage_healed":0,"gold_gain":0,"player_choice":"Ignored","damage_taken":0,"max_hp_gain":0,"max_hp_loss":0,"event_name":"Liars Game","floor":5,"gold_loss":0},{"damage_healed":0,"gold_gain":0,"player_choice":"Opened","damage_taken":0,"relics_obtained":["Toy Ornithopter"],"max_hp_gain":0,"max_hp_loss":0,"event_name":"The Mausoleum","floor":19,"gold_loss":0,"cards_obtained":["Writhe"]}],"is_beta":false,"boss_relics":[{"not_picked":["VioletLotus","Tiny House"],"picked":"Snecko Eye"}],"items_purged_floors":[12],"is_endless":false,"potions_floor_spawned":[3,8,11,13,20,22],"killed_by":"Chosen and Byrds","ascension_level":15}}