{"host":"x1qj4d8ympd5jdqh","time":1608549024,"event":{"mods":["AchievementEnabler","AlwaysNeverKeys","BaseMod","Colored Map","Custom Start","DeckTracker","Highlight Path","Minty Spire (QoL Compilation)","StSLib","SuperFastMode"],"gold_per_floor":[115,125,50,50,50,80,100,100,123,123,157,11,43,343,343,343,343],"floor_reached":16,"playtime":296,"items_purged":["Strike_R","Strike_R"],"score":278,"play_id":"1b727148-e52c-4e31-b22a-c5252ed01ab4","local_time":"20201221201024","is_ascension_mode":true,"campfire_choices":[{"data":"Wild Strike","floor":8,"key":"SMITH"},{"data":"Bash","floor":10,"key":"SMITH"},{"floor":15,"key":"REST"}],"circlet_count":0,"master_deck":["AscendersBane","Strike_R","Strike_R","Defend_R","Defend_R","Defend_R","Defend_R","Bash+1","Wild Strike+1","Headbutt","Shrug It Off"],"relics":["Burning Blood","NeowsBlessing","Vajra","Odd Mushroom","Red Skull","MawBank","Bag of Preparation","Old Coin"],"acts_visited":["Exordium"],"potions_floor_usage":[7,13],"damage_taken":[{"damage":0.0,"enemies":"Small Slimes","floor":1.0,"turns":1.0},{"damage":0.0,"enemies":"2 Louse","floor":2.0,"turns":1.0},{"damage":0,"enemies":"3 Sentries","floor":6,"turns":1},{"damage":38,"enemies":"The Mushroom Lair","floor":7,"turns":5},{"damage":25,"enemies":"Lagavulin","floor":11,"turns":6},{"damage":8,"enemies":"Gremlin Nob","floor":13,"turns":3},{"damage":42,"enemies":"The Guardian","floor":16,"turns":13}],"seed_played":"-2008289610697554490","potions_obtained":[{"floor":2.0,"key":"AttackPotion"},{"floor":6,"key":"FearPotion"}],"is_trial":false,"path_per_floor":["M","M","$","?","?","E","?","R","T","R","E","$","E","?","R","B"],"character_chosen":"IRONCLAD","items_purchased":["Headbutt"],"campfire_rested":1,"item_purchase_floors":[12],"current_hp_per_floor":[74,75,75,75,75,75,43,43,43,43,24,24,22,22,44,2,2],"gold":343,"neow_bonus":"THREE_ENEMY_KILL","is_daily":false,"chose_seed":false,"campfire_upgraded":2,"win_rate":0.0,"timestamp":1608549024,"path_taken":["M","M","$","?","?","E","?","R","T","R","E","$","E","?","R","BOSS"],"items_purchased_type":["Card"],"build_version":"2020-12-13","purchased_purges":2,"victory":false,"max_hp_per_floor":[75,75,75,75,75,75,75,75,75,75,75,75,75,75,75,75,75],"card_choices":[{"not_picked":["Warcry","Shockwave"],"picked":"Spot Weakness","floor":1.0},{"not_picked":["Clothesline","Flex","Searing Blow"],"picked":"SKIP","floor":2.0},{"not_picked":["Armaments","Perfected Strike","Sever Soul"],"picked":"SKIP","floor":6},{"not_picked":["Clothesline","Havoc"],"picked":"Wild Strike","floor":7},{"not_picked":["True Grit","Thunderclap","Combust"],"picked":"SKIP","floor":11},{"not_picked":["Flex","Infernal Blade"],"picked":"Shrug It Off","floor":13}],"player_experience":1258128,"relics_obtained":[{"floor":6,"key":"Vajra"},{"floor":7,"key":"Odd Mushroom"},{"floor":9,"key":"Red Skull"},{"floor":11,"key":"MawBank"},{"floor":13,"key":"Bag of Preparation"}],"event_choices":[{"damage_healed":0.0,"max_hp_gain":0.0,"max_hp_loss":0.0,"gold_gain":0.0,"event_name":"Liars Game","player_choice":"Ignored","floor":4.0,"gold_loss":0.0,"damage_taken":0.0},{"cards_removed":["Strike_R"],"damage_healed":0,"gold_gain":0,"player_choice":"Forget","damage_taken":0,"max_hp_gain":0,"max_hp_loss":0,"event_name":"Living Wall","floor":5,"gold_loss":0},{"damage_healed":0,"gold_gain":0,"player_choice":"Fought Mushrooms","damage_taken":0,"max_hp_gain":0,"max_hp_loss":0,"event_name":"Mushrooms","floor":7,"gold_loss":0},{"cards_removed":["Spot Weakness"],"damage_healed":0,"gold_gain":0,"player_choice":"Gave Card","damage_taken":0,"relics_obtained":["Old Coin"],"max_hp_gain":0,"max_hp_loss":0,"event_name":"WeMeetAgain","floor":14,"gold_loss":0}],"is_beta":false,"boss_relics":[],"items_purged_floors":[3,12],"is_endless":false,"potions_floor_spawned":[2,6],"killed_by":"The Guardian","ascension_level":20}}