{"host":"fne7yx97fnz7kq05","time":1608528084,"event":{"mods":["BaseMod","Colored Map","Colored Powertips","Highlight Path","Minty Spire (QoL Compilation)","Relic Stats"],"gold_per_floor":[114,127,127,127,189,215,4,4,29,29,49,76,47,64,64,138,138,152,172,147,157,167,167,193,193,193,193,220,246,19,30,30,102,102,115,128,178,279,279,279],"floor_reached":39,"playtime":1989,"items_purged":["Strike_R"],"score":819,"play_id":"7ed16bbd-2768-42c6-b466-88e62ff7c1e0","local_time":"20201220232124","is_ascension_mode":true,"campfire_choices":[{"data":"Whirlwind","floor":8,"key":"SMITH"},{"data":"Bash","floor":10,"key":"SMITH"},{"data":"Shockwave","floor":15,"key":"SMITH"},{"floor":23,"key":"REST"},{"floor":25,"key":"REST"},{"floor":27,"key":"RECALL"},{"floor":32,"key":"REST"}],"circlet_count":0,"master_deck":["AscendersBane","Strike_R","Strike_R","Strike_R","Defend_R","Defend_R+1","Defend_R","Defend_R+1","Bash+1","Heavy Blade","Anger","Shockwave+1","Whirlwind+1","Armaments+1","Clothesline","Impervious+1","Burning Pact+1","Bloodletting+1","True Grit+1","Impervious+1","Disarm+1","Battle Trance+1","Barricade","Flame Barrier+1","Shrug It Off+1"],"relics":["Burning Blood","Bird Faced Urn","Ancient Tea Set","SsserpentHead","Toxic Egg 2","Chemical X","War Paint","Matryoshka","Happy Flower","Fusion Hammer","Bottled Lightning","Omamori","Strawberry","MawBank","ClockworkSouvenir","Runic Dome","Shovel"],"acts_visited":["Exordium","TheCity","TheBeyond"],"potions_floor_usage":[6,12,22,24,39],"damage_taken":[{"damage":9,"enemies":"Jaw Worm","floor":1,"turns":4},{"damage":9,"enemies":"Small Slimes","floor":2,"turns":4},{"damage":0,"enemies":"Cultist","floor":5,"turns":2},{"damage":30,"enemies":"3 Sentries","floor":6,"turns":8},{"damage":4,"enemies":"Blue Slaver","floor":11,"turns":3},{"damage":9,"enemies":"Lagavulin","floor":12,"turns":5},{"damage":2,"enemies":"Red Slaver","floor":14,"turns":2},{"damage":20,"enemies":"The Guardian","floor":16,"turns":10},{"damage":0,"enemies":"Spheric Guardian","floor":18,"turns":3},{"damage":8,"enemies":"3 Byrds","floor":19,"turns":3},{"damage":8,"enemies":"Snake Plant","floor":21,"turns":4},{"damage":23,"enemies":"Cultist and Chosen","floor":22,"turns":7},{"damage":9,"enemies":"Slavers","floor":24,"turns":5},{"damage":10,"enemies":"Gremlin Leader","floor":28,"turns":4},{"damage":3,"enemies":"Snecko","floor":29,"turns":3},{"damage":3,"enemies":"Sentry and Sphere","floor":31,"turns":1},{"damage":64,"enemies":"Automaton","floor":33,"turns":11},{"damage":3,"enemies":"Orb Walker","floor":35,"turns":6},{"damage":33,"enemies":"3 Shapes","floor":36,"turns":4},{"damage":16,"enemies":"2 Orb Walkers","floor":38,"turns":4},{"damage":51,"enemies":"Transient","floor":39,"turns":5}],"seed_played":"-2465473165711410251","potions_obtained":[{"floor":2,"key":"Weak Potion"},{"floor":5,"key":"LiquidMemories"},{"floor":11,"key":"Regen Potion"},{"floor":14,"key":"SmokeBomb"},{"floor":16,"key":"BloodPotion"},{"floor":19,"key":"ColorlessPotion"},{"floor":22,"key":"Swift Potion"},{"floor":24,"key":"Explosive Potion"},{"floor":35,"key":"FearPotion"}],"is_trial":false,"path_per_floor":["M","M","?","?","M","E","$","R","T","R","M","E","?","M","R","B",null,"M","M","?","M","M","R","E","R","T","R","E","M","$","M","R","B",null,"M","M","?","?","M"],"character_chosen":"IRONCLAD","items_purchased":["Chemical X","Armaments+1","ClockworkSouvenir"],"campfire_rested":3,"item_purchase_floors":[7,7,30],"current_hp_per_floor":[65,62,57,57,63,39,39,39,39,39,41,38,38,42,42,28,58,64,62,62,60,43,63,60,68,75,75,71,74,74,75,75,17,61,66,41,41,31,0,0],"gold":279,"neow_bonus":"ONE_RARE_RELIC","is_daily":false,"chose_seed":false,"campfire_upgraded":3,"win_rate":0.0,"timestamp":1608528084,"path_taken":["M","M","?","?","?","E","$","R","T","R","M","E","?","M","R","BOSS","M","M","?","M","M","R","E","R","T","R","E","M","$","M","R","BOSS","M","M","?","?","M"],"items_purchased_type":["Relic","Card","Relic"],"build_version":"2020-12-13","purchased_purges":1,"victory":false,"max_hp_per_floor":[68,68,68,68,68,68,68,68,68,68,68,68,68,68,68,68,68,68,68,68,68,68,68,68,68,75,75,75,75,75,75,75,75,75,75,75,75,75,75,75],"relic_stats":{"SsserpentHead":250,"Shovel":0,"Happy Flower":[24],"counters":[21,98],"Bird Faced Urn":[6],"Chemical X":[26],"War Paint":["Defend_R","Defend_R"],"MawBank":24,"obtain_stats":[{"Happy Flower":13,"Omamori":26,"War Paint":9,"Ancient Tea Set":3,"MawBank":28,"Burning Blood":0,"ClockworkSouvenir":30,"SsserpentHead":4,"Runic Dome":34,"Matryoshka":12,"Shovel":38,"Bird Faced Urn":0,"Strawberry":26,"Fusion Hammer":17,"Chemical X":7,"Bottled Lightning":24,"Toxic Egg 2":6},{"Happy Flower":6,"Omamori":13,"War Paint":4,"Ancient Tea Set":2,"MawBank":14,"Burning Blood":0,"ClockworkSouvenir":15,"SsserpentHead":2,"Runic Dome":17,"Matryoshka":6,"Shovel":20,"Bird Faced Urn":0,"Strawberry":13,"Fusion Hammer":8,"Chemical X":4,"Bottled Lightning":13,"Toxic Egg 2":4},{"Happy Flower":26,"Omamori":60,"War Paint":18,"Ancient Tea Set":8,"MawBank":64,"Burning Blood":0,"ClockworkSouvenir":67,"SsserpentHead":8,"Runic Dome":79,"Matryoshka":26,"Shovel":93,"Bird Faced Urn":0,"Strawberry":60,"Fusion Hammer":38,"Chemical X":18,"Bottled Lightning":60,"Toxic Egg 2":18}],"Burning Blood":118},"card_choices":[{"not_picked":["Fire Breathing","Blood for Blood"],"picked":"Heavy Blade","floor":1},{"not_picked":["Wild Strike","Feel No Pain"],"picked":"Anger","floor":2},{"not_picked":["Rupture","Heavy Blade"],"picked":"Shockwave","floor":5},{"not_picked":["Sever Soul","Infernal Blade+1"],"picked":"Whirlwind","floor":6},{"not_picked":["Burning Pact+1","Rage+1","Exhume+1"],"picked":"SKIP","floor":11},{"not_picked":["Armaments+1","Feel No Pain","Cleave"],"picked":"SKIP","floor":12},{"not_picked":["Clash","Havoc+1"],"picked":"Clothesline","floor":14},{"not_picked":["Demon Form","Berserk"],"picked":"Impervious+1","floor":16},{"not_picked":["Clash","Sever Soul","Flame Barrier+1"],"picked":"SKIP","floor":18},{"not_picked":["Hemokinesis","Evolve"],"picked":"Burning Pact+1","floor":19},{"not_picked":["Pommel Strike+1","Anger"],"picked":"Bloodletting+1","floor":21},{"not_picked":["Reckless Charge","Clash"],"picked":"True Grit+1","floor":22},{"not_picked":["Infernal Blade+1","Headbutt","Shockwave+1"],"picked":"SKIP","floor":24},{"not_picked":["Limit Break+1","Dropkick"],"picked":"Impervious+1","floor":28},{"not_picked":["Iron Wave+1","Cleave"],"picked":"Disarm+1","floor":29},{"not_picked":["Clothesline","Perfected Strike"],"picked":"Battle Trance+1","floor":31},{"not_picked":["Bludgeon","Feed"],"picked":"Barricade","floor":33},{"not_picked":["Clash+1","Heavy Blade","Intimidate+1"],"picked":"SKIP","floor":35},{"not_picked":["Thunderclap","Combust"],"picked":"Flame Barrier+1","floor":36},{"not_picked":["Perfected Strike","Flex+1"],"picked":"Shrug It Off+1","floor":38}],"player_experience":110642,"relics_obtained":[{"floor":6,"key":"Toxic Egg 2"},{"floor":9,"key":"War Paint"},{"floor":12,"key":"Matryoshka"},{"floor":24,"key":"Bottled Lightning"},{"floor":26,"key":"Omamori"},{"floor":26,"key":"Strawberry"},{"floor":28,"key":"MawBank"},{"floor":38,"key":"Shovel"}],"event_choices":[{"damage_healed":0,"gold_gain":0,"player_choice":"Success","damage_taken":5,"relics_obtained":["Ancient Tea Set"],"max_hp_gain":0,"max_hp_loss":0,"event_name":"Scrap Ooze","floor":3,"gold_loss":0},{"damage_healed":0,"gold_gain":0,"player_choice":"Trade","damage_taken":0,"relics_obtained":["SsserpentHead"],"max_hp_gain":0,"max_hp_loss":0,"event_name":"FaceTrader","floor":4,"gold_loss":0},{"damage_healed":0,"gold_gain":0,"player_choice":"Paid Gold","damage_taken":0,"relics_obtained":["Happy Flower"],"max_hp_gain":0,"max_hp_loss":0,"event_name":"WeMeetAgain","floor":13,"gold_loss":79},{"cards_removed":["Strike_R"],"damage_healed":0,"gold_gain":0,"player_choice":"Gave Gold","damage_taken":0,"max_hp_gain":0,"max_hp_loss":0,"event_name":"Beggar","floor":20,"gold_loss":75},{"damage_healed":0,"gold_gain":0,"player_choice":"Ignored","damage_taken":0,"max_hp_gain":0,"max_hp_loss":0,"event_name":"Tomb of Lord Red Mask","floor":37,"gold_loss":0},{"damage_healed":0,"gold_gain":0,"player_choice":"Fight","damage_taken":0,"max_hp_gain":0,"max_hp_loss":0,"event_name":"Mysterious Sphere","floor":38,"gold_loss":0}],"is_beta":false,"boss_relics":[{"not_picked":["Empty Cage","Coffee Dripper"],"picked":"Fusion Hammer"},{"not_picked":["Tiny House","Busted Crown"],"picked":"Runic Dome"}],"items_purged_floors":[30],"is_endless":false,"potions_floor_spawned":[2,5,11,14,16,19,21,22,24,35],"killed_by":"Transient","ascension_level":18}}