{"host":"6jcxerjfmuawfds2","time":1608545545,"event":{"mods":["BaseMod","Colored Map","Lobotomy","Minty Spire (QoL Compilation)","StSLib","The Poker Player"],"gold_per_floor":[119,119,69,144,0,33,33,33,56,87,102,115,128,148,148,148,148,148],"floor_reached":16,"playtime":530,"items_purged":[],"score":138,"play_id":"d5c5589f-5896-45ae-bb21-f3a34f56cc19","local_time":"20201221191225","is_ascension_mode":true,"metric_token":414,"campfire_choices":[{"data":"PokerPlayerMod:Club2","floor":7,"key":"SMITH"},{"data":"PokerPlayerMod:Club3","floor":15,"key":"SMITH"}],"circlet_count":0,"master_deck":["PokerPlayerMod:Diamond2","PokerPlayerMod:Diamond3","PokerPlayerMod:Diamond4","PokerPlayerMod:Diamond5","PokerPlayerMod:Spade2","PokerPlayerMod:Spade3","PokerPlayerMod:Spade4","PokerPlayerMod:Club1","PokerPlayerMod:Club4","PokerPlayerMod:Heart2","PokerPlayerMod:TrumpStrike","PokerPlayerMod:BadJoker","PokerPlayerMod:Mulligan","Scorched","PokerPlayerMod:Spade3","LaLuna","PokerPlayerMod:Harden","LongBird","Woodsman","PokerPlayerMod:Club4","HappyTeddy","MHz","PokerPlayerMod:Club4","FairyFestival","PokerPlayerMod:Spade4"],"relics":["PokerPlayerMod:DeckCase","CogitoBucket","Toy Ornithopter","Eternal Feather","Bronze Scales","Meat on the Bone","Theresia"],"acts_visited":["Exordium"],"potions_floor_usage":[16,16],"damage_taken":[{"damage":0,"enemies":"2 Louse","floor":1,"turns":2},{"damage":12,"enemies":"Gremlin Nob","floor":6,"turns":4},{"damage":14,"enemies":"Lagavulin","floor":10,"turns":5},{"damage":5,"enemies":"Small Slimes","floor":11,"turns":2},{"damage":36,"enemies":"Cultist","floor":12,"turns":3},{"damage":5,"enemies":"Exordium Wildlife","floor":13,"turns":2},{"damage":9,"enemies":"Exordium Thugs","floor":14,"turns":3},{"damage":68,"enemies":"The Guardian","floor":16,"turns":6}],"seed_played":"-8086258473007182649","potions_obtained":[{"floor":10,"key":"Weak Potion"},{"floor":11,"key":"LiquidBronze"},{"floor":12,"key":"SpeedPotion"}],"is_trial":false,"path_per_floor":["M","?","?","?","$","E","R","?","T","E","M","M","M","M","R","B"],"character_chosen":"THE_POKER_PLAYER","items_purchased":["Toy Ornithopter"],"campfire_rested":0,"item_purchase_floors":[5],"current_hp_per_floor":[52,52,52,41,41,31,40,40,40,29,36,20,35,40,52,0,0,0],"gold":148,"neow_bonus":"","is_daily":false,"chose_seed":false,"campfire_upgraded":2,"win_rate":0.0,"timestamp":1608545545,"path_taken":["M","?","?","?","$","E","R","?","T","E","?","M","M","M","R","BOSS"],"items_purchased_type":["Relic"],"build_version":"2020-12-13","purchased_purges":0,"victory":false,"max_hp_per_floor":[52,52,52,52,52,52,52,52,52,52,52,52,52,52,52,52,52,52],"card_choices":[{"not_picked":["Murderer","SpiderBud"],"picked":"Scorched","floor":1},{"not_picked":["PokerPlayerMod:FlyingCard","PokerPlayerMod:ClubsClub","PokerPlayerMod:Extraction"],"picked":"SKIP","floor":1},{"not_picked":["NothingThere","Scarecrow"],"picked":"LaLuna","floor":6},{"not_picked":["PokerPlayerMod:Club10+","PokerPlayerMod:Diamond8"],"picked":"PokerPlayerMod:Harden","floor":6},{"not_picked":["Murderer","CherryBlossoms"],"picked":"LongBird","floor":10},{"not_picked":["PokerPlayerMod:DiamondStrike","PokerPlayerMod:Fold","PokerPlayerMod:Manipulation"],"picked":"SKIP","floor":10},{"not_picked":["PokerPlayerMod:DiamondStrike","PokerPlayerMod:Fold","PokerPlayerMod:Manipulation"],"picked":"SKIP","floor":10},{"not_picked":["BeautyBeast","Porccubus"],"picked":"Woodsman","floor":11},{"not_picked":["PokerPlayerMod:Extraction","PokerPlayerMod:MagicTrick"],"picked":"PokerPlayerMod:Club3","floor":11},{"not_picked":["LittleHelper","SnowQueen"],"picked":"HappyTeddy","floor":12},{"not_picked":["PokerPlayerMod:JackOfSpades","PokerPlayerMod:Manipulation","PokerPlayerMod:Harden"],"picked":"SKIP","floor":12},{"not_picked":["OldLady","Murderer"],"picked":"MHz","floor":13},{"not_picked":["PokerPlayerMod:Diamond4","PokerPlayerMod:Diamond2"],"picked":"PokerPlayerMod:Club4","floor":13},{"not_picked":["NakedNest","LittlePrince","BeautyBeast"],"picked":"Singing Bowl","floor":14},{"not_picked":["Alriune","MeatLantern"],"picked":"FairyFestival","floor":14},{"not_picked":["PokerPlayerMod:SpadeStrike","PokerPlayerMod:Harden"],"picked":"PokerPlayerMod:Spade4","floor":14}],"player_experience":210051,"relics_obtained":[{"floor":6,"key":"Eternal Feather"},{"floor":9,"key":"Bronze Scales"},{"floor":10,"key":"Meat on the Bone"}],"event_choices":[{"damage_healed":0,"gold_gain":0,"cards_transformed":["PokerPlayerMod:Diamond1"],"player_choice":"Change","damage_taken":0,"max_hp_gain":0,"max_hp_loss":0,"event_name":"Living Wall","floor":2,"gold_loss":0,"cards_obtained":["PokerPlayerMod:Spade3"]},{"cards_removed":["PokerPlayerMod:Spade1"],"damage_healed":0,"gold_gain":0,"player_choice":"Card Removal","damage_taken":0,"max_hp_gain":0,"max_hp_loss":0,"event_name":"The Cleric","floor":3,"gold_loss":50},{"damage_healed":0,"gold_gain":75,"player_choice":"Gather Gold","damage_taken":11,"max_hp_gain":0,"max_hp_loss":0,"event_name":"World of Goop","floor":4,"gold_loss":0},{"damage_healed":0,"gold_gain":0,"player_choice":"Forge","damage_taken":0,"max_hp_gain":0,"max_hp_loss":0,"event_name":"Accursed Blacksmith","floor":8,"gold_loss":0,"cards_upgraded":["PokerPlayerMod:Club4"]}],"is_beta":false,"boss_relics":[],"items_purged_floors":[],"is_endless":false,"potions_floor_spawned":[10,11,12],"killed_by":"The Guardian","ascension_level":5}}