{"host":"r3d3rfw8zyydmocx","time":1608540444,"event":{"mods":["Aspiration","BaseMod","Better Third Choice","Colored Powertips","Conspire","Downfall","Hermit","Highlight Path","Hubris","Minty Spire (QoL Compilation)","StSLib","The Hierophant","The Servant 0.9.4"],"gold_per_floor":[99,115,115,290,317,317,367,367,400,412,427,437,45,45,63,161,161,86,97,114,114,132,67,67,98,183,211,211,211],"floor_reached":28,"playtime":2457,"items_purged":["Doubt","Strike_S"],"score":291,"play_id":"81b46344-201e-468a-beb9-5556cff0f2f6","local_time":"20201221004724","is_ascension_mode":false,"campfire_choices":[{"data":"KidneyShot","floor":1.0,"key":"SMITH"},{"data":"FlawlessForm","floor":3.0,"key":"SMITH"},{"data":"InstantArmor","floor":8.0,"key":"SMITH"},{"data":"Potential","floor":18,"key":"SMITH"},{"data":"BestPractice","floor":21,"key":"SMITH"}],"circlet_count":0,"master_deck":["Strike_S","Strike_S","Strike_S","Defend_S","Defend_S","Defend_S","Defend_S","KidneyShot+1","Exchange","FlawlessForm+1","Comet","InstantArmor+1","BestPractice+1","StarChef","Sunlight","Snipe","expansioncontent:Corrupt+1","Potential+1","MurderousAura","SilverBlades","RealityMarble","BottledTime","Advance","Revamp+1"],"relics":["Uniform","hubris:CrystalStatue","Smiling Mask","Question Card","aspiration:Lifesprig","aspiration:SecretTechniqueScroll","downfall:HeartBlessingGreen","hubris:Reverence","Incense Burner","Nunchaku"],"acts_visited":["Exordium","TheCity"],"potions_floor_usage":[16],"damage_taken":[{"damage":2.0,"enemies":"2 Louse","floor":2.0,"turns":4.0},{"damage":19.0,"enemies":"Gremlin Nob","floor":5.0,"turns":6.0},{"damage":22.0,"enemies":"3 Sentries","floor":9.0,"turns":15.0},{"damage":0.0,"enemies":"Small Slimes","floor":10.0,"turns":2.0},{"damage":0.0,"enemies":"conspire:RoseBush","floor":11.0,"turns":3.0},{"damage":1.0,"enemies":"Lots of Slimes","floor":12.0,"turns":3.0},{"damage":0,"enemies":"downfall:FleeingMerchant","floor":13,"turns":4},{"damage":0,"enemies":"Blue Slaver","floor":15,"turns":5},{"damage":23,"enemies":"downfall:Silent","floor":16,"turns":9},{"damage":0,"enemies":"3 Byrds","floor":19,"turns":6},{"damage":18,"enemies":"Snake Plant","floor":20,"turns":5},{"damage":1,"enemies":"Snecko","floor":22,"turns":5},{"damage":1,"enemies":"downfall:FleeingMerchant","floor":23,"turns":4},{"damage":22,"enemies":"Book of Stabbing","floor":25,"turns":6},{"damage":0,"enemies":"conspire:Head Lice","floor":27,"turns":5},{"damage":22,"enemies":"Sentry and Sphere","floor":28,"turns":5}],"seed_played":"7411912928121811453","potions_obtained":[{"floor":9.0,"key":"Explosive Potion"},{"floor":11.0,"key":"AttackPotion"},{"floor":16,"key":"SkillPotion"},{"floor":20,"key":"Dexterity Potion"}],"is_trial":false,"path_per_floor":["R","M","R","?","E","?","T","R","E","M","M","M","$","?","M","B",null,"R","M","M","R","M","$","T","E","?","E","M"],"character_chosen":"THE_SERVANT","items_purchased":["aspiration:Lifesprig","expansioncontent:Corrupt"],"campfire_rested":0,"item_purchase_floors":[13,13],"current_hp_per_floor":[65,63,63,63,44,49,49,49,27,27,27,26,26,26,26,3,70,70,70,52,52,51,50,50,28,18,18,0,0],"gold":211,"neow_bonus":"ONE_RANDOM_RARE_CARD","is_daily":false,"chose_seed":false,"campfire_upgraded":5,"win_rate":0.0,"timestamp":1608540444,"path_taken":["R","M","R","?","E","?","T","R","E","M","M","M","$","?","M","BOSS","R","M","M","R","?","$","T","E","?","E","M"],"items_purchased_type":["Relic","Card"],"build_version":"2020-12-13","purchased_purges":2,"victory":false,"max_hp_per_floor":[65,65,65,65,65,70,70,70,70,70,70,70,70,70,70,70,70,70,70,70,70,70,70,70,70,70,70,70,70],"card_choices":[{"not_picked":["Spin","Unruled"],"picked":"Comet","floor":2.0},{"not_picked":["Starlight","Revamp"],"picked":"InstantArmor","floor":5.0},{"not_picked":["FanOfKnives","ShatteredReality"],"picked":"BestPractice","floor":9.0},{"not_picked":["Alleviate","ShatteredReality","Spin"],"picked":"StarChef","floor":10.0},{"not_picked":["Revamp","Barrier","ReturningBlade"],"picked":"Sunlight","floor":11.0},{"not_picked":["StarChef","Ricochet","SpecialFormula"],"picked":"Snipe","floor":12.0},{"not_picked":["Misdirection","Ricochet","Rewind","Revamp"],"picked":"SKIP","floor":13},{"not_picked":["Defy","Alleviate","Rearm"],"picked":"Potential","floor":15},{"not_picked":["Sunlight","FlawlessForm","Initiator"],"picked":"MurderousAura","floor":16},{"not_picked":["ShatteredReality+1","Rewind","RealityMarble"],"picked":"SilverBlades","floor":19},{"not_picked":["Unruled","Moonlight+1","Defy"],"picked":"RealityMarble","floor":20},{"not_picked":["Misdirection","Desolation","Starlight+1"],"picked":"BottledTime","floor":22},{"not_picked":["BottledTime","DoubleEdge","Spin"],"picked":"Advance","floor":23},{"not_picked":["FanOfKnives","ShiftingGears+1","Collapse","Rewind+1"],"picked":"SKIP","floor":25},{"not_picked":["Luminosity","Advance","Rewind+1"],"picked":"Revamp+1","floor":27}],"player_experience":526931,"relics_obtained":[{"floor":5.0,"key":"hubris:CrystalStatue"},{"floor":7.0,"key":"Smiling Mask"},{"floor":9.0,"key":"Question Card"},{"floor":24,"key":"hubris:Reverence"},{"floor":25,"key":"Incense Burner"},{"floor":27,"key":"Nunchaku"}],"event_choices":[{"damage_healed":0.0,"max_hp_gain":5.0,"max_hp_loss":0.0,"gold_gain":0.0,"event_name":"Big Fish","player_choice":"Donut","floor":6.0,"gold_loss":0.0,"damage_taken":0.0},{"damage_healed":0,"gold_gain":0,"player_choice":"Forge","damage_taken":0,"max_hp_gain":0,"max_hp_loss":0,"event_name":"Accursed Blacksmith","floor":14,"gold_loss":0,"cards_upgraded":["expansioncontent:Corrupt"]}],"is_beta":false,"boss_relics":[{"not_picked":["hubris:VirtuousBlindfold","SacredBark"],"picked":"aspiration:SecretTechniqueScroll"}],"items_purged_floors":[13,23],"is_endless":false,"potions_floor_spawned":[9,11,16,20,25],"killed_by":"Sentry and Sphere","ascension_level":0}}