{"host":"2qv44oxt58ptq59r","time":1608575686,"event":{"mods":["AchievementEnabler","BaseMod","Colored Powertips","Highlight Path","Minty Spire (QoL Compilation)","Permanent Neow","StSLib"],"gold_per_floor":[114,189,19,30,50,84,84,98,98,111,43,43,43,55,55,151,151,170,14,29,44,63,63,75,75,102,30,30,30,46,46,46,46,46],"floor_reached":33,"playtime":6792,"items_purged":[],"score":249,"play_id":"0ac567e2-af76-4fe9-9da0-30e01096ee1d","local_time":"20201221183446","is_ascension_mode":false,"campfire_choices":[{"data":"Seeing Red","floor":7.0,"key":"SMITH"},{"data":"Uppercut","floor":12.0,"key":"SMITH"},{"data":"Armaments","floor":15.0,"key":"SMITH"},{"floor":23,"key":"REST"},{"floor":25,"key":"REST"},{"floor":29,"key":"REST"},{"floor":32,"key":"REST"}],"circlet_count":0,"master_deck":["Strike_R","Strike_R","Strike_R","Strike_R","Defend_R","Defend_R","Defend_R","Defend_R","Bash+1","Armaments+1","Uppercut+1","Dark Shackles","Seeing Red+1","Clothesline","Inflame","Barricade","Fire Breathing","Disarm+1","Sentinel+1","True Grit+1","Warcry+1"],"relics":["Burning Blood","Meat on the Bone","SacredBark","Bronze Scales","Regal Pillow"],"acts_visited":["Exordium","TheCity"],"potions_floor_usage":[21,22,33,33],"damage_taken":[{"damage":5.0,"enemies":"2 Louse","floor":1.0,"turns":3.0},{"damage":0.0,"enemies":"Cultist","floor":4.0,"turns":4.0},{"damage":0.0,"enemies":"Small Slimes","floor":5.0,"turns":2.0},{"damage":13.0,"enemies":"Gremlin Nob","floor":6.0,"turns":5.0},{"damage":2.0,"enemies":"Looter","floor":8.0,"turns":2.0},{"damage":1.0,"enemies":"2 Fungi Beasts","floor":10.0,"turns":3.0},{"damage":0.0,"enemies":"3 Louse","floor":14.0,"turns":2.0},{"damage":22.0,"enemies":"The Guardian","floor":16.0,"turns":11.0},{"damage":5.0,"enemies":"Chosen","floor":18.0,"turns":4.0},{"damage":5,"enemies":"3 Byrds","floor":20,"turns":3},{"damage":27,"enemies":"Cultist and Chosen","floor":21,"turns":8},{"damage":23,"enemies":"Centurion and Healer","floor":22,"turns":6},{"damage":74,"enemies":"3 Cultists","floor":24,"turns":9},{"damage":21,"enemies":"Cultist and Chosen","floor":30,"turns":9},{"damage":190,"enemies":"Champ","floor":33,"turns":26}],"seed_played":"-1942869573175789918","potions_obtained":[{"floor":5.0,"key":"CultistPotion"},{"floor":6.0,"key":"Weak Potion"},{"floor":13.0,"key":"DistilledChaos"},{"floor":13.0,"key":"FairyPotion"},{"floor":13.0,"key":"SneckoOil"},{"floor":14.0,"key":"SteroidPotion"},{"floor":16.0,"key":"AttackPotion"},{"floor":18.0,"key":"AttackPotion"},{"floor":20,"key":"AttackPotion"},{"floor":30,"key":"Fire Potion"}],"is_trial":false,"path_per_floor":["M","?","$","M","M","E","R","M","T","M","$","R","?","M","R","B",null,"M","$","M","M","M","R","M","R","T","$","?","R","M","?","R","B"],"character_chosen":"IRONCLAD","items_purchased":["Uppercut","Dark Shackles","Inflame","Bronze Scales","Regen Potion"],"campfire_rested":4,"item_purchase_floors":[3,3,11,19,27],"current_hp_per_floor":[80,69,69,75,80,73,73,77,77,80,80,80,80,80,80,64,80,80,80,80,59,54,78,22,46,46,46,46,80,65,65,80,0,0],"gold":46,"neow_bonus":"REMOVE_CARD","is_daily":false,"chose_seed":false,"campfire_upgraded":3,"win_rate":0.0,"timestamp":1608575686,"path_taken":["M","?","$","M","M","E","R","M","T","M","$","R","?","M","R","BOSS","M","?","M","M","M","R","M","R","T","$","?","R","?","?","R","BOSS"],"items_purchased_type":["Card","Card","Card","Relic","Potion"],"build_version":"2020-12-13","purchased_purges":0,"victory":false,"max_hp_per_floor":[80,80,80,80,80,80,80,80,80,80,80,80,80,80,80,80,80,80,80,80,80,80,80,80,80,80,80,80,80,80,80,80,80,80],"card_choices":[{"not_picked":["Cleave","Flex"],"picked":"Armaments","floor":1.0},{"not_picked":["Blood for Blood","Pummel"],"picked":"Seeing Red","floor":4.0},{"not_picked":["Shrug It Off","Armaments","Combust"],"picked":"SKIP","floor":5.0},{"not_picked":["Iron Wave","Thunderclap","Sever Soul"],"picked":"SKIP","floor":6.0},{"not_picked":["Body Slam","Pommel Strike"],"picked":"Clothesline","floor":8.0},{"not_picked":["Infernal Blade","Dropkick","Ghostly Armor"],"picked":"SKIP","floor":10.0},{"not_picked":["Shrug It Off","Infernal Blade","Sever Soul"],"picked":"SKIP","floor":14.0},{"not_picked":["Fiend Fire","Impervious"],"picked":"Barricade","floor":16.0},{"not_picked":["Flex","Wild Strike"],"picked":"Fire Breathing","floor":18.0},{"not_picked":["Iron Wave","Armaments","Perfected Strike"],"picked":"SKIP","floor":20},{"not_picked":["Flex","Pommel Strike"],"picked":"Disarm+1","floor":21},{"not_picked":["Combust+1","Rampage"],"picked":"Sentinel+1","floor":22},{"not_picked":["Iron Wave+1","Wild Strike"],"picked":"True Grit+1","floor":24},{"not_picked":["Perfected Strike","Blood for Blood"],"picked":"Warcry+1","floor":30}],"player_experience":4966924,"relics_obtained":[{"floor":6.0,"key":"Meat on the Bone"},{"floor":26,"key":"Regal Pillow"}],"event_choices":[{"damage_healed":0.0,"max_hp_gain":0.0,"max_hp_loss":0.0,"gold_gain":75.0,"event_name":"World of Goop","player_choice":"Gather Gold","floor":2.0,"gold_loss":0.0,"damage_taken":11.0},{"damage_healed":0.0,"max_hp_gain":0.0,"max_hp_loss":0.0,"gold_gain":0.0,"event_name":"Lab","player_choice":"Got Potions","floor":13.0,"gold_loss":0.0,"damage_taken":0.0},{"damage_healed":0,"gold_gain":0,"player_choice":"Upgraded","damage_taken":0,"max_hp_gain":0,"max_hp_loss":0,"event_name":"Upgrade Shrine","floor":28,"gold_loss":0,"cards_upgraded":["Bash"]}],"is_beta":false,"boss_relics":[{"not_picked":["Velvet Choker","Snecko Eye"],"picked":"SacredBark"}],"items_purged_floors":[],"is_endless":false,"potions_floor_spawned":[5,6,14,16,18,20,30],"killed_by":"Champ","ascension_level":0}}