{"host":"coame8l8goqx0svj","time":1608564850,"event":{"mods":["BaseMod","Downfall","Minty Spire (QoL Compilation)","StSLib"],"gold_per_floor":[99,128,428,109,109,34,61,90,90,121,144,244,160,180,200,296,296,221,232,232,244,244,49,75,75,110,110,210,34,157,174,193,290,290,290,305,321,321,321,321,398,424,349,377,301,318,368,35,49,49,49,80,5,5,5],"floor_reached":56,"playtime":3608,"items_purged":["Slimebound:Icky","hexamod:Strike"],"score":2137,"play_id":"f68a5e22-184d-4283-9139-c41bcde66581","local_time":"20201221163410","is_ascension_mode":true,"campfire_choices":[{"floor":1,"key":"RECALL"},{"data":"hexamod:SoulSteal","floor":6,"key":"SMITH"},{"data":"hexamod:ThermalTransfer","floor":9,"key":"SMITH"},{"data":"hexamod:SearingWound","floor":18,"key":"SMITH"},{"data":"hexamod:SkipABeat","floor":22,"key":"SMITH"},{"data":"hexamod:ThermalTransfer","floor":27,"key":"SMITH"},{"data":"Sadistic Nature","floor":35,"key":"SMITH"},{"data":"hexamod:RadiantFlame","floor":38,"key":"SMITH"},{"floor":43,"key":"REST"},{"floor":54,"key":"REST"}],"circlet_count":0,"master_deck":["hexamod:Defend","hexamod:Defend","hexamod:Defend","hexamod:Defend","hexamod:Sear","hexamod:Float","hexamod:ShieldOfDarkness","hexamod:Toasty","hexamod:SoulSteal+1","hexamod:ThermalTransfer+1","hexamod:WildfireWeapon+1","hexamod:PhantomFireball","hexamod:SkipABeat+1","hexamod:Incineration","hexamod:PhantomFireball","hexamod:SkipABeat","hexamod:SearingWound+1","hexamod:GiftsFromTheDead","hexamod:Firestarter","hexamod:GhostOfSpireFuture+1","Sadistic Nature+1","hexamod:ThermalTransfer+1","hexamod:PhantomCloak","hexamod:RadiantFlame+1","expansioncontent:Flail","hexamod:RadiantFlame+1","hexamod:ExtraCrispy+1","hexamod:ThermalTransfer+1","hexamod:VolcanoVisage","hexamod:ThermalTransfer+1","hexamod:FirstSeal","hexamod:ShieldOfDarkness+1","hexamod:AdvancingGuard+1"],"relics":["hexamod:SpiritBrand","downfall:HeartsMalice","Pantograph","hexamod:InflammatoryLetter","downfall:HeartBlessingRed","Orichalcum","hexamod:BolsterEngine","Lantern","Oddly Smooth Stone","hexamod:IceCube","downfall:HeartBlessingGreen","Omamori","Bottled Flame","Membership Card","Anchor","SlaversCollar","Blood Vial","downfall:HeartBlessingBlue","Nunchaku","Pocketwatch","StrikeDummy"],"acts_visited":["Exordium","TheCity","TheBeyond","TheEnding"],"potions_floor_usage":[12,23,33,42,42,44,50,53,55,55,55],"damage_taken":[{"damage":0,"enemies":"3 Sentries","floor":2,"turns":1},{"damage":0,"enemies":"downfall:FleeingMerchant","floor":4,"turns":1},{"damage":0,"enemies":"downfall:FleeingMerchant","floor":5,"turns":1},{"damage":19,"enemies":"Lagavulin","floor":8,"turns":6},{"damage":21,"enemies":"Gremlin Nob","floor":10,"turns":5},{"damage":0,"enemies":"downfall:Heads","floor":12,"turns":4},{"damage":1,"enemies":"downfall:FleeingMerchant","floor":13,"turns":4},{"damage":0,"enemies":"2 Louse","floor":14,"turns":2},{"damage":0,"enemies":"Jaw Worm","floor":15,"turns":2},{"damage":29,"enemies":"downfall:Ironclad","floor":16,"turns":9},{"damage":0,"enemies":"3 Byrds","floor":19,"turns":5},{"damage":2,"enemies":"Sentry and Sphere","floor":21,"turns":4},{"damage":0,"enemies":"downfall:FleeingMerchant","floor":23,"turns":4},{"damage":1,"enemies":"Book of Stabbing","floor":26,"turns":4},{"damage":0,"enemies":"downfall:FleeingMerchant","floor":29,"turns":4},{"damage":0,"enemies":"downfall:FleeingMerchant","floor":30,"turns":4},{"damage":11,"enemies":"Snake Plant","floor":31,"turns":4},{"damage":1,"enemies":"Centurion and Healer","floor":32,"turns":4},{"damage":1,"enemies":"downfall:Defect","floor":33,"turns":8},{"damage":0,"enemies":"3 Shapes","floor":36,"turns":4},{"damage":0,"enemies":"Orb Walker","floor":37,"turns":3},{"damage":39,"enemies":"Reptomancer","floor":42,"turns":7},{"damage":36,"enemies":"Giant Head","floor":44,"turns":7},{"damage":0,"enemies":"Maw","floor":46,"turns":5},{"damage":26,"enemies":"Mind Bloom Boss Battle","floor":47,"turns":5},{"damage":9,"enemies":"Writhing Mass","floor":49,"turns":5},{"damage":16,"enemies":"downfall:Silent","floor":50,"turns":7},{"damage":65,"enemies":"downfall:CharBossMerchant","floor":52,"turns":8},{"damage":44,"enemies":"downfall:NeowBoss","floor":55,"turns":26}],"seed_played":"-1391623668216488401","potions_obtained":[{"floor":10,"key":"DuplicationPotion"},{"floor":15,"key":"AttackPotion"},{"floor":16,"key":"Weak Potion"},{"floor":21,"key":"hexamod:DoubleChargePotion"},{"floor":31,"key":"LiquidBronze"},{"floor":32,"key":"Dexterity Potion"},{"floor":33,"key":"AttackPotion"},{"floor":36,"key":"Fire Potion"},{"floor":42,"key":"Slimebound:ThreeZeroPotion"},{"floor":47,"key":"hexamod:InfernoChargePotion"}],"is_trial":false,"path_per_floor":["R","E","?","$","$","R","T","E","R","E","T","?","$","M","M","B",null,"R","M","?","M","R","$","T","?","E","R","?","$","$","M","M","B",null,"R","M","M","R","?","?","T","E","R","E","$","M","?","?","M","B",null,"E","$","R","B",null],"character_chosen":"THE_SPIRIT","items_purchased":["hexamod:InflammatoryLetter","hexamod:Incineration","Sadistic Nature","hexamod:RadiantFlame","expansioncontent:Flail","Membership Card","Anchor","Dexterity Potion","Fruit Juice","Weak Potion"],"campfire_rested":2,"item_purchase_floors":[4,13,23,29,29,30,30,45,53,53],"current_hp_per_floor":[70,70,70,70,70,70,70,51,51,30,30,30,29,29,29,25,70,70,70,70,68,68,68,68,68,67,67,67,67,67,56,55,69,70,70,70,70,70,70,70,70,31,65,38,38,47,55,90,88,74,90,32,37,65,48],"gold":5,"neow_bonus":"THREE_ENEMY_KILL","is_daily":false,"chose_seed":false,"campfire_upgraded":7,"win_rate":0.0,"timestamp":1608564850,"path_taken":["R","E","?","?","$","R","T","E","R","E","?","?","$","M","M","BOSS","R","M","?","M","R","$","T","?","E","R","?","?","$","M","M","BOSS","R","?","M","R","?","?","T","E","R","E","$","?","?","?","M","BOSS","E","$","R","BOSS"],"items_purchased_type":["Relic","Card","Card","Card","Card","Relic","Relic","Potion","Potion","Potion"],"build_version":"2020-12-13","purchased_purges":2,"victory":true,"max_hp_per_floor":[70,70,70,70,70,70,70,70,70,70,70,70,70,70,70,70,70,70,70,70,70,70,70,70,70,70,70,70,70,70,70,70,70,70,70,70,70,70,70,70,70,70,80,80,80,80,80,90,90,90,90,90,95,95,95],"card_choices":[{"not_picked":["hexamod:GhostOfSpirePresent","hexamod:GhostLash"],"picked":"hexamod:ShieldOfDarkness","floor":2},{"not_picked":["hexamod:FastForward","hexamod:GhostShield"],"picked":"hexamod:Toasty","floor":4},{"not_picked":["hexamod:BacktrackSmack","hexamod:BurningTouch"],"picked":"hexamod:SoulSteal","floor":5},{"not_picked":["hexamod:ParanormalForm","hexamod:GhostLash"],"picked":"hexamod:ThermalTransfer","floor":8},{"not_picked":["hexamod:GhostLash","hexamod:RainOfEmbers"],"picked":"hexamod:WildfireWeapon","floor":10},{"not_picked":["hexamod:ApocalypseNow","hexamod:InspiringFlames"],"picked":"hexamod:SkipABeat","floor":13},{"not_picked":["hexamod:BacktrackSmack","hexamod:HeatCrush"],"picked":"hexamod:PhantomFireball","floor":14},{"not_picked":["hexamod:ShieldOfDarkness","hexamod:NightmareGuise"],"picked":"hexamod:SkipABeat","floor":15},{"not_picked":["hexamod:CrushingStance","hexamod:GhostflameInferno"],"picked":"hexamod:SearingWound","floor":16},{"not_picked":["hexamod:SpectersWail","hexamod:PhantomFireball","hexamod:HauntingEcho"],"picked":"SKIP","floor":19},{"not_picked":["hexamod:RainOfEmbers","hexamod:FastForward","hexamod:GhostOfSpirePresent"],"picked":"SKIP","floor":21},{"not_picked":["hexamod:DynamicBlow","hexamod:InspiringFlames+1"],"picked":"hexamod:GhostOfSpireFuture+1","floor":23},{"not_picked":["hexamod:SpectersWail","hexamod:GhostOfSpirePresent"],"picked":"hexamod:ThermalTransfer","floor":26},{"not_picked":["hexamod:HauntingEcho","hexamod:ShieldOfDarkness"],"picked":"hexamod:PhantomCloak","floor":29},{"not_picked":["hexamod:BacktrackSmack","hexamod:NightmareStrike"],"picked":"hexamod:RadiantFlame","floor":30},{"not_picked":["hexamod:DynamicBlow+1","hexamod:SpectersWail+1"],"picked":"hexamod:ExtraCrispy+1","floor":31},{"not_picked":["hexamod:SpectralAdrenaline","hexamod:FastForward+1"],"picked":"hexamod:ThermalTransfer+1","floor":32},{"not_picked":["hexamod:ParanormalForm","hexamod:ApocalypticArmor"],"picked":"hexamod:VolcanoVisage","floor":33},{"not_picked":["hexamod:NightmareGuise+1","hexamod:Incineration"],"picked":"hexamod:ThermalTransfer+1","floor":36},{"not_picked":["hexamod:SpectralSpark","hexamod:BacktrackSmack","hexamod:SwordOfDarkness"],"picked":"SKIP","floor":37},{"not_picked":["hexamod:InspiringFlames+1","hexamod:GhostShield"],"picked":"hexamod:FirstSeal","floor":42},{"not_picked":["hexamod:BurningTouch+1","hexamod:GhostLash+1","hexamod:GhostShield+1"],"picked":"SKIP","floor":44},{"not_picked":["hexamod:InspiringFlames","hexamod:StepThrough+1","hexamod:NightmareGuise+1"],"picked":"SKIP","floor":46},{"not_picked":["hexamod:UnleashSpirits","hexamod:SpectersWail"],"picked":"hexamod:ShieldOfDarkness+1","floor":47},{"not_picked":["hexamod:BacktrackSmack","hexamod:FirstSeal","hexamod:Hexaguard"],"picked":"SKIP","floor":49},{"not_picked":["hexamod:FastForward+1","hexamod:NightmareStrike+1"],"picked":"hexamod:AdvancingGuard+1","floor":52}],"player_experience":1707577,"relics_obtained":[{"floor":2,"key":"Pantograph"},{"floor":7,"key":"Orichalcum"},{"floor":8,"key":"hexamod:BolsterEngine"},{"floor":10,"key":"Lantern"},{"floor":11,"key":"Oddly Smooth Stone"},{"floor":24,"key":"Omamori"},{"floor":26,"key":"Bottled Flame"},{"floor":42,"key":"Blood Vial"},{"floor":44,"key":"Nunchaku"},{"floor":47,"key":"Pocketwatch"},{"floor":52,"key":"StrikeDummy"}],"event_choices":[{"damage_healed":0,"gold_gain":0,"cards_transformed":["hexamod:Strike","hexamod:Strike"],"player_choice":"Became Test Subject","damage_taken":0,"max_hp_gain":0,"max_hp_loss":0,"event_name":"Drug Dealer","floor":20,"gold_loss":0,"cards_obtained":["hexamod:GiftsFromTheDead","hexamod:Firestarter"]},{"damage_healed":0,"gold_gain":0,"player_choice":"Upgraded","damage_taken":0,"max_hp_gain":0,"max_hp_loss":0,"event_name":"Upgrade Shrine","floor":40,"gold_loss":0,"cards_upgraded":["hexamod:RadiantFlame"]}],"is_beta":false,"boss_relics":[{"not_picked":["Philosopher\u0027s Stone","Calling Bell"],"picked":"hexamod:IceCube"},{"not_picked":["SacredBark","Velvet Choker"],"picked":"SlaversCollar"}],"items_purged_floors":[4,45],"is_endless":false,"potions_floor_spawned":[10,15,16,21,31,32,33,36,37,42,47,49],"ascension_level":4}}