{"host":"v4s5k3c6jywmeofl","time":1608523873,"event":{"mods":["Act Like it!","BaseMod","Colored Map","Downfall","Gensokyo","Hallownest","Hermit","Marisa????????","Minty Spire (QoL Compilation)","Quick Restart","Random Character Button","Rare Cards Sparkle","Replay The Spire","StSLib","The Animator","The Bug Knight","The Cursed","The Hierophant","The Servant 0.9.4"],"gold_per_floor":[111,124,141,145,243,278,290,314,391,391,418,461,476,137,137,37,37],"floor_reached":16,"playtime":984,"items_purged":[],"score":158,"play_id":"6739419b-3a44-4011-9eed-b2d14d74ea0f","local_time":"20201220231113","is_ascension_mode":false,"campfire_choices":[{"floor":15,"key":"REST"}],"circlet_count":0,"master_deck":["hierophant:Strike_Hierophant","hierophant:Strike_Hierophant","hierophant:Strike_Hierophant","hierophant:Strike_Hierophant","hierophant:Punish","hierophant:Defend_Hierophant","hierophant:Defend_Hierophant","hierophant:Defend_Hierophant","hierophant:Defend_Hierophant","hierophant:ChurchCoffers","hierophant:RustyCrate","hierophant:Doubloon","hierophant:Doubloon","hierophant:HolyVerse","hierophant:Repentance","hierophant:FaithHealing","hierophant:Doubloon","hierophant:CursedGold","hierophant:PassingBell","hierophant:PassingBell","hierophant:Doubloon","hierophant:RecallFunds","hierophant:Doubloon","hierophant:Refuge","Pain","hierophant:Doubloon","hierophant:Remorse","hierophant:Doubloon","hierophant:Refuge","hierophant:Community","hierophant:Blessing","hierophant:Smite","ReplayTheSpireMod:Necrogeddon","hierophant:Doubloon","hierophant:CursedGold"],"relics":["hierophant:PropheticMaskRelic","Bag of Preparation","Dream Catcher","Gensokyo:LunaticRedEyes"],"acts_visited":["Gensokyo:Gensokyo"],"potions_floor_usage":[12,16,16,16],"damage_taken":[{"damage":0,"enemies":"Gensokyo:3_Fairies","floor":1,"turns":2},{"damage":7,"enemies":"Gensokyo:Gryphon","floor":2,"turns":3},{"damage":4,"enemies":"Gensokyo:2_Kodama","floor":3,"turns":2},{"damage":11,"enemies":"Gensokyo:VengefulSpirit","floor":4,"turns":5},{"damage":37,"enemies":"Gensokyo:Mamizou","floor":6,"turns":10},{"damage":10,"enemies":"Gensokyo:Kitsune","floor":7,"turns":3},{"damage":0,"enemies":"Gensokyo:LivingMonolith","floor":8,"turns":3},{"damage":2,"enemies":"Gensokyo:3_Kodama","floor":11,"turns":2},{"damage":2,"enemies":"Gensokyo:VengefulSpirit","floor":12,"turns":2},{"damage":0,"enemies":"Gensokyo:LivingMonolith","floor":13,"turns":3},{"damage":61,"enemies":"Gensokyo:Kokoro","floor":16,"turns":14}],"seed_played":"-9222245659382341186","potions_obtained":[{"floor":2,"key":"SkillPotion"},{"floor":4,"key":"Energy Potion"},{"floor":11,"key":"SneckoOil"},{"floor":12,"key":"Swift Potion"}],"is_trial":false,"path_per_floor":["M","M","M","M","?","E","M","M","T","?","M","M","M","$","R","B"],"character_chosen":"HIEROPHANT","items_purchased":["hierophant:Community","hierophant:Blessing","hierophant:Smite","ReplayTheSpireMod:Necrogeddon"],"campfire_rested":1,"item_purchase_floors":[14,14,14,14],"current_hp_per_floor":[82,75,71,60,60,23,13,13,13,13,11,9,9,9,33,0,0],"gold":37,"neow_bonus":"TEN_PERCENT_HP_BONUS","is_daily":false,"chose_seed":false,"campfire_upgraded":0,"win_rate":0.0,"timestamp":1608523873,"path_taken":["M","M","?","M","?","E","M","M","T","?","M","M","?","$","R","BOSS"],"items_purchased_type":["Card","Card","Card","Card"],"build_version":"2020-12-13","purchased_purges":0,"victory":false,"max_hp_per_floor":[82,82,82,82,82,82,82,82,82,82,82,82,82,82,82,82,82],"card_choices":[{"not_picked":["hierophant:PassingBell","hierophant:Doubloon"],"picked":"hierophant:RustyCrate","floor":1},{"not_picked":["hierophant:AuricBeam","hierophant:OrnateBuckler"],"picked":"hierophant:HolyVerse","floor":2},{"not_picked":["hierophant:FlamingChariot","hierophant:Prophecy"],"picked":"hierophant:Repentance","floor":3},{"not_picked":["hierophant:Rebuild","hierophant:SealAway"],"picked":"hierophant:FaithHealing","floor":4},{"not_picked":["hierophant:ThreeLashes","hierophant:Sermon"],"picked":"hierophant:CursedGold","floor":5},{"not_picked":["hierophant:Community","hierophant:HolyVerse"],"picked":"hierophant:PassingBell","floor":5},{"not_picked":["hierophant:BulkyChest","hierophant:FlamingChariot"],"picked":"hierophant:PassingBell","floor":6},{"not_picked":["hierophant:Sermon","hierophant:Rebuild"],"picked":"hierophant:RecallFunds","floor":7},{"not_picked":["hierophant:ThreeLashes","hierophant:Racketeering"],"picked":"hierophant:Refuge","floor":8},{"not_picked":["hierophant:Alms","hierophant:CursedGold"],"picked":"hierophant:Remorse","floor":11},{"not_picked":["hierophant:AuricShield","hierophant:Shelter","hierophant:Alms"],"picked":"SKIP","floor":12},{"not_picked":["hierophant:SealAway","hierophant:FieryStrike"],"picked":"hierophant:Refuge","floor":13},{"not_picked":["hierophant:Blessing","hierophant:FieryStrike"],"picked":"hierophant:CursedGold","floor":15}],"player_experience":126177,"relics_obtained":[{"floor":5,"key":"Bag of Preparation"},{"floor":6,"key":"Dream Catcher"}],"event_choices":[],"is_beta":false,"boss_relics":[],"items_purged_floors":[],"is_endless":false,"potions_floor_spawned":[2,4,7,11,12,13],"killed_by":"Gensokyo:Kokoro","ascension_level":0}}