{"host":"juowtv2vvb0b99ex","time":1608593549,"event":{"mods":["BaseMod","Colored Map","Downfall","Minty Spire (QoL Compilation)","Quick Restart","StSLib"],"gold_per_floor":[99,99,164,164,164,164,164,192,192,267,267,298,137,137,137,137,137,137],"floor_reached":16,"playtime":517,"items_purged":["Regret"],"score":160,"play_id":"3a9803b3-9c65-4499-b36d-77e0249f0b4e","local_time":"20201221163229","is_ascension_mode":true,"campfire_choices":[{"data":"Slimebound:Split","floor":1.0,"key":"SMITH"},{"data":"Slimebound:Defend_Slimebound","floor":9.0,"key":"SMITH"},{"data":"Slimebound:GoopSpray","floor":11.0,"key":"SMITH"}],"circlet_count":0,"master_deck":["AscendersBane","Slimebound:Strike_Slimebound+1","Slimebound:Strike_Slimebound","Slimebound:Tackle","Slimebound:Defend_Slimebound+1","Slimebound:Defend_Slimebound+1","Slimebound:Defend_Slimebound+1","Slimebound:Defend_Slimebound","Slimebound:Split+1","Slimebound:CorrosiveSpit","Slimebound:SplitLeeching","Slimebound:SplitAcid","Slimebound:GoopSpray+1","Slimebound:SplitAcid","Slimebound:SplitBruiser","Slimebound:PressTheAttack","Slimebound:OneTwoCombo","Slimebound:LeadByExample"],"relics":["Slimebound:AbsorbEndCombat","downfall:HeartsMalice","Centennial Puzzle","Toy Ornithopter","Happy Flower","Tiny Chest"],"acts_visited":["Exordium"],"potions_floor_usage":[12],"damage_taken":[{"damage":0.0,"enemies":"Small Slimes","floor":2.0,"turns":1.0},{"damage":0.0,"enemies":"Lagavulin Event","floor":3.0,"turns":1.0},{"damage":0.0,"enemies":"Jaw Worm","floor":5.0,"turns":1.0},{"damage":31.0,"enemies":"3 Sentries","floor":8.0,"turns":5.0},{"damage":28,"enemies":"Gremlin Nob","floor":12,"turns":3},{"damage":30,"enemies":"downfall:FleeingMerchant","floor":13,"turns":4},{"damage":0,"enemies":"Cultist","floor":15,"turns":1},{"damage":47,"enemies":"downfall:Ironclad","floor":16,"turns":3}],"seed_played":"5007870886509470390","potions_obtained":[{"floor":8.0,"key":"Explosive Potion"},{"floor":12,"key":"SteroidPotion"}],"is_trial":false,"path_per_floor":["R","M","?","?","M","?","T","E","R","?","R","E","$","?","M","B"],"character_chosen":"SLIMEBOUND","items_purchased":["Slimebound:LeadByExample"],"campfire_rested":0,"item_purchase_floors":[13],"current_hp_per_floor":[54,54,54,54,54,54,54,39,39,39,39,36,34,34,34,0,0,0],"gold":137,"neow_bonus":"THREE_ENEMY_KILL","is_daily":false,"chose_seed":false,"campfire_upgraded":3,"win_rate":0.0,"timestamp":1608593549,"path_taken":["R","M","?","?","?","?","T","E","R","?","R","E","$","?","M","BOSS"],"items_purchased_type":["Card"],"build_version":"2020-12-13","purchased_purges":1,"victory":false,"max_hp_per_floor":[60,60,60,60,60,60,60,60,60,60,60,60,60,60,60,60,60,60],"card_choices":[{"not_picked":["Slimebound:SamplingLick","Slimebound:Gluttony"],"picked":"Slimebound:SplitLeeching","floor":2.0},{"not_picked":["Slimebound:ComboTackle","Slimebound:GoopTackle"],"picked":"Slimebound:SplitAcid","floor":3.0},{"not_picked":["Slimebound:Schlurp","Slimebound:RollThrough"],"picked":"Slimebound:SplitAcid","floor":5.0},{"not_picked":["Slimebound:LivingWall","Slimebound:SplitMire"],"picked":"Slimebound:SplitBruiser","floor":8.0},{"not_picked":["Slimebound:LeechingTouch","Slimebound:SamplingLick"],"picked":"Slimebound:PressTheAttack","floor":12},{"not_picked":["Slimebound:Dissolve","Slimebound:FinishingTackle"],"picked":"Slimebound:OneTwoCombo","floor":13},{"not_picked":["Slimebound:FinishingTackle","Slimebound:Chomp","Slimebound:Schlurp"],"picked":"SKIP","floor":15}],"player_experience":1249515,"relics_obtained":[{"floor":7.0,"key":"Toy Ornithopter"},{"floor":8.0,"key":"Happy Flower"},{"floor":12,"key":"Tiny Chest"}],"event_choices":[{"damage_healed":0.0,"max_hp_gain":0.0,"max_hp_loss":0.0,"gold_gain":0.0,"cards_transformed":["Slimebound:Strike_Slimebound"],"event_name":"Transmorgrifier","player_choice":"Transformed","floor":4.0,"gold_loss":0.0,"damage_taken":0.0,"cards_obtained":["Slimebound:GoopSpray"]}],"is_beta":false,"boss_relics":[],"items_purged_floors":[13],"is_endless":false,"potions_floor_spawned":[8,12],"killed_by":"downfall:Ironclad","ascension_level":12}}