{"host":"sav7uxregyirlf69","time":1608562498,"event":{"mods":["AchievementEnabler","BaseMod","Colored Map","DeckTracker","Keyboard Shortcuts","Minty Spire (QoL Compilation)","READ ME - Guardian Mod","StSLib","SuperFastMode"],"gold_per_floor":[115,125,125,225,244,244,257,137,164,164,164,178,212,228,228,228,228],"floor_reached":16,"playtime":201,"items_purged":["Strike_R"],"score":153,"play_id":"149a7021-7458-4912-a824-adeee826f577","local_time":"20201221235458","is_ascension_mode":true,"campfire_choices":[{"data":"Rage","floor":6.0,"key":"SMITH"},{"data":"Bash","floor":11,"key":"SMITH"},{"data":"Burning Pact","floor":15,"key":"SMITH"}],"circlet_count":0,"master_deck":["AscendersBane","Strike_R","Strike_R","Strike_R","Strike_R","Defend_R","Defend_R","Defend_R","Defend_R","Bash+1","Rage+1","Dropkick","Reckless Charge","Thunderclap","Burning Pact+1"],"relics":["Burning Blood","NeowsBlessing","Golden Idol","Dream Catcher","Singing Bowl","Toy Ornithopter"],"acts_visited":["Exordium"],"potions_floor_usage":[16,16],"damage_taken":[{"damage":0.0,"enemies":"Cultist","floor":1.0,"turns":1.0},{"damage":0.0,"enemies":"2 Louse","floor":2.0,"turns":1.0},{"damage":0.0,"enemies":"Small Slimes","floor":5.0,"turns":1.0},{"damage":10.0,"enemies":"Exordium Thugs","floor":7.0,"turns":6.0},{"damage":0,"enemies":"Red Slaver","floor":12,"turns":3},{"damage":41,"enemies":"Lagavulin","floor":13,"turns":6},{"damage":12,"enemies":"3 Louse","floor":14,"turns":4},{"damage":32,"enemies":"The Guardian","floor":16,"turns":8}],"seed_played":"3636772780320262112","potions_obtained":[{"floor":5.0,"key":"Explosive Potion"},{"floor":7.0,"key":"AttackPotion"},{"floor":13,"key":"AttackPotion"}],"is_trial":false,"path_per_floor":["M","M","?","?","M","R","M","$","T","T","R","M","E","M","R","B"],"character_chosen":"IRONCLAD","items_purchased":["Thunderclap"],"campfire_rested":0,"item_purchase_floors":[8],"current_hp_per_floor":[78,80,60,60,66,66,62,62,62,62,62,70,37,31,31,9,9],"gold":228,"neow_bonus":"THREE_ENEMY_KILL","is_daily":false,"chose_seed":false,"campfire_upgraded":3,"win_rate":0.0,"timestamp":1608562498,"path_taken":["M","?","?","?","M","R","?","$","T","?","R","M","E","M","R","BOSS"],"items_purchased_type":["Card"],"build_version":"2020-12-13","purchased_purges":1,"victory":false,"max_hp_per_floor":[80,80,80,80,80,80,80,80,80,80,80,82,84,84,84,84,84],"card_choices":[{"not_picked":["Havoc","Burning Pact"],"picked":"Rage","floor":1.0},{"not_picked":["Heavy Blade","Flex"],"picked":"Dropkick","floor":2.0},{"not_picked":["Cleave","Inflame","Warcry"],"picked":"SKIP","floor":5.0},{"not_picked":["Metallicize","Clash"],"picked":"Reckless Charge","floor":7.0},{"not_picked":["Sword Boomerang","Hemokinesis","Shrug It Off"],"picked":"Singing Bowl","floor":12},{"not_picked":["Heavy Blade","Entrench","Havoc"],"picked":"Singing Bowl","floor":13},{"not_picked":["Combust","Juggernaut"],"picked":"Burning Pact","floor":14}],"player_experience":985873,"relics_obtained":[{"floor":9,"key":"Dream Catcher"},{"floor":10,"key":"Singing Bowl"},{"floor":13,"key":"Toy Ornithopter"}],"event_choices":[{"damage_healed":0.0,"max_hp_gain":0.0,"max_hp_loss":0.0,"gold_gain":0.0,"event_name":"Golden Idol","player_choice":"Take Damage","floor":3.0,"gold_loss":0.0,"damage_taken":20.0,"relics_obtained":["Golden Idol"]},{"damage_healed":0.0,"max_hp_gain":0.0,"max_hp_loss":0.0,"gold_gain":100.0,"event_name":"Golden Shrine","player_choice":"Pray","floor":4.0,"gold_loss":0.0,"damage_taken":0.0}],"is_beta":false,"boss_relics":[],"items_purged_floors":[8],"is_endless":false,"potions_floor_spawned":[5,7,13],"killed_by":"The Guardian","ascension_level":10}}