{"host":"s1b9wbrnwri7g9vh","time":1608515811,"event":{"mods":["Act Like it!","BaseMod","Better Note","Hallownest","Hermit","Minty Spire (QoL Compilation)","Pale of the Ancients","Relic Stats","Replay The Spire","StSLib","The Druid","The Exalted","The Servant 0.9.4"],"gold_per_floor":[112,5,5,21,21,57,57,57,57,96,142,142,142,164,192,220,220,326,326,346,369,57,57,76,76,105,105,105],"floor_reached":27,"playtime":1406,"items_purged":["Strike_G"],"score":386,"play_id":"f029e17b-e476-4896-ac66-4fb18cee151e","local_time":"20201221015651","is_ascension_mode":true,"campfire_choices":[{"data":"Neutralize","floor":7,"key":"SMITH"},{"data":"Tools of the Trade","floor":12,"key":"SMITH"},{"data":"Caltrops","floor":17,"key":"SMITH"},{"data":"Noxious Fumes","floor":25,"key":"SMITH"}],"circlet_count":0,"master_deck":["Strike_G+1","Strike_G","Strike_G","Strike_G","Defend_G","Defend_G","Defend_G","Defend_G+1","Defend_G","Survivor","Neutralize+1","Infinite Blades+1","Escape Plan","Poisoned Stab+1","Cloak And Dagger","Dagger Throw","Tools of the Trade+1","Backflip","Blur","Caltrops+1","A Thousand Cuts+1","Flying Knee+1","Sucker Punch","Noxious Fumes+1","Prepared","Prepared","ReplayTheSpireMod:Speed Training"],"relics":["NeowsBlessing","CeramicFish","Omamori","Bronze Scales","Sizzling Blood","Ring of Chaos","TwistedFunnel","The Specimen"],"acts_visited":["Exordium","TheCity"],"potions_floor_usage":[10,18,26],"damage_taken":[{"damage":0,"enemies":"Jaw Worm","floor":1,"turns":1},{"damage":0,"enemies":"Small Slimes","floor":4,"turns":1},{"damage":0,"enemies":"Lagavulin","floor":6,"turns":1},{"damage":18,"enemies":"Gremlin Nob","floor":10,"turns":4},{"damage":7,"enemies":"2 Louse","floor":14,"turns":3},{"damage":17,"enemies":"Exordium Thugs","floor":15,"turns":6},{"damage":1,"enemies":"Gremlin Gang","floor":16,"turns":6},{"damage":1,"enemies":"Hexaghost","floor":18,"turns":9},{"damage":4,"enemies":"3 Byrds","floor":20,"turns":1},{"damage":18,"enemies":"Chosen","floor":21,"turns":5},{"damage":27,"enemies":"Centurion and Healer","floor":24,"turns":6},{"damage":15,"enemies":"Replay:Snechameleon","floor":26,"turns":5},{"damage":14,"enemies":"3 Cultists","floor":27,"turns":3}],"seed_played":"5677136031624413859","potions_obtained":[{"floor":1,"key":"Toxic Potion"},{"floor":10,"key":"SteroidPotion"},{"floor":14,"key":"Block Potion"},{"floor":15,"key":"Dexterity Potion"},{"floor":24,"key":"SteroidPotion"}],"is_trial":false,"path_per_floor":["M","$","?","M","?","E","R","PTL","PTL","E","T","R","?","M","M","M","R","B",null,"M","M","$","?","M","R","E","M"],"character_chosen":"THE_SILENT","items_purchased":["Escape Plan","Poisoned Stab+1","Noxious Fumes","TwistedFunnel","Prepared"],"campfire_rested":0,"item_purchase_floors":[2,2,22,22,22],"current_hp_per_floor":[63,63,49,49,49,49,49,49,49,31,31,31,35,32,19,22,22,25,62,62,48,48,48,25,25,14,0,0],"gold":105,"neow_bonus":"THREE_ENEMY_KILL","is_daily":false,"chose_seed":false,"campfire_upgraded":4,"win_rate":0.0,"timestamp":1608515811,"path_taken":["M","$","?","M","?","E","R","PTL","PTL","E","T","R","?","M","?","M","R","BOSS","M","?","$","?","?","R","E","M"],"items_purchased_type":["Card","Card","Card","Relic","Card"],"build_version":"2020-12-13","purchased_purges":1,"victory":false,"max_hp_per_floor":[70,70,70,70,70,70,70,70,70,70,70,70,74,74,74,74,74,74,74,74,74,74,74,74,74,74,74,74],"relic_stats":{"counters":[13,51],"CeramicFish":108,"Bronze Scales":[211],"obtain_stats":[{"TwistedFunnel":22,"NeowsBlessing":0,"The Specimen":26,"CeramicFish":6,"Bronze Scales":11,"Ring of Chaos":19,"Omamori":10,"Sizzling Blood":13,"Ring of the Snake":0},{"TwistedFunnel":10,"NeowsBlessing":0,"The Specimen":12,"CeramicFish":3,"Bronze Scales":4,"Ring of Chaos":8,"Omamori":4,"Sizzling Blood":4,"Ring of the Snake":0},{"TwistedFunnel":37,"NeowsBlessing":0,"The Specimen":48,"CeramicFish":3,"Bronze Scales":7,"Ring of Chaos":31,"Omamori":7,"Sizzling Blood":7,"Ring of the Snake":0}]},"card_choices":[{"not_picked":["Finisher","Slice"],"picked":"Infinite Blades","floor":1},{"not_picked":["Catalyst","Blur"],"picked":"Cloak And Dagger","floor":4},{"not_picked":["Acrobatics","Flying Knee"],"picked":"Dagger Throw","floor":6},{"not_picked":["Venomology","Wraith Form v2"],"picked":"Tools of the Trade","floor":10},{"not_picked":["Cloak And Dagger","Slice"],"picked":"Backflip","floor":14},{"not_picked":["Dodge and Roll","ReplayTheSpireMod:The Works"],"picked":"Blur","floor":15},{"not_picked":["Crippling Poison","PiercingWail"],"picked":"Caltrops","floor":16},{"not_picked":["Poison Darts","Corpse Explosion"],"picked":"A Thousand Cuts","floor":18},{"not_picked":["Fluid Movement","Prepared"],"picked":"Flying Knee+1","floor":20},{"not_picked":["Blade Dance","Draining Mist"],"picked":"Sucker Punch","floor":21},{"not_picked":["Cloak And Dagger","Flying Knee"],"picked":"ReplayTheSpireMod:Speed Training","floor":24},{"not_picked":["Underhanded Strike","Poisoned Stab","Heel Hook"],"picked":"SKIP","floor":26}],"player_experience":579527,"relics_obtained":[{"floor":6,"key":"CeramicFish"},{"floor":10,"key":"Omamori"},{"floor":11,"key":"Bronze Scales"},{"floor":26,"key":"The Specimen"}],"event_choices":[{"damage_healed":0,"gold_gain":0,"player_choice":"Entered Light","damage_taken":14,"max_hp_gain":0,"max_hp_loss":0,"event_name":"Shining Light","floor":3,"gold_loss":0,"cards_upgraded":["Defend_G","Strike_G"]},{"damage_healed":0,"gold_gain":0,"player_choice":"Grow","damage_taken":0,"max_hp_gain":0,"max_hp_loss":0,"event_name":"Living Wall","floor":5,"gold_loss":0,"cards_upgraded":["Infinite Blades"]},{"damage_healed":0,"gold_gain":0,"player_choice":"Forge","damage_taken":0,"max_hp_gain":0,"max_hp_loss":0,"event_name":"Accursed Blacksmith","floor":23,"gold_loss":0,"cards_upgraded":["A Thousand Cuts"]}],"is_beta":false,"boss_relics":[{"not_picked":["Snecko Eye","Tiny House"],"picked":"Ring of Chaos"}],"items_purged_floors":[22],"is_endless":false,"potions_floor_spawned":[1,10,14,15,24],"killed_by":"3 Cultists","ascension_level":9}}