{"host":"yuhy0i501zzmn1iz","time":1608513738,"event":{"mods":["AchievementEnabler","AlwaysNeverKeys","BaseMod","Bestiary","Better Match","Better Third Choice","Curses Come First","Downfall","Minty Spire (QoL Compilation)","StSLib","The Blue Laboratory","slay the spire mod where everything is the same but ironclad has a cowboy hat"],"gold_per_floor":[99,99,99,99,129,146,146,50,65,65,65,99,99,125,50,152,152,164,29,14,14,114,148,173,193,213,63,63,75,86,96,96,199,199,218,218,218],"floor_reached":36,"playtime":2700,"items_purged":[],"score":488,"play_id":"cad29722-6755-4e84-9f0f-b1d28b46493c","local_time":"20201220202218","is_ascension_mode":false,"campfire_choices":[{"data":"hexamod:EtherealExpedition","floor":11,"key":"SMITH"},{"data":"hexamod:CatchUp","floor":13,"key":"SMITH"},{"data":"hexamod:Float","floor":15,"key":"SMITH"},{"data":"hexamod:EtherealExpedition","floor":27,"key":"SMITH"},{"data":"hexamod:ParanormalForm","floor":32,"key":"SMITH"}],"circlet_count":0,"master_deck":["hexamod:Defend","hexamod:Defend","hexamod:Defend","hexamod:Defend","hexamod:Sear","hexamod:Float+1","hexamod:CatchUp+1","hexamod:UnleashSpirits","hexamod:FirstSeal","expansioncontent:DonusPower+1","hexamod:Hexaguard","hexamod:EtherealExpedition+1","hexamod:StepThrough","hexamod:Hexaguard","hexamod:NightmareStrike","hexamod:Rewind","hexamod:Hexaguard","hexamod:EmpoweringStance","hexamod:NecessarySacrifice","hexamod:PhantomFireball+1","hexamod:GhostLash","Bite","Bite","Bite","Bite","Bite","hexamod:EtherealExpedition+1","hexamod:PowerFromBeyond","hexamod:PhantomFireball+1","hexamod:ParanormalForm+1","hexamod:CatchUp","hexamod:PhantomCloak+1","hexamod:VolcanoVisage","hexamod:Hexaguard"],"relics":["hexamod:SpiritBrand","downfall:HeartsMalice","Tiny Chest","The Courier","Anchor","Bronze Scales","downfall:HeartBlessingRed","Philosopher\u0027s Stone","hexamod:MatchstickCase","Bag of Preparation","Nunchaku","downfall:HeartBlessingBlue","downfall:HeartBlessingGreen","Du-Vu Doll","Runic Pyramid"],"acts_visited":["Exordium","TheCity","TheBeyond"],"potions_floor_usage":[12,16,20,29,31,33,36],"damage_taken":[{"damage":0,"enemies":"Small Slimes","floor":1,"turns":1},{"damage":0,"enemies":"2 Louse","floor":2,"turns":1},{"damage":0,"enemies":"Lagavulin","floor":5,"turns":1},{"damage":2,"enemies":"Cultist","floor":6,"turns":5},{"damage":0,"enemies":"downfall:FleeingMerchant","floor":8,"turns":4},{"damage":11,"enemies":"Exordium Wildlife","floor":9,"turns":4},{"damage":0,"enemies":"Gremlin Nob","floor":12,"turns":3},{"damage":63,"enemies":"downfall:Defect","floor":16,"turns":7},{"damage":7,"enemies":"3 Byrds","floor":18,"turns":2},{"damage":0,"enemies":"downfall:FleeingMerchant","floor":19,"turns":4},{"damage":11,"enemies":"downfall:FleeingMerchant","floor":20,"turns":4},{"damage":50,"enemies":"Gremlin Leader","floor":23,"turns":6},{"damage":0,"enemies":"Spheric Guardian","floor":25,"turns":3},{"damage":0,"enemies":"Snake Plant","floor":26,"turns":3},{"damage":7,"enemies":"Centurion and Healer","floor":29,"turns":6},{"damage":0,"enemies":"Cultist and Chosen","floor":30,"turns":3},{"damage":0,"enemies":"Snecko","floor":31,"turns":2},{"damage":24,"enemies":"downfall:Ironclad","floor":33,"turns":9},{"damage":0,"enemies":"3 Shapes","floor":35,"turns":4},{"damage":72,"enemies":"3 Darklings","floor":36,"turns":4}],"seed_played":"-4425923312410488346","potions_obtained":[{"floor":5,"key":"PowerPotion"},{"floor":6,"key":"blueLaboratory:Moonshine"},{"floor":9,"key":"blueLaboratory:RecallPotion"},{"floor":12,"key":"blueLaboratory:FrostheartPotion"},{"floor":18,"key":"blueLaboratory:SavagePotion"},{"floor":23,"key":"EntropicBrew"},{"floor":30,"key":"FearPotion"},{"floor":31,"key":"blueLaboratory:TrueEctoplasm"}],"is_trial":false,"path_per_floor":["M","M","?","?","E","M","T","$","M","?","R","E","R","T","R","B",null,"M","$","$","?","?","E","T","M","M","R","T","M","M","M","R","B",null,"M","M"],"character_chosen":"THE_SPIRIT","items_purchased":["hexamod:Hexaguard","hexamod:NightmareStrike","hexamod:MatchstickCase"],"campfire_rested":0,"item_purchase_floors":[8,8,19],"current_hp_per_floor":[70,70,63,63,63,68,68,70,59,64,64,71,71,71,71,8,75,75,75,71,52,52,14,14,31,44,54,54,62,62,62,62,53,62,62,0,0],"gold":218,"neow_bonus":"THREE_ENEMY_KILL","is_daily":false,"chose_seed":false,"campfire_upgraded":5,"win_rate":0.0,"timestamp":1608513738,"path_taken":["M","M","?","?","E","?","T","$","?","?","R","E","R","?","R","BOSS","M","$","$","?","?","E","T","?","M","R","?","M","M","M","R","BOSS","M","M"],"items_purchased_type":["Card","Card","Relic"],"build_version":"2020-12-13","purchased_purges":0,"victory":false,"max_hp_per_floor":[70,70,70,70,70,70,70,70,70,75,75,75,75,75,75,75,75,75,75,75,52,52,52,52,52,52,62,62,62,62,62,62,62,62,62,62,62],"card_choices":[{"not_picked":["hexamod:Firestarter","hexamod:BacktrackSmack"],"picked":"hexamod:CatchUp","floor":1},{"not_picked":["hexamod:BurningTouch","hexamod:SwordOfDarkness"],"picked":"hexamod:UnleashSpirits","floor":2},{"not_picked":["Panacea+1","expansioncontent:Torchfire+1"],"picked":"expansioncontent:DonusPower+1","floor":4},{"not_picked":["hexamod:InspiringFlames","hexamod:PhantomFireball"],"picked":"hexamod:Hexaguard","floor":5},{"not_picked":["hexamod:BurningTouch","hexamod:FourthSeal"],"picked":"hexamod:EtherealExpedition","floor":6},{"not_picked":["hexamod:ThermalTransfer","hexamod:NecessarySacrifice"],"picked":"hexamod:StepThrough","floor":8},{"not_picked":["hexamod:ShieldOfDarkness","hexamod:BacktrackSmack"],"picked":"hexamod:Rewind","floor":9},{"not_picked":["hexamod:RadiantFlame","hexamod:ShieldOfDarkness"],"picked":"hexamod:Hexaguard","floor":12},{"not_picked":["hexamod:GhostflameInferno","hexamod:TimeOfNeed"],"picked":"hexamod:EmpoweringStance","floor":16},{"not_picked":["hexamod:ShieldOfDarkness","hexamod:RainOfEmbers"],"picked":"hexamod:NecessarySacrifice","floor":18},{"not_picked":["hexamod:SecondSeal","hexamod:ThermalTransfer"],"picked":"hexamod:PhantomFireball+1","floor":19},{"not_picked":["hexamod:BurningTouch+1","hexamod:ThermalTransfer"],"picked":"hexamod:GhostLash","floor":20},{"not_picked":["hexamod:GhostShield","hexamod:GhostOfSpireFuture"],"picked":"hexamod:EtherealExpedition","floor":23},{"not_picked":["hexamod:BurningTouch","hexamod:ThermalTransfer+1"],"picked":"hexamod:PowerFromBeyond","floor":25},{"not_picked":["hexamod:BurningTouch","hexamod:ShieldOfDarkness"],"picked":"hexamod:PhantomFireball+1","floor":26},{"not_picked":["hexamod:EmpoweredFlame","hexamod:GhostflameBarrier+1"],"picked":"hexamod:ParanormalForm","floor":29},{"not_picked":["hexamod:RainOfEmbers","hexamod:GhostOfSpirePast"],"picked":"hexamod:CatchUp","floor":30},{"not_picked":["hexamod:NightmareGuise","hexamod:GhostOfSpirePast"],"picked":"hexamod:PhantomCloak+1","floor":31},{"not_picked":["hexamod:TimeWarp","hexamod:EmpoweringStance"],"picked":"hexamod:VolcanoVisage","floor":33},{"not_picked":["hexamod:AdvancingGuard","hexamod:HauntingEcho"],"picked":"hexamod:Hexaguard","floor":35}],"player_experience":215181,"relics_obtained":[{"floor":5,"key":"Tiny Chest"},{"floor":7,"key":"The Courier"},{"floor":12,"key":"Anchor"},{"floor":14,"key":"Bronze Scales"},{"floor":23,"key":"Bag of Preparation"},{"floor":24,"key":"Nunchaku"},{"floor":28,"key":"Du-Vu Doll"}],"event_choices":[{"damage_healed":0,"gold_gain":0,"player_choice":"2","damage_taken":0,"max_hp_gain":0,"max_hp_loss":0,"event_name":"betterMatch:BetterMatch","floor":4,"gold_loss":0,"cards_obtained":["betterMatch:ColorlessUncommonCard"]},{"damage_healed":0,"gold_gain":0,"player_choice":"Donut","damage_taken":0,"max_hp_gain":5,"max_hp_loss":0,"event_name":"Big Fish","floor":10,"gold_loss":0},{"damage_healed":0,"gold_gain":0,"player_choice":"Became a vampire","damage_taken":0,"max_hp_gain":0,"max_hp_loss":23,"event_name":"Vampires","floor":21,"gold_loss":0,"cards_obtained":["Bite","Bite","Bite","Bite","Bite"]}],"is_beta":false,"boss_relics":[{"not_picked":["Coffee Dripper","Empty Cage"],"picked":"Philosopher\u0027s Stone"},{"not_picked":["Busted Crown","Sozu"],"picked":"Runic Pyramid"}],"items_purged_floors":[],"is_endless":false,"potions_floor_spawned":[5,6,9,12,18,23,25,30,31],"killed_by":"3 Darklings","ascension_level":0}}