{"host":"0gy90rl0ccnvdufw","time":1608529872,"event":{"mods":["AchievementEnabler","Act Like it!","Aspiration","Bard","BaseMod","Better Third Choice","Better Vampires","BetterRewards","ChefMod","Colored Map","Colored Powertips","Conspire","Decade(???)","Downfall","Ekko","Gensokyo","GungeonMod","Halation","Hubris","Infinite Spire","Jedi Mod","KomeijiMod","Luminous","Minty Spire (QoL Compilation)","Quick Restart","Rare Cards Sparkle","Replay The Spire","Robot Space Explorer","StSLib","SuperFastMode","The Cursed","The Disciple","The Dragon Tamer","The Forsaken","The Jungle","[IsaacMod]????","??????REMEMod"],"gold_per_floor":[111,111,130,130,130,165,183,211,211,151,151,166,184,203,203,302,302,322,322,322,322,338,350,350,278,278,278,305,305,318,156,156,156,156],"floor_reached":33,"playtime":1129,"items_purged":["conspire:Blindness"],"score":300,"play_id":"ad1446b5-489a-4ba2-99f1-4828a08cf881","local_time":"20201220235112","is_ascension_mode":false,"campfire_choices":[{"data":"DTMod:ShadowImage","floor":11,"key":"SMITH"},{"floor":15,"key":"REST"},{"floor":24,"key":"REST"},{"floor":27,"key":"REST"},{"data":"Atom Bomb","floor":32,"key":"PURGE"}],"circlet_count":0,"master_deck":["RobotSpaceExplorer:Strike","RobotSpaceExplorer:Strike","RobotSpaceExplorer:Strike","RobotSpaceExplorer:Strike","RobotSpaceExplorer:Defend","RobotSpaceExplorer:Defend","RobotSpaceExplorer:Defend","RobotSpaceExplorer:Scan","RobotSpaceExplorer:MiniLasers","DTMod:ShadowImage+1","REME_GrazeFinale","Toxin Wave","chefmod:SliceAndDice","HenyouMirume","bard:Balestra","ekkoTheBoyWhoShatteredTime:WaitForKeyTiming","infinitespire:Neurotoxin","jedi:frostbite","Parity+1","Guardian:SpikerProtocol","Blood for Blood+1","RobotSpaceExplorer:MiniBoosters+1"],"relics":["RobotSpaceExplorer:RoboCore","REME_ComplimentaryCards","HushsDoor","NeowsBlessing","HowToJump","PrismaticShard","ThirstyCross","Replay:Accelerometer","The Courier","infinitespire:WardingShard","jedi:paperlyon","Pet Ghost","MutagenicStrength","Molten Egg 2","Omamori","hubris:EmptyBottle"],"acts_visited":["Exordium","TheCity"],"potions_floor_usage":[33,33,33,33,33,33],"damage_taken":[{"damage":0,"enemies":"Cultist","floor":1,"turns":1},{"damage":0,"enemies":"Jaw Worm","floor":3,"turns":1},{"damage":0,"enemies":"3 Sentries","floor":6,"turns":2},{"damage":0,"enemies":"Small Slimes","floor":7,"turns":3},{"damage":17,"enemies":"Replay:BlueRogue","floor":8,"turns":7},{"damage":0,"enemies":"2 Fungi Beasts","floor":12,"turns":3},{"damage":0,"enemies":"Exordium Wildlife","floor":13,"turns":3},{"damage":3,"enemies":"Blue Slaver","floor":14,"turns":2},{"damage":40,"enemies":"The Guardian","floor":16,"turns":9},{"damage":28,"enemies":"3 Byrds","floor":18,"turns":4},{"damage":17,"enemies":"conspire:FuzzyDice","floor":22,"turns":4},{"damage":26,"enemies":"conspire:HollyBat","floor":23,"turns":6},{"damage":7,"enemies":"Book of Stabbing","floor":28,"turns":5},{"damage":1,"enemies":"Shelled Parasite and Fungi","floor":30,"turns":4},{"damage":60,"enemies":"conspire:MysteriousRune","floor":33,"turns":11}],"seed_played":"-6915852338890606260","potions_obtained":[{"floor":1,"key":"Energy Potion"},{"floor":8,"key":"Swift Potion"},{"floor":13,"key":"RobotSpaceExplorer:RecyclePotion"},{"floor":16,"key":"Guardian:BlockOnCardUsePotion"},{"floor":28,"key":"Adrenaline Potion"}],"is_trial":false,"path_per_floor":["M","?","M","?","?","E","M","E","T","$","R","M","M","M","R","B",null,"M","?","?","?","M","M","R","?","T","R","E","?","M","$","R_BF","B"],"character_chosen":"RobotSpaceExplorer","items_purchased":["hubris:EmptyBottle","RobotSpaceExplorer:MiniBoosters+1"],"campfire_rested":3,"item_purchase_floors":[31,31],"current_hp_per_floor":[75,75,75,75,75,75,75,58,58,58,58,58,58,55,75,35,75,47,47,47,47,30,4,26,46,46,68,61,61,60,60,60,0,0],"gold":156,"neow_bonus":"THREE_ENEMY_KILL","is_daily":false,"chose_seed":false,"campfire_upgraded":1,"win_rate":0.0,"timestamp":1608529872,"path_taken":["M","?","M","?","?","E","?","E","T","$","R","?","M","M","R","BOSS","M","?","?","?","?","M","R","?","T","R","E","?","M","$","R_BF","BOSS"],"items_purchased_type":["Relic","Card"],"build_version":"2020-12-13","purchased_purges":1,"victory":false,"max_hp_per_floor":[75,75,75,75,75,75,75,75,75,75,75,75,75,75,75,75,75,75,75,75,75,75,75,75,75,75,75,75,75,75,75,75,75,75],"card_choices":[{"not_picked":["RobotSpaceExplorer:ShockKick","RobotSpaceExplorer:MetalStrike"],"picked":"RobotSpaceExplorer:ScrapMissile","floor":1},{"not_picked":["hexamod:SwordOfDarkness","Panic Button"],"picked":"Beam Cell","floor":3},{"not_picked":["Havoc","TheCursedMod:SoulReap","ekkoTheBoyWhoShatteredTime:SneakHit"],"picked":"SKIP","floor":6},{"not_picked":["Decade_Dash2","Slimebound:Teamwork"],"picked":"chefmod:SliceAndDice","floor":7},{"not_picked":["Headbutt","ReplayTheSpireMod:Exploit Weakness"],"picked":"HenyouMirume","floor":8},{"not_picked":["sneckomod:UnknownUncommonAttack","ekkoTheBoyWhoShatteredTime:HauntingGuise"],"picked":"bard:Balestra","floor":12},{"not_picked":["RobotSpaceExplorer:Counterblock","DemoMod:AWP"],"picked":"ekkoTheBoyWhoShatteredTime:WaitForKeyTiming","floor":13},{"not_picked":["FormRideGaruru","DemoMod:HardPowerCard","BloodySuit"],"picked":"SKIP","floor":14},{"not_picked":["TerribleSouvenir","ekkoTheBoyWhoShatteredTime:ZhonyasHourglass"],"picked":"infinitespire:Neurotoxin","floor":16},{"not_picked":["Perfected Strike","DemoMod:Ejector+1","jedi:BurstLightning"],"picked":"SKIP","floor":18},{"not_picked":["UnarmedAttack4","Slimebound:GoopTackle"],"picked":"Parity+1","floor":22},{"not_picked":["Replay:SS_forest_5","DemoMod:Unity"],"picked":"Guardian:SpikerProtocol","floor":23},{"not_picked":["chefmod:FreshProduce","TheCursedMod:WearCloak","DemoMod:BoxingGlove+1"],"picked":"SKIP","floor":28},{"not_picked":["DTMod:BurningEnergy","theForsaken:HorrifyingStrike+1"],"picked":"Blood for Blood+1","floor":30}],"player_experience":303356,"relics_obtained":[{"floor":6,"key":"Replay:Accelerometer"},{"floor":8,"key":"The Courier"},{"floor":9,"key":"infinitespire:WardingShard"},{"floor":26,"key":"Molten Egg 2"},{"floor":28,"key":"Omamori"}],"event_choices":[{"damage_healed":0,"gold_gain":0,"player_choice":"Inject Mutagens","damage_taken":0,"relics_obtained":["MutagenicStrength"],"max_hp_gain":0,"max_hp_loss":0,"event_name":"Drug Dealer","floor":20,"gold_loss":0}],"is_beta":false,"boss_relics":[{"not_picked":["ReplayTheSpireMod:SealedPack","Fusion Hammer"],"picked":"jedi:paperlyon"},{"not_picked":[]}],"items_purged_floors":[10],"is_endless":false,"potions_floor_spawned":[1,8,13,16,23,28],"killed_by":"conspire:MysteriousRune","ascension_level":0}}