{"host":"0luxfixkkfk9wck3","time":1608534937,"event":{"mods":["BaseMod","Downfall","Highlight Path","Minty Spire (QoL Compilation)","StSLib"],"gold_per_floor":[99,99,99,124,124,124,124,135,135,162,176,176,326,343,363,363,363,363],"floor_reached":16,"playtime":1148,"items_purged":[],"score":133,"play_id":"4c690029-5566-4ff2-98a6-f2ff0daa778e","local_time":"20201221011537","is_ascension_mode":false,"campfire_choices":[{"data":"hexamod:Sear","floor":1,"key":"SMITH"},{"data":"hexamod:GhostOfSpirePresent","floor":5,"key":"SMITH"},{"data":"hexamod:Float","floor":9,"key":"SMITH"}],"circlet_count":0,"master_deck":["hexamod:Strike","hexamod:Strike","hexamod:Strike","hexamod:Defend","hexamod:Defend","hexamod:Defend","hexamod:Defend","hexamod:Sear+1","hexamod:Float+1","hexamod:GhostOfSpirePresent+1","hexamod:Incineration","hexamod:HeatMetal","hexamod:Hexaguard","hexamod:NightmareGuise","hexamod:DynamicBlow","Slimebound:Icky","hexamod:GhostShield","hexamod:TurnItUp"],"relics":["hexamod:SpiritBrand","downfall:HeartsMalice","Question Card","Incense Burner","Shuriken"],"acts_visited":["Exordium"],"potions_floor_usage":[16,16],"damage_taken":[{"damage":0,"enemies":"Jaw Worm","floor":3,"turns":1},{"damage":0,"enemies":"Gremlin Nob","floor":4,"turns":1},{"damage":0,"enemies":"Cultist","floor":6,"turns":1},{"damage":1,"enemies":"2 Louse","floor":8,"turns":3},{"damage":14,"enemies":"Lagavulin","floor":10,"turns":6},{"damage":7,"enemies":"Blue Slaver","floor":11,"turns":4},{"damage":3,"enemies":"Exordium Wildlife","floor":14,"turns":3},{"damage":0,"enemies":"2 Fungi Beasts","floor":15,"turns":3},{"damage":69,"enemies":"downfall:Ironclad","floor":16,"turns":9}],"seed_played":"1321432072120369256","potions_obtained":[{"floor":10,"key":"Dexterity Potion"},{"floor":14,"key":"Swift Potion"}],"is_trial":false,"path_per_floor":["R","?","M","E","R","M","T","M","R","E","M","?","?","M","M","B"],"character_chosen":"THE_SPIRIT","items_purchased":[],"campfire_rested":0,"item_purchase_floors":[],"current_hp_per_floor":[70,70,70,70,70,70,70,69,69,55,48,48,48,45,45,0,0,0],"gold":363,"neow_bonus":"THREE_ENEMY_KILL","is_daily":false,"chose_seed":false,"campfire_upgraded":3,"win_rate":0.0,"timestamp":1608534937,"path_taken":["R","?","M","E","R","M","T","M","R","E","?","?","?","M","M","BOSS"],"items_purchased_type":[],"build_version":"2020-12-13","purchased_purges":0,"victory":false,"max_hp_per_floor":[70,70,70,70,70,70,70,70,70,70,70,70,70,70,70,70,70,70],"card_choices":[{"not_picked":["hexamod:BacktrackSmack","hexamod:RecurringNightmare"],"picked":"hexamod:GhostOfSpirePresent","floor":3},{"not_picked":["hexamod:HeatShield","hexamod:BurningTouch"],"picked":"hexamod:Incineration","floor":4},{"not_picked":["hexamod:HauntingEcho","hexamod:GhostOfSpireFuture","hexamod:BacktrackSmack"],"picked":"hexamod:HeatMetal","floor":6},{"not_picked":["hexamod:SwordOfDarkness","hexamod:CatchUp","hexamod:RainOfEmbers"],"picked":"hexamod:Hexaguard","floor":8},{"not_picked":["hexamod:HeatCrush","hexamod:ShieldOfDarkness","hexamod:AdvancingGuard"],"picked":"hexamod:NightmareGuise","floor":10},{"not_picked":["hexamod:StepThrough","hexamod:NightmareStrike","hexamod:CatchUp"],"picked":"hexamod:DynamicBlow","floor":11},{"not_picked":["hexamod:ShieldOfDarkness","hexamod:Firestarter","hexamod:HauntingEcho"],"picked":"hexamod:GhostShield","floor":14},{"not_picked":["hexamod:HeatCrush","hexamod:RecurringNightmare","hexamod:GhostLash"],"picked":"hexamod:TurnItUp","floor":15}],"player_experience":10477154,"relics_obtained":[{"floor":4,"key":"Question Card"},{"floor":7,"key":"Incense Burner"},{"floor":10,"key":"Shuriken"}],"event_choices":[{"damage_healed":0,"gold_gain":0,"player_choice":"Ignored","damage_taken":0,"max_hp_gain":0,"max_hp_loss":0,"event_name":"NoteForYourself","floor":2,"gold_loss":0}],"is_beta":false,"boss_relics":[],"items_purged_floors":[],"is_endless":false,"potions_floor_spawned":[10,14],"killed_by":"downfall:Ironclad","ascension_level":0}}