{"host":"djm8p3ivrj05jd45","time":1608579138,"event":{"mods":["AchievementEnabler","BaseMod","Downfall","Minty Spire (QoL Compilation)","StSLib","slay the spire mod where everything is the same but ironclad has a cowboy hat"],"gold_per_floor":[99,130,185,185,235,1,25,25,25,25,25],"floor_reached":9,"playtime":667,"items_purged":[],"score":55,"play_id":"9dcb54af-0860-4f43-8351-51b7c374910c","local_time":"20201221143218","is_ascension_mode":false,"campfire_choices":[{"floor":1,"key":"RECALL"},{"data":"champ:MurderStrike","floor":8,"key":"SMITH"}],"circlet_count":0,"master_deck":["champ:Strike","champ:Strike","champ:Strike","champ:Strike","champ:Defend","champ:Defend","champ:Defend","champ:Defend","champ:Execute","champ:Taunt","champ:BringItOn","champ:FanOfKnives","champ:GladiatorsShout","champ:Lariat","champ:MurderStrike+1"],"relics":["champ:ChampionCrown","champ:DefensiveTrainingManual","Meat on the Bone","champ:FightingForDummies"],"acts_visited":["Exordium"],"potions_floor_usage":[],"damage_taken":[{"damage":65,"enemies":"3 Sentries","floor":2,"turns":11},{"damage":32,"enemies":"Gremlin Nob","floor":3,"turns":6},{"damage":8,"enemies":"downfall:FleeingMerchant","floor":6,"turns":4},{"damage":43,"enemies":"Gremlin Nob","floor":9,"turns":5}],"seed_played":"-3637884246597015410","potions_obtained":[],"is_trial":false,"path_per_floor":["R","E","?","?","T","$","T","R","E"],"character_chosen":"THE_CHAMP","items_purchased":["champ:Lariat","champ:MurderStrike"],"campfire_rested":0,"item_purchase_floors":[6,6],"current_hp_per_floor":[99,52,25,25,25,37,37,37,0,0,0],"gold":25,"neow_bonus":"TEN_PERCENT_HP_BONUS","is_daily":false,"chose_seed":false,"campfire_upgraded":1,"win_rate":0.0,"timestamp":1608579138,"path_taken":["R","E","?","?","?","$","T","R","E"],"items_purchased_type":["Card","Card"],"build_version":"2020-12-13","purchased_purges":0,"victory":false,"max_hp_per_floor":[99,99,99,99,99,99,99,99,99,99,99],"card_choices":[{"not_picked":["champ:ShieldWall","champ:RisingSlash"],"picked":"champ:BringItOn","floor":2},{"not_picked":["champ:Encircle","champ:StanceDance"],"picked":"champ:FanOfKnives","floor":3},{"not_picked":["champ:SkillfulDodge","champ:PerfectedStrike"],"picked":"champ:GladiatorsShout","floor":6}],"player_experience":85215,"relics_obtained":[{"floor":2,"key":"champ:DefensiveTrainingManual"},{"floor":3,"key":"Meat on the Bone"},{"floor":7,"key":"champ:FightingForDummies"}],"event_choices":[],"is_beta":false,"boss_relics":[],"items_purged_floors":[],"is_endless":false,"potions_floor_spawned":[],"killed_by":"Gremlin Nob","ascension_level":0}}