{"host":"s8k08j4eybfen9r6","time":1608558498,"event":{"mods":["Aspiration","BaseMod","Better Altar","Better Match","Better Note","Better Sensory Stone","Better Skull","Better Third Choice","BetterRewards","Downfall","Hubris","Minty Spire (QoL Compilation)","MostiFishMod","Rare Cards Sparkle","Reworked Bosses","Shop Mod","Spicy Shops","StSLib","The Alterego","The Animator"],"gold_per_floor":[99,99,126,143,143,3,3,27,60,60,72,522,115,112,131,235,235,235,269,24,24,24,39,39,52,64,98,114,125,140,80,96,191,191,191,203,230,283,310,29,29,29,29,29,44,56,68,87,101,101],"floor_reached":51,"playtime":2692,"items_purged":["Slimebound:Icky","Slimebound:Icky","Slimebound:Icky"],"score":1057,"play_id":"71d3ee8b-23c1-432e-a322-6a26b017e0ee","local_time":"20201221234818","is_ascension_mode":false,"campfire_choices":[{"data":"Guardian:CurlUp","floor":1,"key":"SMITH"},{"data":"Guardian:FloatingOrbs","floor":10,"key":"SMITH"},{"data":"Guardian:GemFinder","floor":18,"key":"SMITH"},{"floor":35,"key":"RECALL"},{"data":"Guardian:PrismaticBeam","floor":44,"key":"SMITH"}],"circlet_count":0,"master_deck":["Guardian:Strike_Guardian","Guardian:Defend_Guardian","Guardian:Defend_Guardian","Guardian:CurlUp+1","Guardian:TwinSlam+1","Guardian:StasisField","Guardian:SentryBeam","Escape Plan","All Out Attack","Choke+1","Guardian:Planning","Guardian:RollAttack","Guardian:FloatingOrbs+1","Guardian:ShieldSpikes","Guardian:TimeCapacitor","expansioncontent:DarkVoid","Guardian:PrismaticBeam+1","Guardian:ArmoredProtocol","Magnetism","Guardian:Incinerate","Guardian:GemFinder+1","Guardian:Harden+1","Guardian:Repulse","Guardian:PrismaticBarrier","Guardian:Emergency+1","Guardian:ExploitGems+1","Guardian:TemporalShield+1","Guardian:SpikerProtocol","Guardian:BaubleBeam","Guardian:WalkerClaw+1","Guardian:Suspension+1","Guardian:SpikerProtocol+1","Guardian:RevengeProtocol","Guardian:BronzeOrb+1","Guardian:WalkerClaw","expansioncontent:StudyTheSpire","expansioncontent:PrepareCrush+1","expansioncontent:SlimeTackle","Guardian:BronzeArmor+1","Guardian:ExploitGems+1","Guardian:SpikerProtocol","Guardian:PrimingBeam+1"],"relics":["Guardian:ModeShifter","DaveBox","Membership Card","Civilization","hubris:Towel","Oddly Smooth Stone","aspiration:AnachronicSnailShell","Odd Mushroom","Kunai","Vajra","Question Card","MerchantsRug","Bag of Preparation","hubris:EmptyBottle","ImportantClient","ChiXiaoBlade","aspiration:SeaSaltIceCream","aspiration:Nostalgia","Ring of the Snake","HandDrill","Whetstone","Nunchaku","Toxic Egg 2","hubris:MedicalManual","ChiLing","Chi","Ling","hubris:GrandSneckoEye","Lantern","Calipers","hubris:MysteriousPyramids","Ornamental Fan"],"acts_visited":["Exordium","TheCity","TheBeyond"],"potions_floor_usage":[26,26,27],"damage_taken":[{"damage":14,"enemies":"Lagavulin","floor":3,"turns":5},{"damage":10,"enemies":"Small Slimes","floor":4,"turns":3},{"damage":1,"enemies":"downfall:FleeingMerchant","floor":6,"turns":4},{"damage":6,"enemies":"The Mushroom Lair","floor":8,"turns":3},{"damage":7,"enemies":"Gremlin Nob","floor":9,"turns":3},{"damage":0,"enemies":"Jaw Worm","floor":11,"turns":2},{"damage":0,"enemies":"downfall:FleeingMerchant","floor":13,"turns":4},{"damage":0,"enemies":"downfall:FleeingMerchant","floor":14,"turns":2},{"damage":0,"enemies":"2 Louse","floor":15,"turns":3},{"damage":1,"enemies":"downfall:Ironclad","floor":16,"turns":4},{"damage":7,"enemies":"Slavers","floor":19,"turns":3},{"damage":0,"enemies":"Chosen","floor":23,"turns":1},{"damage":0,"enemies":"Spheric Guardian","floor":25,"turns":2},{"damage":0,"enemies":"3 Cultists","floor":26,"turns":2},{"damage":0,"enemies":"Gremlin Leader","floor":27,"turns":3},{"damage":0,"enemies":"Shelled Parasite and Fungi","floor":28,"turns":1},{"damage":6,"enemies":"Centurion and Healer","floor":29,"turns":3},{"damage":6,"enemies":"3 Cultists","floor":30,"turns":4},{"damage":1,"enemies":"Sentry and Sphere","floor":32,"turns":3},{"damage":2,"enemies":"downfall:Defect","floor":33,"turns":2},{"damage":2,"enemies":"Orb Walker","floor":36,"turns":3},{"damage":1,"enemies":"Nemesis","floor":37,"turns":1},{"damage":0,"enemies":"2 Orb Walkers","floor":38,"turns":1},{"damage":1,"enemies":"Giant Head","floor":39,"turns":1},{"damage":0,"enemies":"3 Shapes","floor":45,"turns":1},{"damage":0,"enemies":"3 Darklings","floor":46,"turns":1},{"damage":1,"enemies":"Sphere and 2 Shapes","floor":47,"turns":1},{"damage":0,"enemies":"Writhing Mass","floor":48,"turns":1},{"damage":1,"enemies":"Maw","floor":49,"turns":2},{"damage":24,"enemies":"downfall:Silent","floor":50,"turns":3}],"seed_played":"4498972164458252379","potions_obtained":[{"floor":8,"key":"DuplicationPotion"},{"floor":11,"key":"Strength Potion"},{"floor":16,"key":"hexamod:EctoCoolerPotion"},{"floor":23,"key":"Weak Potion"},{"floor":26,"key":"Fruit Juice"},{"floor":28,"key":"SkillPotion"}],"is_trial":false,"path_per_floor":["R","?","E","M","?","$","T","?","E","R","M","?","$","$","M","B",null,"R","E","$","?","?","M","T","M","M","E","M","M","M","$","M","B",null,"R","M","E","?","E","$","T","?","$","R","M","M","M","M","M","B",null],"character_chosen":"GUARDIAN","items_purchased":["Guardian:FloatingOrbs","Guardian:Gem_Lightblue","Oddly Smooth Stone","Vajra","Question Card","Guardian:ShieldSpikes","Guardian:TimeCapacitor","expansioncontent:DarkVoid","MerchantsRug","Guardian:PrismaticBeam","Guardian:ArmoredProtocol","Magnetism","Bag of Preparation","hubris:EmptyBottle","Guardian:Repulse","HandDrill","Whetstone","Nunchaku","Guardian:PrismaticBarrier","ChiLing","Ornamental Fan","expansioncontent:StudyTheSpire"],"campfire_rested":0,"item_purchase_floors":[6,6,6,13,13,13,13,13,13,14,14,14,14,14,20,20,20,20,20,31,40,40],"current_hp_per_floor":[72,72,58,50,50,51,51,50,49,49,56,56,63,71,81,91,130,130,137,137,137,137,152,152,168,197,219,243,263,286,286,316,346,368,368,399,432,468,504,504,504,504,504,504,544,590,638,688,738,766],"gold":101,"neow_bonus":"TRANSFORM_TWO_CARDS","is_daily":false,"chose_seed":false,"campfire_upgraded":4,"win_rate":0.0,"timestamp":1608558498,"path_taken":["R","?","E","M","?","?","T","?","E","R","M","?","$","$","M","BOSS","R","E","$","?","?","M","T","M","M","E","M","M","M","$","M","BOSS","R","M","E","?","E","$","T","?","?","R","M","M","?","M","M","BOSS"],"items_purchased_type":["Card","Card","Relic","Relic","Relic","Card","Card","Card","Relic","Card","Card","Card","Relic","Relic","Card","Relic","Relic","Relic","Card","Relic","Relic","Card"],"build_version":"2020-12-13","purchased_purges":3,"victory":true,"max_hp_per_floor":[72,72,72,74,74,76,76,81,87,87,94,94,101,109,119,130,130,130,144,144,144,144,159,159,175,204,226,250,276,305,305,336,368,368,368,401,435,471,508,508,508,508,508,508,548,594,643,693,744,796],"card_choices":[{"not_picked":["Guardian:Gem_Cyan","Guardian:PolyBeam"],"picked":"Guardian:Planning","floor":3},{"not_picked":["Guardian:TimeCapacitor","Guardian:Gem_Green"],"picked":"Guardian:RollAttack","floor":4},{"not_picked":["Guardian:PrismaticBarrier","Guardian:PiercingHide"],"picked":"Guardian:Gem_Lightblue","floor":6},{"not_picked":["Guardian:AncientConstruct","Guardian:BronzeOrb"],"picked":"Guardian:Gem_Yellow","floor":8},{"not_picked":["Guardian:Gem_Green","Guardian:TemporalStrike"],"picked":"Guardian:Gem_Purple","floor":9},{"not_picked":["Guardian:TimeCapacitor","Guardian:Gem_Cyan"],"picked":"Guardian:Gem_Red","floor":11},{"not_picked":["Guardian:ShieldCharger","Guardian:TemporalStrike"],"picked":"Guardian:Gem_Fragmented","floor":13},{"not_picked":["Guardian:ShieldCharger","Guardian:Planning","Guardian:RollAttack"],"picked":"Guardian:Gem_Lightblue","floor":14},{"not_picked":["Guardian:CrystalBeam","Guardian:Gem_Lightblue","Guardian:Emergency"],"picked":"Guardian:Incinerate","floor":15},{"not_picked":["Guardian:HyperBeam_Guardian","Guardian:StasisField","Guardian:Gem_Orange"],"picked":"Guardian:GemFinder","floor":16},{"not_picked":["Guardian:Reroute","Guardian:Gem_Green","Guardian:ChargeCore"],"picked":"Guardian:Harden+1","floor":19},{"not_picked":["Guardian:Gem_Lightblue","Guardian:Gem_Cyan"],"picked":"Guardian:Gem_Green","floor":23},{"not_picked":["Guardian:Gem_Lightblue","Guardian:Gem_Green"],"picked":"Guardian:Gem_Red","floor":23},{"not_picked":["Guardian:Gem_Purple","Guardian:Recover","Guardian:PrimingBeam"],"picked":"Guardian:Emergency+1","floor":23},{"not_picked":["Guardian:Gem_Lightblue","Guardian:Gem_Green"],"picked":"Guardian:Gem_Red","floor":25},{"not_picked":["Guardian:Gem_Lightblue","Guardian:WalkerClaw","Guardian:Suspension+1"],"picked":"Guardian:ExploitGems+1","floor":25},{"not_picked":["Guardian:Gem_Lightblue","Guardian:Gem_Cyan"],"picked":"Guardian:Gem_Green","floor":25},{"not_picked":["Guardian:AncientConstruct","Guardian:Preprogram+1","Guardian:RollAttack"],"picked":"Guardian:TemporalShield+1","floor":26},{"not_picked":["Guardian:Gem_Cyan","Guardian:Gem_Green"],"picked":"Guardian:Gem_Lightblue","floor":27},{"not_picked":["Guardian:Gem_Cyan","Guardian:Gem_Green"],"picked":"Guardian:Gem_Lightblue","floor":27},{"not_picked":["Guardian:Recover+1","Guardian:TemporalStrike+1","Guardian:Suspension+1"],"picked":"Guardian:SpikerProtocol","floor":27},{"not_picked":["Guardian:Planning+1","Guardian:ChargeCore","Guardian:TemporalStrike"],"picked":"Guardian:BaubleBeam","floor":28},{"not_picked":["Guardian:Gem_Cyan","Guardian:Gem_Lightblue"],"picked":"Guardian:Gem_Red","floor":29},{"not_picked":["Guardian:Gem_Cyan","Guardian:Gem_Green"],"picked":"Guardian:Gem_Red","floor":29},{"not_picked":["Guardian:ShieldCharger+1","Guardian:SentryBeam+1","Guardian:ChargeCore"],"picked":"Guardian:WalkerClaw+1","floor":29},{"not_picked":["Guardian:Gem_Cyan","Guardian:Gem_Green"],"picked":"Guardian:Gem_Red","floor":30},{"not_picked":["Guardian:Gem_Lightblue","Guardian:Gem_Cyan"],"picked":"Guardian:Gem_Red","floor":30},{"not_picked":["Guardian:ShieldCharger+1","Guardian:SpikerProtocol","Guardian:RollAttack"],"picked":"Guardian:Suspension+1","floor":30},{"not_picked":["Guardian:RollAttack","Guardian:Reroute+1","Guardian:CrystalBeam"],"picked":"Guardian:SpikerProtocol+1","floor":32},{"not_picked":["Guardian:StasisStrike","Guardian:BaubleBeam","Guardian:SphericShield+1"],"picked":"Guardian:RevengeProtocol","floor":33},{"not_picked":["Guardian:FloatingOrbs+1","Guardian:ShieldSpikes+1","Guardian:Gem_Blue"],"picked":"Guardian:BronzeOrb+1","floor":36},{"not_picked":["Guardian:Emergency+1","Guardian:DonusPower+1","Guardian:Suspension+1","Guardian:Harden+1"],"picked":"SKIP","floor":37},{"not_picked":["Guardian:ChargeUp+1","Guardian:PrimingBeam","Guardian:TimeBomb+1"],"picked":"Guardian:WalkerClaw","floor":39},{"not_picked":["MostiFishMod:KingOfFree","Impatience+1","Swift Strike"],"picked":"expansioncontent:PrepareCrush+1","floor":42},{"not_picked":["Mind Blast","Dark Shackles+1","expansioncontent:FaceSlap"],"picked":"expansioncontent:SlimeTackle","floor":42},{"not_picked":["Guardian:ChargeCore+1","Guardian:TemporalStrike","Guardian:Gem_Green","Guardian:Reroute"],"picked":"SKIP","floor":45},{"not_picked":["Guardian:PrimingBeam+1","Guardian:PolyBeam+1","Guardian:Reroute+1"],"picked":"Guardian:BronzeArmor+1","floor":46},{"not_picked":["Guardian:Planning+1","Guardian:FloatingOrbs","Guardian:Incinerate"],"picked":"Guardian:ExploitGems+1","floor":47},{"not_picked":["Guardian:Gem_Lightblue","Guardian:PrimingBeam","Guardian:Recover+1"],"picked":"Guardian:SpikerProtocol","floor":48},{"not_picked":["Guardian:Gem_Green","Guardian:Gem_Red","Guardian:Gem_Lightblue"],"picked":"Guardian:PrimingBeam+1","floor":49}],"player_experience":354464,"relics_obtained":[{"floor":3,"key":"Civilization"},{"floor":7,"key":"aspiration:AnachronicSnailShell"},{"floor":8,"key":"Odd Mushroom"},{"floor":9,"key":"Kunai"},{"floor":16,"key":"ImportantClient"},{"floor":19,"key":"aspiration:SeaSaltIceCream"},{"floor":24,"key":"Toxic Egg 2"},{"floor":27,"key":"hubris:MedicalManual"},{"floor":37,"key":"Lantern"},{"floor":38,"key":"Calipers"},{"floor":39,"key":"hubris:MysteriousPyramids"}],"event_choices":[{"damage_healed":0,"gold_gain":0,"player_choice":"Fought Mushrooms","damage_taken":0,"max_hp_gain":0,"max_hp_loss":0,"event_name":"Mushrooms","floor":8,"gold_loss":0},{"damage_healed":0,"gold_gain":0,"player_choice":"Ignored","damage_taken":0,"max_hp_gain":0,"max_hp_loss":0,"event_name":"betterNote:BetterNote","floor":21,"gold_loss":0,"cards_obtained":["Echo Form"]},{"damage_healed":0,"gold_gain":0,"player_choice":"Ignored","damage_taken":0,"max_hp_gain":0,"max_hp_loss":0,"event_name":"Ghosts","floor":22,"gold_loss":0},{"damage_healed":0,"gold_gain":0,"player_choice":"Fight","damage_taken":0,"max_hp_gain":0,"max_hp_loss":0,"event_name":"Mysterious Sphere","floor":38,"gold_loss":0},{"damage_healed":0,"gold_gain":3,"player_choice":"1","damage_taken":0,"max_hp_gain":0,"max_hp_loss":0,"event_name":"betterStone:BetterStone","floor":42,"gold_loss":0}],"is_beta":false,"boss_relics":[{"not_picked":["Guardian:StasisSlotReductionRelic","hubris:ScarierMask"],"picked":"ChiXiaoBlade"},{"not_picked":["FrostBlade","hubris:HollowSoul"],"picked":"hubris:GrandSneckoEye"}],"items_purged_floors":[13,14,40],"is_endless":false,"potions_floor_spawned":[8,11,16,23,26,28,29,36,37,47,49],"ascension_level":0}}