{"host":"i0avyit1s6jb1siw","time":1608590650,"event":{"mods":["BaseMod","DeckTracker","Dota2Spire","Highlight Path","Minty Spire (QoL Compilation)","Quick Restart","Replay The Spire","StSLib","SuperFastMode"],"gold_per_floor":[111,36,36,52,72,98,98,130,130,159,159,159,159,188,188,260,260,280,280,313,332,356,391,50,50,50,107,117,117,37,49,49,155,155,170,170,170,170,186,200,279,279,310,328,400,400,463,463,489,208,233,263,263,263,263,1,66,96],"floor_reached":59,"playtime":1418,"items_purged":["Strike_G","Terror","Blade Dance"],"score":3054,"play_id":"76d17748-75ca-4847-ac7a-57e8b54b7689","local_time":"20201221234410","is_ascension_mode":true,"campfire_choices":[{"data":"Terror","floor":13,"key":"SMITH"},{"data":"Prepared","floor":15,"key":"SMITH"},{"data":"Well Laid Plans","floor":25,"key":"SMITH"},{"data":"Phantasmal Killer","floor":29,"key":"SMITH"},{"floor":42,"key":"RECALL"},{"data":"Flechettes","floor":46,"key":"SMITH"},{"data":"Concentrate","floor":48,"key":"SMITH"},{"data":"Dodge and Roll","floor":55,"key":"SMITH"}],"circlet_count":0,"master_deck":["AscendersBane","Defend_G","Defend_G","Defend_G","Defend_G","Survivor","Neutralize","Blade Dance","Blade Dance","Blade Dance+1","Dagger Spray","Flechettes+1","Reflex","Terror+1","Prepared+1","Phantasmal Killer+1","CurseOfTheBell","Well Laid Plans+1","Backflip","Deflect+1","Calculated Gamble","Escape Plan","Blade Dance+1","Concentrate+1","PiercingWail","Blur","Finisher","Dodge and Roll+1","Backflip+1","PiercingWail","Backflip","Footwork"],"relics":["Ring of the Snake","Kunai","Shuriken","Juzu Bracelet","Meat on the Bone","Anchor","Dota2Spire:Satanic","Dota2Spire:BattleFury","Odd Mushroom","Ornamental Fan","Replay:Grab Bag","Dota2Spire:RefresherOrb","Replay:Bronze Core","HoveringKite","Calling Bell","Bag of Preparation","Replay:Accelerometer","Byrd Skull","Red Mask","Dota2Spire:EtherealBlade","ClockworkSouvenir","Dota2Spire:HandOfMidas","The Courier","Pen Nib","Honey Jar","Pocketwatch","Du-Vu Doll","Dota2Spire:CrimsonGuard","Orichalcum","Dota2Spire:ShadowBlade","OrangePellets","Unceasing Top","DollysMirror","Golden Egg"],"acts_visited":["Exordium","TheCity","TheBeyond","TheEnding"],"potions_floor_usage":[6,58,58],"damage_taken":[{"damage":0.0,"enemies":"Cultist","floor":1.0,"turns":2.0},{"damage":2.0,"enemies":"2 Louse","floor":4.0,"turns":3.0},{"damage":0.0,"enemies":"Small Slimes","floor":5.0,"turns":2.0},{"damage":0,"enemies":"3 Sentries","floor":6,"turns":2},{"damage":8,"enemies":"Lagavulin","floor":8,"turns":3},{"damage":0,"enemies":"The Mushroom Lair","floor":10,"turns":2},{"damage":0,"enemies":"Gremlin Nob","floor":14,"turns":2},{"damage":3,"enemies":"Hexaghost","floor":16,"turns":5},{"damage":0,"enemies":"2 Thieves","floor":18,"turns":2},{"damage":0,"enemies":"Masked Bandits","floor":20,"turns":2},{"damage":0,"enemies":"Shell Parasite","floor":21,"turns":1},{"damage":0,"enemies":"Slavers","floor":23,"turns":3},{"damage":0,"enemies":"Replay:Snechameleon","floor":27,"turns":2},{"damage":0,"enemies":"Snake Plant","floor":28,"turns":1},{"damage":0,"enemies":"Centurion and Healer","floor":31,"turns":1},{"damage":0,"enemies":"Collector","floor":33,"turns":3},{"damage":8,"enemies":"3 Shapes","floor":35,"turns":1},{"damage":0,"enemies":"3 Darklings","floor":39,"turns":1},{"damage":0,"enemies":"Jaw Worm Horde","floor":40,"turns":2},{"damage":0,"enemies":"2 Orb Walkers","floor":41,"turns":2},{"damage":0,"enemies":"Reptomancer","floor":43,"turns":2},{"damage":0,"enemies":"4 Shapes","floor":44,"turns":1},{"damage":0,"enemies":"Giant Head","floor":47,"turns":2},{"damage":0,"enemies":"Reptomancer","floor":49,"turns":1},{"damage":0,"enemies":"Mind Bloom Boss Battle","floor":51,"turns":1},{"damage":0,"enemies":"Awakened One","floor":52,"turns":3},{"damage":0,"enemies":"Replay:Hell Engine","floor":53,"turns":4},{"damage":0,"enemies":"Shield and Spear","floor":57,"turns":3},{"damage":1,"enemies":"The Heart","floor":58,"turns":6}],"seed_played":"-3596824516998156713","potions_obtained":[{"floor":1.0,"key":"SteroidPotion"},{"floor":5.0,"key":"Dexterity Potion"},{"floor":14,"key":"Cursed Concoction"},{"floor":20,"key":"DuplicationPotion"},{"floor":39,"key":"DistilledChaos"},{"floor":40,"key":"Swift Potion"},{"floor":47,"key":"EssenceOfSteel"},{"floor":51,"key":"SpeedPotion"},{"floor":57,"key":"Ancient Potion"}],"is_trial":false,"path_per_floor":["M","$","T","M","M","E","?","E","T","?","?","$","R","E","R","B",null,"M","?","?","M","T","E","$","R","T","E","M","R","$","M","R","B",null,"M","$","PTL","PTL","M","M","?","R","E","M","T","R","E","R","E","$","R","B","B",null,"R","$","E","B",null],"character_chosen":"THE_SILENT","items_purchased":["ClockworkSouvenir","Dota2Spire:HandOfMidas","OrangePellets","Dodge and Roll","GhostInAJar","DollysMirror","Backflip"],"campfire_rested":0,"item_purchase_floors":[24,24,50,50,56,56,56],"current_hp_per_floor":[59,59,59,57,57,57,50,42,42,42,42,42,42,42,42,39,59,59,41,41,41,41,41,41,41,41,41,41,41,41,41,62,62,69,61,61,61,61,61,61,61,61,61,61,61,61,61,61,61,61,61,61,61,69,69,69,69,68],"gold":96,"neow_bonus":"RANDOM_COMMON_RELIC","is_daily":false,"chose_seed":false,"campfire_upgraded":7,"win_rate":0.0,"timestamp":1608590650,"path_taken":["M","$","?","M","M","E","?","E","T","?","?","$","R","E","R","BOSS","M","?","?","M","?","E","$","R","T","E","M","R","$","M","R","BOSS","M","$","PTL","PTL","M","M","?","R","E","M","T","R","E","R","E","$","R","BOSS","BOSS","R","$","E","BOSS"],"items_purchased_type":["Relic","Relic","Relic","Card","Potion","Relic","Card"],"build_version":"2020-12-13","purchased_purges":3,"victory":true,"max_hp_per_floor":[66,66,66,66,66,66,66,66,66,66,66,66,66,66,66,66,66,66,71,71,71,71,71,71,71,71,71,71,71,71,71,71,71,71,71,71,71,71,71,71,71,71,71,71,71,71,71,71,71,71,71,71,71,71,71,71,71,71],"card_choices":[{"not_picked":["Blur","Dodge and Roll"],"picked":"Terror","floor":1.0},{"not_picked":["All Out Attack","ReplayTheSpireMod:Shiv Toss","Distraction"],"picked":"SKIP","floor":4.0},{"not_picked":["Eviscerate","Slice"],"picked":"Dagger Spray","floor":5.0},{"not_picked":["Dodge and Roll","ReplayTheSpireMod:Tripwire"],"picked":"Flechettes","floor":6},{"not_picked":["Grand Finale","PiercingWail"],"picked":"Blade Dance","floor":8},{"not_picked":["Acrobatics","Prepared"],"picked":"Reflex","floor":10},{"not_picked":["Backflip","Sucker Punch"],"picked":"Prepared","floor":14},{"not_picked":["Die Die Die","Storm of Steel"],"picked":"Phantasmal Killer","floor":16},{"not_picked":["Dodge and Roll","Dagger Throw+1"],"picked":"Well Laid Plans","floor":18},{"not_picked":["Predator","Flechettes","Sucker Punch"],"picked":"SKIP","floor":21},{"not_picked":["Atom Bomb","Bane"],"picked":"Backflip","floor":23},{"not_picked":["Well Laid Plans+1","Heel Hook+1","Terror+1"],"picked":"SKIP","floor":27},{"not_picked":["Endless Agony","Well Laid Plans+1","Underhanded Strike+1"],"picked":"SKIP","floor":28},{"not_picked":["Noxious Fumes","Hidden Blade","ReplayTheSpireMod:Exploit Weakness"],"picked":"SKIP","floor":31},{"not_picked":["Acrobatics","Underhanded Strike","Deadly Poison"],"picked":"Deflect+1","floor":35},{"not_picked":["Expertise+1","Blur","Setup"],"picked":"Calculated Gamble","floor":39},{"not_picked":["Dodge and Roll","Backflip","Outmaneuver+1"],"picked":"Escape Plan","floor":40},{"not_picked":["Dagger Spray","Cloak And Dagger","Dodge and Roll"],"picked":"Blade Dance+1","floor":41},{"not_picked":["Underhanded Strike","Poisoned Stab","Dagger Spray+1"],"picked":"Concentrate","floor":43},{"not_picked":["Calculated Gamble+1","Footwork","Replay:Bag of Tricks"],"picked":"PiercingWail","floor":44},{"not_picked":["Draining Mist+1","Caltrops","Hidden Blade"],"picked":"Blur","floor":47},{"not_picked":["Dagger Spray","Underhanded Strike","Catalyst"],"picked":"Finisher","floor":49},{"not_picked":["Poisoned Stab","Bane+1","Reflex"],"picked":"Backflip+1","floor":51},{"not_picked":["Backstab","Slice","All Out Attack"],"picked":"Footwork","floor":57}],"player_experience":2095551,"relics_obtained":[{"floor":3.0,"key":"Meat on the Bone"},{"floor":6,"key":"Anchor"},{"floor":8,"key":"Dota2Spire:Satanic"},{"floor":9,"key":"Dota2Spire:BattleFury"},{"floor":10,"key":"Odd Mushroom"},{"floor":14,"key":"Ornamental Fan"},{"floor":17,"key":"Bag of Preparation"},{"floor":17,"key":"Replay:Accelerometer"},{"floor":17,"key":"Byrd Skull"},{"floor":20,"key":"Red Mask"},{"floor":23,"key":"Dota2Spire:EtherealBlade"},{"floor":26,"key":"The Courier"},{"floor":27,"key":"Pen Nib"},{"floor":41,"key":"Pocketwatch"},{"floor":43,"key":"Du-Vu Doll"},{"floor":45,"key":"Dota2Spire:CrimsonGuard"},{"floor":47,"key":"Orichalcum"},{"floor":49,"key":"Dota2Spire:ShadowBlade"},{"floor":51,"key":"Unceasing Top"},{"floor":57,"key":"Golden Egg"}],"event_choices":[{"cards_removed":["Defend_G"],"damage_healed":0,"gold_gain":0,"player_choice":"Card Removal","damage_taken":7,"max_hp_gain":0,"max_hp_loss":0,"event_name":"Golden Wing","floor":7,"gold_loss":0},{"damage_healed":0,"gold_gain":0,"player_choice":"Fought Mushrooms","damage_taken":0,"max_hp_gain":0,"max_hp_loss":0,"event_name":"Mushrooms","floor":10,"gold_loss":0},{"damage_healed":0,"gold_gain":0,"cards_transformed":["Blade Dance"],"player_choice":"Transformed","damage_taken":0,"max_hp_gain":0,"max_hp_loss":0,"event_name":"Transmorgrifier","floor":11,"gold_loss":0,"cards_obtained":["Terror"]},{"damage_healed":0,"gold_gain":0,"player_choice":"Shed Blood","damage_taken":23,"max_hp_gain":5,"max_hp_loss":0,"event_name":"Forgotten Altar","floor":19,"gold_loss":0},{"damage_healed":0,"gold_gain":0,"player_choice":"Fought Bandits","damage_taken":0,"max_hp_gain":0,"max_hp_loss":0,"event_name":"Masked Bandits","floor":20,"gold_loss":0},{"damage_healed":0,"gold_gain":0,"player_choice":"Fight","damage_taken":0,"max_hp_gain":0,"max_hp_loss":0,"event_name":"Mysterious Sphere","floor":41,"gold_loss":0},{"damage_healed":0,"gold_gain":0,"player_choice":"Fight","damage_taken":0,"max_hp_gain":0,"max_hp_loss":0,"event_name":"MindBloom","floor":51,"gold_loss":0}],"is_beta":false,"boss_relics":[{"not_picked":["Ectoplasm","Busted Crown"],"picked":"Replay:Grab Bag"},{"not_picked":["Abe\u0027s Treasure","Replay:Wanted Poster"],"picked":"Dota2Spire:RefresherOrb"},{"not_picked":["Painkiller Herb","ReplayTheSpireMod:Onyx Gauntlets"],"picked":"Replay:Bronze Core"},{"not_picked":["SlaversCollar","Empty Cage"],"picked":"HoveringKite"},{"not_picked":["Snecko Scales","Replay:Drink Me"],"picked":"Calling Bell"},{"not_picked":["Ring of Chaos","Fusion Hammer"],"picked":"Honey Jar"}],"items_purged_floors":[2,30,50],"is_endless":false,"potions_floor_spawned":[1,5,14,20,23,31,39,40,47,51,57],"ascension_level":20}}