{"host":"e8rlfedn69rz2s07","time":1608590847,"event":{"mods":["Act Like it!","BaseMod","Conspire","Hubris","Infinite Spire","Minty Spire (QoL Compilation)","Permanent Neow","Relic Stats","Replay The Spire","Shop Mod","StSLib","The Jungle"],"gold_per_floor":[219,234,234,234,47,47,65,79,79,91,123,123,123,135,135,208,208,220,235,510,90,110,110,122,138,138,38,38,38,38,38],"floor_reached":30,"playtime":1413,"items_purged":["Strike_G","Regret","Strike_G"],"score":514,"play_id":"54dad689-f376-4001-938e-0278356bf982","local_time":"20201222004727","is_ascension_mode":true,"campfire_choices":[{"floor":6.0,"key":"REST"},{"data":"Footwork","floor":13.0,"key":"SMITH"},{"data":"Crippling Poison","floor":15.0,"key":"SMITH"},{"floor":23,"key":"REST"}],"circlet_count":0,"master_deck":["AscendersBane","Defend_G","Defend_G+1","Defend_G","Defend_G","Defend_G","Survivor","Neutralize+1","Toxin Wave+1","PiercingWail","Flying Knee","Predator+1","Backflip","Footwork+1","conspire:PoisonWeapons","Crippling Poison+1","Crippling Poison","Venomology","Catalyst","ReplayTheSpireMod:Exploit Weakness","Catalyst","Noxious Fumes","PiercingWail","Bane","Deadly Poison","infinitespire:Starlight"],"relics":["Ring of the Snake","Replay:PocketPolymizer","ReplayTheSpireMod:TigerMarble","conspire:SlowCooker","Gremlin Food","Kunai","Torii"],"acts_visited":["Exordium","Exordium"],"potions_floor_usage":[24,24,24,25,30],"damage_taken":[{"damage":12.0,"enemies":"Cultist","floor":1.0,"turns":5.0},{"damage":4.0,"enemies":"Small Slimes","floor":2.0,"turns":4.0},{"damage":0.0,"enemies":"2 Louse","floor":7.0,"turns":3.0},{"damage":0.0,"enemies":"Lots of Slimes","floor":8.0,"turns":1.0},{"damage":0.0,"enemies":"Exordium Thugs","floor":10.0,"turns":4.0},{"damage":0.0,"enemies":"3 Sentries","floor":11.0,"turns":8.0},{"damage":23.0,"enemies":"Blue Slaver","floor":14.0,"turns":5.0},{"damage":11.0,"enemies":"Hexaghost","floor":16.0,"turns":10.0},{"damage":1.0,"enemies":"theJungle:5_Spyders","floor":18.0,"turns":9.0},{"damage":8.0,"enemies":"theJungle:GiantWrat","floor":19.0,"turns":7.0},{"damage":34,"enemies":"theJungle:Lyon","floor":22,"turns":8},{"damage":12,"enemies":"theJungle:Snecko_Cultist_And_Trap","floor":24,"turns":7},{"damage":15,"enemies":"theJungle:SlimyTreeVines","floor":25,"turns":8},{"damage":7,"enemies":"theJungle:Lyon","floor":30,"turns":3}],"seed_played":"3481286425270415970","potions_obtained":[{"floor":2.0,"key":"DistilledChaos"},{"floor":7.0,"key":"Explosive Potion"},{"floor":11.0,"key":"Weak Potion"},{"floor":12.0,"key":"LifebloodPotion"},{"floor":18.0,"key":"BlessingOfTheForge"}],"is_trial":false,"path_per_floor":["M","M","?","?","$","R","M","M","T","M","E","?","R","M","R","B",null,"M","M","?","$","M","R","M","M","T","?","?","AVR","M"],"character_chosen":"THE_SILENT","items_purchased":["PiercingWail","Flying Knee","Catalyst","Noxious Fumes","Gremlin Food"],"campfire_rested":2,"item_purchase_floors":[5,5,21,21,21],"current_hp_per_floor":[47,43,23,23,23,42,42,42,42,42,42,42,42,19,19,8,52,51,43,43,43,9,28,16,7,7,7,7,7,0,0],"gold":38,"neow_bonus":"HUNDRED_GOLD","is_daily":false,"chose_seed":false,"campfire_upgraded":2,"win_rate":0.0,"timestamp":1608590847,"path_taken":["M","M","?","?","$","R","M","M","T","M","E","?","R","?","R","BOSS","M","M","?","$","?","R","?","M","T","?","?","AVR","M"],"items_purchased_type":["Card","Card","Card","Card","Relic"],"build_version":"2020-12-13","purchased_purges":3,"victory":false,"max_hp_per_floor":[66,66,66,66,66,66,66,66,66,66,66,66,66,66,66,66,66,66,66,66,66,66,66,66,66,66,66,66,66,66,66],"relic_stats":{"Torii":1,"counters":[14,82],"Kunai":[0],"obtain_stats":[{"Gremlin Food":21,"Replay:PocketPolymizer":9,"Torii":29,"conspire:SlowCooker":17,"ReplayTheSpireMod:TigerMarble":11,"Kunai":26,"Ring of the Snake":0},{"Gremlin Food":10,"Replay:PocketPolymizer":4,"Torii":13,"conspire:SlowCooker":8,"ReplayTheSpireMod:TigerMarble":6,"Kunai":13,"Ring of the Snake":0},{"Gremlin Food":56,"Replay:PocketPolymizer":13,"Torii":79,"conspire:SlowCooker":40,"ReplayTheSpireMod:TigerMarble":25,"Kunai":79,"Ring of the Snake":0}],"Ring of the Snake":[28]},"card_choices":[{"not_picked":["Flying Knee","Deflect"],"picked":"Toxin Wave","floor":1.0},{"not_picked":["Prepared","Dodge and Roll","Expertise"],"picked":"SKIP","floor":2.0},{"not_picked":["PiercingWail","hubris:Counter"],"picked":"Predator","floor":7.0},{"not_picked":["Sucker Punch","Dodge and Roll"],"picked":"Backflip","floor":8.0},{"not_picked":["Fluid Movement","Dagger Spray"],"picked":"Footwork","floor":10.0},{"not_picked":["Acrobatics","Flechettes","Dagger Spray"],"picked":"SKIP","floor":11.0},{"not_picked":["Quick Slash","Doppelganger"],"picked":"Crippling Poison","floor":14.0},{"not_picked":["Unload","Phantasmal Killer"],"picked":"Venomology","floor":16.0},{"not_picked":["Choke","Quick Slash"],"picked":"Catalyst","floor":18.0},{"not_picked":["hubris:Counter+1","Cloak And Dagger"],"picked":"ReplayTheSpireMod:Exploit Weakness","floor":19.0},{"not_picked":["Dagger Throw","Caltrops"],"picked":"PiercingWail","floor":22},{"not_picked":["hubris:SlightOfHand","Infinite Blades","Blade Dance"],"picked":"SKIP","floor":24},{"not_picked":["Deflect","Toxin Wave"],"picked":"Deadly Poison","floor":25}],"player_experience":906056,"relics_obtained":[{"floor":9.0,"key":"Replay:PocketPolymizer"},{"floor":11.0,"key":"ReplayTheSpireMod:TigerMarble"},{"floor":26,"key":"Kunai"}],"event_choices":[{"damage_healed":0.0,"max_hp_gain":0.0,"max_hp_loss":0.0,"gold_gain":0.0,"event_name":"Shining Light","player_choice":"Entered Light","floor":3.0,"gold_loss":0.0,"damage_taken":20.0,"cards_upgraded":["Defend_G","Toxin Wave"]},{"damage_healed":0.0,"max_hp_gain":0.0,"max_hp_loss":0.0,"gold_gain":0.0,"event_name":"Lab","player_choice":"Got Potions","floor":12.0,"gold_loss":0.0,"damage_taken":0.0},{"damage_healed":0.0,"max_hp_gain":0.0,"max_hp_loss":0.0,"gold_gain":275.0,"event_name":"Golden Shrine","player_choice":"Desecrate","floor":20.0,"gold_loss":0.0,"damage_taken":0.0,"cards_obtained":["Regret"]}],"is_beta":false,"boss_relics":[{"not_picked":["hubris:CrackedHourglass","hubris:BlackHole"],"picked":"conspire:SlowCooker"}],"items_purged_floors":[5,21,29],"is_endless":false,"potions_floor_spawned":[2,7,11,14,16,18,25],"killed_by":"theJungle:Lyon","ascension_level":20}}