{"host":"rboopjqmv70p1gpw","time":1608562778,"event":{"mods":["Act Like it!","BaseMod","CapriCore","Colored Map","Emptier Cage","Friendly Minions","Gensokyo","Gold Saver","Minty Spire (QoL Compilation)","Quick Restart","READ ME - Guardian Mod","Spicy Shops","StSLib","The Alterego","Transform Curses","Waifu the Spire","WarShipGirlsR/战舰少女R mod","[IsaacMod]以撒尖塔","【东方二次创作】八云紫mod"],"gold_per_floor":[113,43,54,54,4,4,34,34,34,34,34],"floor_reached":10,"playtime":266,"items_purged":[],"score":156,"play_id":"3cacdd01-defb-42ab-a0b3-8f9d45ce452c","local_time":"20201221225938","is_ascension_mode":true,"campfire_choices":[{"data":"Gensokyo:CrescentMoonSlash","floor":6,"key":"SMITH"}],"circlet_count":0,"master_deck":["AscendersBane","Strike_B","Strike_B","Strike_B","Strike_B","Defend_B","Defend_B+1","Defend_B+1","Defend_B","Zap","Dualcast+1","Conserve Battery+1","ElectricPowerLearning","Gensokyo:CrescentMoonSlash+1","Reboot","Defragment"],"relics":["Cracked Core","HushsDoor","NeowsBlessing","Damocles","Oddly Smooth Stone","Gremlin Horn","TheBible","War Paint"],"acts_visited":["Gensokyo:Gensokyo"],"potions_floor_usage":[],"damage_taken":[{"damage":0,"enemies":"Gensokyo:3_Fairies","floor":1,"turns":2},{"damage":0,"enemies":"Gensokyo:Gryphon","floor":3,"turns":1},{"damage":0,"enemies":"Gensokyo:Cirno","floor":7,"turns":2},{"damage":1,"enemies":"Gensokyo:Aya","floor":10,"turns":3}],"seed_played":"-1934034767508299614","potions_obtained":[],"is_trial":false,"path_per_floor":["M","?","M","?","?","R","E","$","T","E"],"character_chosen":"DEFECT","items_purchased":[],"campfire_rested":0,"item_purchase_floors":[],"current_hp_per_floor":[64,64,64,55,55,55,55,55,55,54,54],"gold":34,"neow_bonus":"THREE_ENEMY_KILL","is_daily":false,"chose_seed":false,"campfire_upgraded":1,"win_rate":0.0,"timestamp":1608562778,"path_taken":["M","?","M","?","?","R","E","$","T","E"],"items_purchased_type":[],"build_version":"2020-12-13","purchased_purges":0,"victory":false,"max_hp_per_floor":[71,71,71,71,71,71,71,71,71,71,71],"card_choices":[{"not_picked":[],"picked":"ChaosCard","floor":0},{"not_picked":["Rebound","Fusion"],"picked":"Conserve Battery","floor":1},{"not_picked":["FTL","Streamline"],"picked":"ElectricPowerLearning","floor":3},{"not_picked":[],"picked":"Reboot","floor":5},{"not_picked":["Stack","Cold Snap"],"picked":"Defragment","floor":7}],"player_experience":272131,"relics_obtained":[{"floor":1,"key":"Oddly Smooth Stone"},{"floor":3,"key":"Gremlin Horn"},{"floor":7,"key":"TheBible"},{"floor":7,"key":"War Paint"}],"event_choices":[],"is_beta":false,"boss_relics":[],"items_purged_floors":[],"is_endless":false,"potions_floor_spawned":[],"killed_by":"Gensokyo:Aya","ascension_level":17}}