{"host":"zi8o4akxlgxypwgb","time":1608565788,"event":{"mods":["BaseMod","Minty Spire (QoL Compilation)","Replay The Spire","StSLib","SuperFastMode"],"gold_per_floor":[118,131,81,100,116,116,15,50,75,110,110,12,22,22,22],"floor_reached":14,"playtime":542,"items_purged":[],"score":145,"play_id":"99fc486f-9b01-46d7-ac6f-cc562d37066a","local_time":"20201221234948","is_ascension_mode":true,"campfire_choices":[{"data":"Infinite Blades","floor":6.0,"key":"SMITH"}],"circlet_count":0,"master_deck":["Strike_G","Strike_G","Strike_G+1","Strike_G","Defend_G","Defend_G+1","Defend_G","Defend_G","Defend_G","Survivor","Neutralize","Infinite Blades+1","Backflip","Flying Knee","Underhanded Strike","Cloak And Dagger+1","Jack Of All Trades","Eviscerate","Eviscerate","Backflip","A Thousand Cuts","Terror","Deadly Poison+1","Deflect"],"relics":["Ring of the Snake","Blue Doll","Replay:Rubber Ducky","Oddly Smooth Stone","Snake Skull"],"acts_visited":["Exordium"],"potions_floor_usage":[10,14,14],"damage_taken":[{"damage":2.0,"enemies":"Jaw Worm","floor":1.0,"turns":5.0},{"damage":2.0,"enemies":"Cultist","floor":2.0,"turns":5.0},{"damage":7.0,"enemies":"Small Slimes","floor":4.0,"turns":4.0},{"damage":1.0,"enemies":"Looter","floor":5.0,"turns":4.0},{"damage":25.0,"enemies":"Gremlin Nob","floor":8.0,"turns":4.0},{"damage":9,"enemies":"Lagavulin","floor":10,"turns":6},{"damage":0,"enemies":"Blue Slaver","floor":13,"turns":4},{"damage":8,"enemies":"3 Sentries","floor":14,"turns":2}],"seed_played":"2672205502909399068","potions_obtained":[{"floor":1.0,"key":"Regen Potion"},{"floor":4.0,"key":"Strength Potion"},{"floor":8.0,"key":"Fire Potion"},{"floor":13,"key":"Elixir"}],"is_trial":false,"path_per_floor":["M","M","?","M","M","R","$","E","T","E","?","$","M","E"],"character_chosen":"THE_SILENT","items_purchased":["Cloak And Dagger+1","Jack Of All Trades","Eviscerate","Terror","Deadly Poison+1"],"campfire_rested":0,"item_purchase_floors":[7,7,7,12,12],"current_hp_per_floor":[61,59,59,52,51,51,51,26,26,17,3,3,3,0,0],"gold":22,"neow_bonus":"RANDOM_COMMON_RELIC","is_daily":false,"chose_seed":false,"campfire_upgraded":1,"win_rate":0.0,"timestamp":1608565788,"path_taken":["M","M","?","M","M","R","$","E","T","E","?","$","M","E"],"items_purchased_type":["Card","Card","Card","Card","Card"],"build_version":"2020-12-13","purchased_purges":0,"victory":false,"max_hp_per_floor":[70,70,70,70,70,70,70,70,70,70,70,70,70,70,70],"card_choices":[{"not_picked":["Leg Sweep","Slice"],"picked":"Infinite Blades","floor":1.0},{"not_picked":["Draining Mist","Predator"],"picked":"Backflip","floor":2.0},{"not_picked":["Backstab","Outmaneuver"],"picked":"Flying Knee","floor":4.0},{"not_picked":["Outmaneuver","Reflex"],"picked":"Underhanded Strike","floor":5.0},{"not_picked":["Dodge and Roll","Choke"],"picked":"Backflip","floor":8.0},{"not_picked":["After Image","Toxin Wave"],"picked":"A Thousand Cuts","floor":10},{"not_picked":["Underhanded Strike","Backflip"],"picked":"Deflect","floor":13}],"player_experience":361971,"relics_obtained":[{"floor":8.0,"key":"Replay:Rubber Ducky"},{"floor":9.0,"key":"Oddly Smooth Stone"},{"floor":10,"key":"Snake Skull"}],"event_choices":[{"cards_removed":["Strike_G"],"damage_healed":0.0,"max_hp_gain":0.0,"max_hp_loss":0.0,"gold_gain":0.0,"event_name":"The Cleric","player_choice":"Card Removal","floor":3.0,"gold_loss":50.0,"damage_taken":0.0},{"damage_healed":0,"gold_gain":0,"player_choice":"Entered Light","damage_taken":14,"max_hp_gain":0,"max_hp_loss":0,"event_name":"Shining Light","floor":11,"gold_loss":0,"cards_upgraded":["Defend_G","Strike_G"]}],"is_beta":false,"boss_relics":[],"items_purged_floors":[],"is_endless":false,"potions_floor_spawned":[1,4,8,13],"killed_by":"3 Sentries","ascension_level":9}}