{"host":"6a06qhlf17v5rcww","time":1608532655,"event":{"mods":["BaseMod","Beaked The Cultist","Better Altar","Better Match","Better Note","Better Sensory Stone","Better Skull","Better Third Choice","BetterRewards","Downfall","Hermit","Minty Spire (QoL Compilation)","Rare Cards Sparkle","Replay The Spire","StSLib","The Cursed","The Witch"],"gold_per_floor":[0,30,145,145,171,75,75,86,106,106,170,182,182,282,301,398,398,323,323,323,338,338,100,100,113,145,145,162,306,306,225,241,343,343,343,175,175,186,186,186,241,259,270,195,195,119,138,138,150,150],"floor_reached":51,"playtime":4772,"items_purged":[],"score":898,"play_id":"a8596fb5-7432-4d44-992e-0763ecda9b90","local_time":"20201221013735","is_ascension_mode":true,"campfire_choices":[{"data":"hexamod:GhostLash","floor":4.0,"key":"SMITH"},{"floor":10.0,"key":"RECALL"},{"data":"hexamod:Float","floor":18.0,"key":"SMITH"},{"data":"hexamod:CouncilsJustice","floor":22.0,"key":"SMITH"},{"data":"hexamod:TimeOfNeed","floor":27.0,"key":"SMITH"},{"data":"beaked:AwakenedForm","floor":35.0,"key":"SMITH"},{"data":"expansioncontent:QuickStudy","floor":39.0,"key":"SMITH"},{"data":"hexamod:RecurringNightmare","floor":44.0,"key":"SMITH"}],"circlet_count":0,"master_deck":["hexamod:Float+1","hexamod:GhostLash+1","hexamod:BacktrackSmack","hexamod:CrushingStance","hexamod:DynamicBlow","hexamod:FourthSeal","hexamod:PowerFromBeyond","hexamod:SpectersWail","hexamod:FastForward","hexamod:EmpoweringStance+1","hexamod:NightmareGuise","hexamod:TimeOfNeed+1","Ghostly","Ghostly","Ghostly","hexamod:CouncilsJustice+1","hexamod:CouncilsJustice","hexamod:CouncilsJustice","hexamod:GhostOfSpireFuture+1","hexamod:NecessarySacrifice+1","hexamod:SpectersWail","hexamod:InspiringFlames+1","hexamod:GhostShield","hexamod:EtherealExpedition+1","expansioncontent:QuickStudy+1","expansioncontent:Flail","hexamod:EmpoweringStance","beaked:AwakenedForm+1","hexamod:RecurringNightmare+1","Panacea","Hallucinations","hexamod:SpectersWail","expansioncontent:DashGenerateEvil","Master of Strategy","hexamod:Rewind","hexamod:BacktrackSmack+1"],"relics":["hexamod:SpiritBrand","Mango","Juzu Bracelet","Ice Cream","Gambling Chip","Pondfish Scales","SacredBark","downfall:HeartBlessingRed","ReplayTheSpireMod:Lightbulb","hexamod:InflammatoryLetter","Bronze Scales","beaked:SacredDeck","Ring of Chaos","Ring of Searing","downfall:HeartBlessingBlue"],"acts_visited":["Exordium","TheCity","TheBeyond"],"potions_floor_usage":[49,50,50],"damage_taken":[{"damage":19.0,"enemies":"Lagavulin","floor":2.0,"turns":7.0},{"damage":15.0,"enemies":"3 Sentries","floor":5.0,"turns":9.0},{"damage":0.0,"enemies":"downfall:FleeingMerchant","floor":6.0,"turns":4.0},{"damage":4.0,"enemies":"Small Slimes","floor":8.0,"turns":2.0},{"damage":0.0,"enemies":"Cultist","floor":9.0,"turns":2.0},{"damage":17.0,"enemies":"Gremlin Nob","floor":11.0,"turns":4.0},{"damage":0.0,"enemies":"2 Louse","floor":12.0,"turns":3.0},{"damage":16.0,"enemies":"downfall:Heads","floor":14.0,"turns":6.0},{"damage":0.0,"enemies":"Blue Slaver","floor":15.0,"turns":3.0},{"damage":30.0,"enemies":"downfall:Defect","floor":16.0,"turns":7.0},{"damage":0.0,"enemies":"Chosen","floor":21.0,"turns":4.0},{"damage":0.0,"enemies":"downfall:FleeingMerchant","floor":23.0,"turns":4.0},{"damage":0.0,"enemies":"Sentry and Sphere","floor":25.0,"turns":4.0},{"damage":0.0,"enemies":"Book of Stabbing","floor":26.0,"turns":5.0},{"damage":12.0,"enemies":"Snecko","floor":28.0,"turns":4.0},{"damage":0.0,"enemies":"downfall:FleeingMerchant","floor":29.0,"turns":4.0},{"damage":0.0,"enemies":"Cultist and Chosen","floor":32.0,"turns":5.0},{"damage":6.0,"enemies":"downfall:Ironclad","floor":33.0,"turns":8.0},{"damage":5.0,"enemies":"3 Shapes","floor":38.0,"turns":2.0},{"damage":6.0,"enemies":"3 Darklings","floor":42.0,"turns":5.0},{"damage":0.0,"enemies":"Sphere and 2 Shapes","floor":43.0,"turns":3.0},{"damage":6.0,"enemies":"Spire Growth","floor":47.0,"turns":4.0},{"damage":0,"enemies":"Transient","floor":49,"turns":5},{"damage":0,"enemies":"downfall:Watcher","floor":50,"turns":4}],"seed_played":"-1538655508656471185","potions_obtained":[{"floor":8.0,"key":"GamblersBrew"},{"floor":8.0,"key":"FearPotion"},{"floor":9.0,"key":"LiquidBronze"},{"floor":9.0,"key":"Weak Potion"},{"floor":11.0,"key":"LifebloodPotion"},{"floor":14.0,"key":"ColorlessPotion"},{"floor":16.0,"key":"Block Potion"},{"floor":21.0,"key":"Dexterity Potion"},{"floor":23.0,"key":"Strength Potion"},{"floor":25.0,"key":"Milkshake"},{"floor":26.0,"key":"hexamod:DoubleChargePotion"},{"floor":29.0,"key":"Fire Potion"}],"is_trial":false,"path_per_floor":["R","E","?","R","E","$","T","M","M","R","?","M","?","?","M","B",null,"R","?","?","M","R","$","T","M","E","R","M","$","?","$","M","B",null,"R","$","?","M","R","?","T","M","M","R","?","$","M","?","M","B",null],"character_chosen":"THE_SPIRIT","items_purchased":["hexamod:FourthSeal","ReplayTheSpireMod:Lightbulb","hexamod:SpectersWail","expansioncontent:QuickStudy","expansioncontent:Flail","hexamod:RecurringNightmare","Panacea","hexamod:Rewind"],"campfire_rested":0,"item_purchase_floors":[6,23,23,29,31,36,36,46],"current_hp_per_floor":[84,65,57,57,42,42,42,38,38,38,21,21,49,33,33,3,84,84,68,44,44,44,44,44,44,44,44,32,32,32,32,32,26,44,44,44,44,39,39,39,39,33,33,43,43,43,37,37,37,37],"gold":150,"neow_bonus":"ONE_RARE_RELIC","is_daily":false,"chose_seed":false,"campfire_upgraded":7,"win_rate":0.0,"timestamp":1608532655,"path_taken":["R","E","?","R","E","$","T","M","M","R","?","M","?","?","M","BOSS","R","?","?","M","R","$","T","M","E","R","M","$","?","$","M","BOSS","R","$","?","M","R","?","T","M","M","R","?","$","M","?","M","BOSS"],"items_purchased_type":["Card","Relic","Card","Card","Card","Card","Card","Card"],"build_version":"2020-12-13","purchased_purges":0,"victory":true,"max_hp_per_floor":[84,84,84,84,84,84,84,84,84,84,84,84,84,84,84,84,84,84,89,44,44,44,44,44,44,44,44,44,44,44,44,44,44,44,44,44,44,44,44,44,44,44,44,54,54,54,54,54,54,54],"card_choices":[{"not_picked":["hexamod:NightmareGuise","hexamod:GhostOfSpireFuture"],"picked":"hexamod:BacktrackSmack","floor":2.0},{"not_picked":["hexamod:RainOfEmbers","hexamod:HauntingEcho"],"picked":"hexamod:CrushingStance","floor":5.0},{"not_picked":["hexamod:ShieldOfDarkness","hexamod:SearingWound"],"picked":"hexamod:DynamicBlow","floor":6.0},{"not_picked":["hexamod:AdvancingGuard","hexamod:Firestarter","hexamod:NecessarySacrifice"],"picked":"SKIP","floor":8.0},{"not_picked":["hexamod:NightmareGuise","hexamod:SwordOfDarkness"],"picked":"hexamod:PowerFromBeyond","floor":9.0},{"not_picked":["hexamod:NecessarySacrifice","hexamod:RadiantFlame"],"picked":"hexamod:SpectersWail","floor":11.0},{"not_picked":["hexamod:ThermalTransfer","hexamod:Toasty"],"picked":"hexamod:FastForward","floor":12.0},{"not_picked":["hexamod:PowerFromBeyond","hexamod:GhostShield"],"picked":"hexamod:EmpoweringStance","floor":14.0},{"not_picked":["hexamod:NightmareGuise","hexamod:DynamicBlow","hexamod:Again"],"picked":"SKIP","floor":15.0},{"not_picked":["hexamod:GhostflameInferno","hexamod:CrushingStance"],"picked":"hexamod:TimeOfNeed","floor":16.0},{"not_picked":["hexamod:RadiantFlame+1","hexamod:CatchUp"],"picked":"hexamod:GhostOfSpireFuture+1","floor":21.0},{"not_picked":["hexamod:BurningTouch","hexamod:GhostOfSpirePast+1"],"picked":"hexamod:NecessarySacrifice+1","floor":23.0},{"not_picked":["hexamod:GhostShield+1","hexamod:SpectersWail"],"picked":"hexamod:InspiringFlames+1","floor":25.0},{"not_picked":["hexamod:GhostflameBarrier","hexamod:ThermalTransfer"],"picked":"hexamod:GhostShield","floor":26.0},{"not_picked":["hexamod:PhantomFireball","hexamod:GhostShield"],"picked":"hexamod:EtherealExpedition+1","floor":28.0},{"not_picked":["hexamod:NecessarySacrifice+1","hexamod:GhostShield+1","hexamod:SwordOfDarkness"],"picked":"SKIP","floor":29.0},{"not_picked":["hexamod:PhantomFireball","hexamod:Hexaguard","hexamod:ShieldOfDarkness"],"picked":"SKIP","floor":32.0},{"not_picked":["hexamod:UnleashSpirits","hexamod:CrushingStance"],"picked":"hexamod:EmpoweringStance","floor":33.0},{"not_picked":["hexamod:NightmareGuise","hexamod:Incineration","hexamod:SpectersWail"],"picked":"SKIP","floor":38.0},{"not_picked":["hexamod:NightmareGuise","hexamod:Hexaguard"],"picked":"hexamod:SpectersWail","floor":42.0},{"not_picked":["hexamod:NightmareGuise","hexamod:GhostOfSpirePast","hexamod:SpectralSpark"],"picked":"SKIP","floor":43.0},{"not_picked":["Madness","expansioncontent:GuardianWhirl"],"picked":"expansioncontent:DashGenerateEvil","floor":45.0},{"not_picked":["Panache","expansioncontent:DashGenerateEvil"],"picked":"Master of Strategy","floor":45.0},{"not_picked":["hexamod:NightmareGuise+1","hexamod:ShieldOfDarkness+1","hexamod:ThirdSeal"],"picked":"SKIP","floor":47.0},{"not_picked":["hexamod:InspiringFlames+1","hexamod:ShieldOfDarkness"],"picked":"hexamod:BacktrackSmack+1","floor":49}],"player_experience":697570,"relics_obtained":[{"floor":2.0,"key":"Juzu Bracelet"},{"floor":5.0,"key":"Ice Cream"},{"floor":7.0,"key":"Gambling Chip"},{"floor":11.0,"key":"Pondfish Scales"},{"floor":24.0,"key":"hexamod:InflammatoryLetter"},{"floor":26.0,"key":"Bronze Scales"},{"floor":37.0,"key":"Ring of Chaos"},{"floor":37.0,"key":"Ring of Searing"}],"event_choices":[{"damage_healed":0.0,"max_hp_gain":0.0,"max_hp_loss":0.0,"gold_gain":115.0,"event_name":"betterSkull:BetterSkull","player_choice":"GO ","floor":3.0,"gold_loss":0.0,"damage_taken":9.0,"cards_upgraded":[],"relics_obtained":[]},{"damage_healed":28.0,"max_hp_gain":0.0,"max_hp_loss":0.0,"gold_gain":0.0,"event_name":"Big Fish","player_choice":"Banana","floor":13.0,"gold_loss":0.0,"damage_taken":0.0},{"damage_healed":0.0,"max_hp_gain":0.0,"max_hp_loss":0.0,"gold_gain":0.0,"event_name":"Vampires","player_choice":"Ignored","floor":30.0,"gold_loss":0.0,"damage_taken":0.0},{"damage_healed":0.0,"max_hp_gain":0.0,"max_hp_loss":0.0,"gold_gain":3.0,"event_name":"betterStone:BetterStone","player_choice":"1","floor":45.0,"gold_loss":0.0,"damage_taken":0.0}],"is_beta":false,"boss_relics":[{"not_picked":["Calling Bell","ChewingGum"],"picked":"SacredBark"},{"not_picked":["Empty Cage","Sozu"],"picked":"beaked:SacredDeck"}],"items_purged_floors":[],"is_endless":false,"potions_floor_spawned":[8,9,12,25,26,33,43],"ascension_level":2}}