{"host":"m6aaltr68g9tvoay","time":1608593827,"event":{"mods":["AchievementEnabler","BaseMod","Colored Map","Minty Spire (QoL Compilation)","StSLib"],"gold_per_floor":[113,113,26,26,43,76,76,88,88,10,21,21,38,49,49,122,122,101,101,111,5,5,5,5,5,53,53,53,53,53,67,67,67,67],"floor_reached":33,"playtime":778,"items_purged":[],"score":450,"play_id":"2abcdbf9-f954-4775-b464-ee4a8afbea77","local_time":"20201221153707","is_ascension_mode":true,"campfire_choices":[{"floor":12,"key":"REST"},{"floor":15,"key":"REST"},{"floor":23,"key":"REST"},{"floor":25,"key":"REST"},{"floor":27,"key":"REST"},{"data":"White Noise","floor":32,"key":"SMITH"}],"circlet_count":0,"master_deck":["AscendersBane","Strike_B+1","Defend_B+1","Defend_B+1","Defend_B+1","Zap","Dualcast","Streamline","Loop","Rainbow","Doom and Gloom","Ball Lightning","Ball Lightning","Defragment","Self Repair","Cold Snap+1","Auto Shields","Amplify","Echo Form+1","Amplify+1","Force Field+1","Gash+1","Chill","Dramatic Entrance+1","Writhe","White Noise+1","Capacitor"],"relics":["Cracked Core","Vajra","Gremlin Horn","Molten Egg 2","Astrolabe","Pen Nib","Letter Opener"],"acts_visited":["Exordium","TheCity"],"potions_floor_usage":[11,13,20,33],"damage_taken":[{"damage":8,"enemies":"2 Louse","floor":1,"turns":3},{"damage":5,"enemies":"Jaw Worm","floor":5,"turns":4},{"damage":28,"enemies":"3 Sentries","floor":6,"turns":5},{"damage":7,"enemies":"Small Slimes","floor":8,"turns":3},{"damage":6,"enemies":"Exordium Thugs","floor":11,"turns":2},{"damage":32,"enemies":"Large Slime","floor":13,"turns":4},{"damage":6,"enemies":"3 Louse","floor":14,"turns":2},{"damage":35,"enemies":"Slime Boss","floor":16,"turns":6},{"damage":31,"enemies":"2 Thieves","floor":18,"turns":4},{"damage":33,"enemies":"3 Byrds","floor":20,"turns":3},{"damage":14,"enemies":"Cultist and Chosen","floor":31,"turns":6},{"damage":84,"enemies":"Champ","floor":33,"turns":10}],"seed_played":"-1826412048963805069","potions_obtained":[{"floor":6,"key":"Energy Potion"},{"floor":11,"key":"Regen Potion"},{"floor":16,"key":"LiquidBronze"},{"floor":20,"key":"Fire Potion"},{"floor":31,"key":"Swift Potion"}],"is_trial":false,"path_per_floor":["M","?","$","?","M","E","?","M","T","$","M","R","M","M","R","B",null,"M","?","M","$","$","R","?","R","T","R","?","?","$","M","R","B"],"character_chosen":"DEFECT","items_purchased":["Loop","Defragment","Dramatic Entrance+1"],"campfire_rested":5,"item_purchase_floors":[3,10,21],"current_hp_per_floor":[63,58,58,58,53,25,51,44,44,44,38,61,41,42,65,37,68,37,37,18,18,18,41,41,64,64,78,78,78,78,78,78,0,0],"gold":67,"neow_bonus":"TEN_PERCENT_HP_BONUS","is_daily":false,"chose_seed":false,"campfire_upgraded":1,"win_rate":0.0,"timestamp":1608593827,"path_taken":["M","?","$","?","M","E","?","?","T","$","M","R","M","M","R","BOSS","M","?","M","?","$","R","?","R","T","R","?","?","$","M","R","BOSS"],"items_purchased_type":["Card","Card","Card"],"build_version":"2020-12-13","purchased_purges":0,"victory":false,"max_hp_per_floor":[78,78,78,78,78,78,78,78,78,78,78,78,78,78,78,78,78,78,78,78,78,78,78,78,78,78,78,78,78,78,78,78,78,78],"card_choices":[{"not_picked":["Steam","Coolheaded"],"picked":"Streamline","floor":1},{"not_picked":["Conserve Battery","Sweeping Beam"],"picked":"Doom and Gloom","floor":5},{"not_picked":["Turbo","Rainbow"],"picked":"Ball Lightning","floor":6},{"not_picked":["Coolheaded","Go for the Eyes"],"picked":"Ball Lightning","floor":8},{"not_picked":["Steam","Turbo"],"picked":"Self Repair","floor":11},{"not_picked":["Scrape+1","Streamline+1"],"picked":"Cold Snap+1","floor":13},{"not_picked":["Conserve Battery","Leap"],"picked":"Auto Shields","floor":14},{"not_picked":["Reboot","All For One+1"],"picked":"Amplify","floor":16},{"not_picked":["Beam Cell+1","Doom and Gloom+1"],"picked":"Gash+1","floor":18},{"not_picked":["Hologram","Streamline+1"],"picked":"Chill","floor":20},{"not_picked":["Beam Cell+1","Conserve Battery"],"picked":"Capacitor","floor":31}],"player_experience":1278324,"relics_obtained":[{"floor":6,"key":"Gremlin Horn"},{"floor":9,"key":"Molten Egg 2"},{"floor":26,"key":"Pen Nib"}],"event_choices":[{"damage_healed":0,"gold_gain":0,"player_choice":"Success","damage_taken":5,"relics_obtained":["Vajra"],"max_hp_gain":0,"max_hp_loss":0,"event_name":"Scrap Ooze","floor":2,"gold_loss":0},{"damage_healed":0,"gold_gain":0,"cards_transformed":["Strike_B"],"player_choice":"Change","damage_taken":0,"max_hp_gain":0,"max_hp_loss":0,"event_name":"Living Wall","floor":4,"gold_loss":0,"cards_obtained":["Rainbow"]},{"damage_healed":26,"gold_gain":0,"player_choice":"Banana","damage_taken":0,"max_hp_gain":0,"max_hp_loss":0,"event_name":"Big Fish","floor":7,"gold_loss":0},{"damage_healed":0,"gold_gain":0,"player_choice":"Ignored","damage_taken":0,"max_hp_gain":0,"max_hp_loss":0,"event_name":"Purifier","floor":19,"gold_loss":0},{"damage_healed":0,"gold_gain":0,"player_choice":"Simplicity","damage_taken":0,"max_hp_gain":0,"max_hp_loss":0,"event_name":"Back to Basics","floor":24,"gold_loss":0,"cards_upgraded":["Strike_B","Defend_B","Defend_B","Defend_B"]},{"damage_healed":0,"gold_gain":0,"player_choice":"Opened","damage_taken":0,"relics_obtained":["Letter Opener"],"max_hp_gain":0,"max_hp_loss":0,"event_name":"The Mausoleum","floor":28,"gold_loss":0,"cards_obtained":["Writhe"]},{"damage_healed":0,"gold_gain":0,"player_choice":"Read","damage_taken":0,"max_hp_gain":0,"max_hp_loss":0,"event_name":"The Library","floor":29,"gold_loss":0,"cards_obtained":["White Noise"]}],"is_beta":false,"boss_relics":[{"not_picked":["SlaversCollar","Sozu"],"picked":"Astrolabe"}],"items_purged_floors":[],"is_endless":false,"potions_floor_spawned":[6,11,16,20,31],"killed_by":"Champ","ascension_level":17}}