{"host":"c1oza4x7xlyuasvd","time":1608540224,"event":{"mods":["ATMod(阿瑾Mod)","Act Like it!","BaseMod","Better Vampires","Colored Powertips","Friendly Minions","Gensokyo","Minty Spire (QoL Compilation)","MostiFishMod","Pale of the Ancients","Replay The Spire","RumiaBox-露米娅的神秘盒子","StSLib","TestMod","Waifu the Spire","【功能Mod】混沌之环修复补丁","【遗物卡牌】REMEMod"],"gold_per_floor":[118,118,164,176,176,310,320,655,655,655,788,804,804,37,37,208,208,223,223,238,250,140,270,270,400,400,531,549,567,581,594,594,868,918,937,949,457,468,481,611,622,622,646,666,683,683,683,702,702,902,1012,1322,1322,775,775,890,890,247,247,347],"floor_reached":61,"playtime":1964,"items_purged":["Strike_R","Strike_R","Strike_R+1","Bash"],"score":2935,"play_id":"37a1fca6-7322-42a3-979f-919eda4793a4","local_time":"20201221164344","is_ascension_mode":true,"campfire_choices":[{"data":"AT_BodySlamDance","floor":13.0,"key":"SMITH"},{"floor":15.0,"key":"DIG"},{"data":"ReplayTheSpireMod:Fabricate Wheel","floor":24.0,"key":"SMITH"},{"data":"MostiFishMod:LegendTransform","floor":32.0,"key":"SMITH"},{"data":"Dark Embrace","floor":42.0,"key":"SMITH"},{"floor":49.0,"key":"RECALL"},{"data":"MostiFishMod:SparklingWater","floor":55,"key":"SMITH"},{"data":"AT_GerminateFire","floor":57,"key":"SMITH"}],"circlet_count":0,"master_deck":["AscendersBane","Defend_R","Defend_R","Defend_R","Defend_R","AT_GerminateFire+1","AT_BodySlamDance+1","MostiFishMod:LegendTransform+1","ReplayTheSpireMod:Stacked","testmod-Reverberation","All For One","MostiFishMod:DeathFromBelow+1","MostiFishMod:InvigoratingSolution","MostiFishMod:SparklingWater+1","Finesse","Expertise+1","Dark Embrace+1","Second Wind","Infinite Blades","White Noise","ReplayTheSpireMod:GoodbyeWorld","Flash of Steel+1","MostiFishMod:LegendTransform+1"],"relics":["Burning Blood","testmod-TestBox","AT_ATBox","DaveBox","REME_ComplimentaryCards","PatriotShield","testmod-EnergyCheck","AT_TheCollector","Question Card","PrismaticShard","Pen Nib","GodSword4","MagicDraw1","ChaoDraw","AT_GuinsooRageblade","AT_RedNoBalance","testmod-Register","testmod-Brilliant","testmod-Justice","testmod-CyclicPeriapt","ImportantClient","GuanYuAspect","GodSword1","Paper Frog","Smiling Mask","Prayer Wheel","Durian","Tiny House","TheAbacus","Quantum Egg","Orichalcum","Replay:WaspNest","testmod-TurbochargingSystem","Juzu Bracelet","paleoftheancients:Timepiece","paleoftheancients:KeyRelic","Coffee Dripper","Letter Opener","paleoftheancients:SoulOfTheWokeBloke","testmod-Nyarlathotep","Blood Vial","testmod-MagicalMallet","Replay:Towering Pillar of Hats","Vajra","DollysMirror"],"acts_visited":["Exordium","TheCity","TheBeyond","paleoftheancients:PaleOfTheAncients"],"potions_floor_usage":[],"damage_taken":[{"damage":0.0,"enemies":"2 Louse","floor":1.0,"turns":3.0},{"damage":0.0,"enemies":"Small Slimes","floor":4.0,"turns":2.0},{"damage":0.0,"enemies":"Gremlin Nob","floor":6.0,"turns":3.0},{"damage":0.0,"enemies":"Jaw Worm","floor":7.0,"turns":1.0},{"damage":0.0,"enemies":"3 Sentries","floor":8.0,"turns":2.0},{"damage":0.0,"enemies":"Lagavulin","floor":11.0,"turns":1.0},{"damage":0.0,"enemies":"3 Louse","floor":12.0,"turns":3.0},{"damage":0.0,"enemies":"Hexaghost","floor":16.0,"turns":2.0},{"damage":0.0,"enemies":"Chosen","floor":18.0,"turns":2.0},{"damage":0.0,"enemies":"Shell Parasite","floor":20.0,"turns":1.0},{"damage":0.0,"enemies":"Snake Plant","floor":21.0,"turns":1.0},{"damage":0.0,"enemies":"Gremlin Leader","floor":23.0,"turns":1.0},{"damage":0.0,"enemies":"Slavers","floor":25.0,"turns":1.0},{"damage":0.0,"enemies":"Gremlin Leader","floor":27.0,"turns":1.0},{"damage":0.0,"enemies":"Snecko","floor":28.0,"turns":1.0},{"damage":0.0,"enemies":"Shelled Parasite and Fungi","floor":29.0,"turns":1.0},{"damage":0.0,"enemies":"3 Cultists","floor":30.0,"turns":1.0},{"damage":0.0,"enemies":"Snake Plant","floor":31.0,"turns":1.0},{"damage":0.0,"enemies":"Pondfish","floor":33.0,"turns":2.0},{"damage":0.0,"enemies":"3 Shapes","floor":35.0,"turns":1.0},{"damage":0.0,"enemies":"Orb Walker","floor":36.0,"turns":1.0},{"damage":0.0,"enemies":"3 Darklings","floor":38.0,"turns":1.0},{"damage":0.0,"enemies":"Sphere and 2 Shapes","floor":39.0,"turns":1.0},{"damage":0.0,"enemies":"R_Hoarder","floor":40.0,"turns":2.0},{"damage":0.0,"enemies":"Writhing Mass","floor":41.0,"turns":2.0},{"damage":0.0,"enemies":"4 Shapes","floor":44.0,"turns":1.0},{"damage":0.0,"enemies":"3 Darklings","floor":45.0,"turns":1.0},{"damage":0.0,"enemies":"Jaw Worm Horde","floor":48.0,"turns":1.0},{"damage":0.0,"enemies":"Awakened One","floor":50.0,"turns":4.0},{"damage":0.0,"enemies":"Awakened One","floor":51.0,"turns":2.0},{"damage":0.0,"enemies":"Awakened One","floor":52.0,"turns":2.0},{"damage":0,"enemies":"Awakened One","floor":56,"turns":1},{"damage":0,"enemies":"paleoftheancients:N","floor":60,"turns":2}],"seed_played":"8011279453068555186","potions_obtained":[{"floor":3.0,"key":"Elixir"},{"floor":6.0,"key":"FearPotion"},{"floor":11.0,"key":"DistilledChaos"},{"floor":16.0,"key":"PowerPotion"}],"is_trial":false,"path_per_floor":["M","?","?","M","?","E","M","E","T","T","E","M","R","$","R","B",null,"M","?","M","M","?","E","R","E","T","E","M","M","M","M","R","B",null,"M","M","$","M","M","E","M","R","T","M","M","T","?","M","R","B","M","M","?","$","R","M","R","$","?","B",null],"character_chosen":"IRONCLAD","items_purchased":["testmod-Register","testmod-Brilliant","testmod-Justice","TheAbacus","Quantum Egg","Orichalcum","testmod-Nyarlathotep","Blood Vial","testmod-MagicalMallet","Replay:Towering Pillar of Hats","Vajra","DollysMirror","MostiFishMod:NeverNightCountry"],"campfire_rested":0,"item_purchase_floors":[14,14,14,37,37,37,54,54,54,58,58,58,58],"current_hp_per_floor":[56,49,19,25,25,31,37,43,43,43,49,43,43,43,43,43,38,29,48,33,40,40,48,48,48,48,51,53,53,53,53,53,53,57,58,58,58,58,58,58,58,58,58,58,58,58,58,58,58,58,58,58,58,58,58,58,58,58,58,98],"gold":347,"neow_bonus":"ONE_RARE_RELIC","is_daily":false,"chose_seed":false,"campfire_upgraded":6,"win_rate":0.0,"timestamp":1608540224,"path_taken":["M","?","?","M","?","E","?","E","T","?","E","M","R","?","R","BOSS","M","?","M","?","?","E","R","E","T","E","M","M","M","M","R","BOSS","M","M","$","?","M","E","M","R","T","M","M","?","?","M","R","BOSS","M","M","?","$","R","M","R","$","?","BOSS"],"items_purchased_type":["Relic","Relic","Relic","Relic","Relic","Relic","Relic","Relic","Relic","Relic","Relic","Relic","Card"],"build_version":"2020-12-13","purchased_purges":4,"victory":true,"max_hp_per_floor":[75,75,75,75,75,75,75,75,75,75,75,75,75,75,75,75,38,38,48,48,48,48,48,48,48,48,53,53,53,53,53,53,53,58,58,58,58,58,58,58,58,58,58,58,58,58,58,58,58,58,58,58,58,58,58,58,58,58,58,98],"card_choices":[{"not_picked":["True Grit","Sword Boomerang","Wild Strike"],"picked":"SKIP","floor":1.0},{"not_picked":["Replay:ManipulateFuture","Underhanded Strike","Sucker Punch"],"picked":"MostiFishMod:LegendTransform","floor":3.0},{"not_picked":["ReplayTheSpireMod:Shiv Toss","Sucker Punch","Catalyst"],"picked":"ReplayTheSpireMod:Stacked","floor":4.0},{"not_picked":["Shrug It Off","Crescendo","Heavy Blade"],"picked":"testmod-Reverberation","floor":6.0},{"not_picked":["Cleave","Coolheaded","Underhanded Strike","Rupture"],"picked":"SKIP","floor":7.0},{"not_picked":["Auto Shields","CrushJoints","Replay:Poison Smokescreen","Beam Cell"],"picked":"SKIP","floor":8.0},{"not_picked":["Clothesline","Underhanded Strike","Shrug It Off"],"picked":"testmod-PulseDistributor","floor":11.0},{"not_picked":["Deflect","Heavy Blade","MostiFishMod:ThornCasing","Run Through"],"picked":"SKIP","floor":12.0},{"not_picked":["Electrodynamics","testmod-PowerStrike","ReplayTheSpireMod:Necrogeddon"],"picked":"All For One","floor":16.0},{"not_picked":["Halt","MostiFishMod:ReprogramOld","Go for the Eyes","Sanctity"],"picked":"SKIP","floor":18.0},{"not_picked":["Pommel Strike","Rip and Tear","Redo","Hologram"],"picked":"SKIP","floor":20.0},{"not_picked":["AT_ThistleTea","ReplayTheSpireMod:Stacked","Conserve Battery"],"picked":"ReplayTheSpireMod:Fabricate Wheel","floor":21.0},{"not_picked":["MostiFishMod:ShivMaster","Protect","Headbutt+1","Coolheaded"],"picked":"SKIP","floor":23.0},{"not_picked":["Compile Driver","Fasting2","Flying Knee","Sweeping Beam"],"picked":"SKIP","floor":25.0},{"not_picked":["Ball Lightning","ReplayTheSpireMod:Calculation Training","Glass Knife","Infernal Blade"],"picked":"SKIP","floor":27.0},{"not_picked":["testmod-HeadAttack","AT_IchimonjiDouble","Go for the Eyes"],"picked":"MostiFishMod:InvigoratingSolution","floor":28.0},{"not_picked":["AT_WindFlip","Concentrate+1","EmptyBody+1","Steam"],"picked":"SKIP","floor":28.0},{"not_picked":["Twin Strike","All For One","FlyingSleeves","Carnage"],"picked":"SKIP","floor":29.0},{"not_picked":["Accuracy","AT_DivineConfetti","Havoc","AT_WindFlip"],"picked":"SKIP","floor":29.0},{"not_picked":["Coolheaded","Deflect","Deadly Poison","Anger"],"picked":"SKIP","floor":30.0},{"not_picked":["Flying Knee","testmod-Librarian","MostiFishMod:PerfectParry","EmptyFist"],"picked":"SKIP","floor":30.0},{"not_picked":["AT_EMC2","Flying Knee+1","Deadly Poison","Anger"],"picked":"SKIP","floor":31.0},{"not_picked":["FTL","Blade Dance","AT_HeatAcrobatics","MostiFishMod:BrandingRite"],"picked":"SKIP","floor":31.0},{"not_picked":["AT_ChampionKick","REME_BuildACard","HandOfGreed"],"picked":"MostiFishMod:SparklingWater","floor":33.0},{"not_picked":["Twin Strike+1","Riddle With Holes","AT_WindFlip","Swift Strike"],"picked":"SKIP","floor":35.0},{"not_picked":["Dagger Spray","Endless Agony+1","CutThroughFate+1","Body Slam"],"picked":"SKIP","floor":35.0},{"not_picked":["REME_TwoStrings","Catalyst+1","SignatureMove"],"picked":"Finesse","floor":36.0},{"not_picked":["Consecrate+1","Ghostly Armor","Prepared","testmod-Illusory"],"picked":"SKIP","floor":36.0},{"not_picked":["Headbutt+1","CutThroughFate","PiercingWail"],"picked":"Expertise+1","floor":38.0},{"not_picked":["Beam Cell","ReplayTheSpireMod:Stacked+1","Twin Strike+1","Redo"],"picked":"SKIP","floor":38.0},{"not_picked":["Leap","Run Through","Pommel Strike"],"picked":"Dark Embrace","floor":39.0},{"not_picked":["AT_DiedThrough","MentalFortress","testmod-RabbitOfFibonacci"],"picked":"Second Wind","floor":39.0},{"not_picked":["AT_DivineConfetti","Replay:BluntJabs","ClearTheMind"],"picked":"Infinite Blades","floor":40.0},{"not_picked":["Deflect","Good Instincts","ThirdEye","Body Slam+1"],"picked":"SKIP","floor":41.0},{"not_picked":["Searing Blow","Redo","InnerPeace+1","Dark Embrace"],"picked":"SKIP","floor":41.0},{"not_picked":["Replay:BluntJabs","MostiFishMod:PushDownKick","Chill","AT_RealFormLess"],"picked":"SKIP","floor":44.0},{"not_picked":["EmptyBody","Thunderclap","Calculated Gamble","Blade Dance+1"],"picked":"SKIP","floor":44.0},{"not_picked":["Prepared+1","Ghostly Armor+1","EmptyMind+1","FlyingSleeves"],"picked":"SKIP","floor":45.0},{"not_picked":["Loop+1","FollowUp","Wild Strike","Hello World"],"picked":"SKIP","floor":45.0},{"not_picked":["PanicButton+1","Anger","testmod-LifeRuler"],"picked":"White Noise","floor":48.0},{"not_picked":["Dagger Spray","AT_WindFlip","Replay:Undeath\u0027s Touch+1","Replay:AtTheReady"],"picked":"SKIP","floor":48.0},{"not_picked":["ReplaySort","testmod-PerfectCombo","Setup+1"],"picked":"ReplayTheSpireMod:GoodbyeWorld","floor":51.0},{"not_picked":["Twin Strike","Barrage","Evaluate+1"],"picked":"Flash of Steel+1","floor":51.0},{"not_picked":["MostiFishMod:UltimateDefense","Slice+1","Toxin Wave+1","Beam Cell"],"picked":"SKIP","floor":52.0},{"not_picked":["REME_Scribble+1","Inflame","Replay:BluntJabs","Pommel Strike+1"],"picked":"SKIP","floor":52.0},{"not_picked":["AT_IchimonjiDouble","EmptyMind","Iron Wave+1","Ghostly Armor+1"],"picked":"SKIP","floor":56},{"not_picked":["Cold Snap","PathToVictory","Vengeance","Replay:ManipulateFuture+1"],"picked":"SKIP","floor":56}],"player_experience":181770,"relics_obtained":[{"floor":1.0,"key":"Question Card"},{"floor":1.0,"key":"PrismaticShard"},{"floor":3.0,"key":"Pen Nib"},{"floor":6.0,"key":"MagicDraw1"},{"floor":8.0,"key":"ChaoDraw"},{"floor":9.0,"key":"AT_GuinsooRageblade"},{"floor":11.0,"key":"AT_SilverBalance"},{"floor":15.0,"key":"testmod-CyclicPeriapt"},{"floor":16.0,"key":"ImportantClient"},{"floor":23.0,"key":"GodSword1"},{"floor":25.0,"key":"Paper Frog"},{"floor":26.0,"key":"Smiling Mask"},{"floor":27.0,"key":"Durian"},{"floor":40.0,"key":"Replay:WaspNest"},{"floor":43.0,"key":"testmod-TurbochargingSystem"},{"floor":46.0,"key":"Sundial"},{"floor":52.0,"key":"paleoftheancients:SoulOfTheWokeBloke"}],"event_choices":[{"cards_removed":["Strike_R"],"damage_healed":0.0,"max_hp_gain":0.0,"max_hp_loss":0.0,"gold_gain":0.0,"event_name":"Golden Wing","player_choice":"Card Removal","floor":2.0,"gold_loss":0.0,"damage_taken":7.0},{"damage_healed":0.0,"max_hp_gain":0.0,"max_hp_loss":0.0,"gold_gain":0.0,"event_name":"WeMeetAgain","player_choice":"Gave Potion","floor":5.0,"gold_loss":0.0,"damage_taken":0.0,"relics_obtained":["GodSword4"]},{"cards_removed":["testmod-PulseDistributor"],"damage_healed":9.0,"max_hp_gain":10.0,"max_hp_loss":0.0,"gold_gain":0.0,"event_name":"Bonfire Elementals","player_choice":"Offered Rare","floor":19.0,"gold_loss":0.0,"damage_taken":0.0},{"cards_removed":["Strike_R"],"damage_healed":0.0,"max_hp_gain":0.0,"max_hp_loss":0.0,"gold_gain":0.0,"event_name":"Designer","player_choice":"Upgrade and Remove","floor":22.0,"gold_loss":110.0,"damage_taken":0.0,"cards_upgraded":["Strike_R"]},{"damage_healed":0.0,"max_hp_gain":0.0,"max_hp_loss":0.0,"gold_gain":0.0,"event_name":"给自己的盒子","player_choice":"Swap Relic","floor":47.0,"relics_lost":["Sundial"],"gold_loss":0.0,"damage_taken":0.0,"relics_obtained":["Juzu Bracelet"]}],"is_beta":false,"boss_relics":[{"not_picked":["Painkiller Herb","testmod-HarvestTotem"],"picked":"GuanYuAspect"},{"not_picked":["TimeKeys","SoulBox"],"picked":"Tiny House"}],"items_purged_floors":[14,37,54,58],"is_endless":false,"potions_floor_spawned":[6,11,12,16,23,25,27,28,29,30,35,41,48,51,56,60],"ascension_level":15}}