{"host":"sa7ebub27cgn5wai","time":1608557854,"event":{"mods":["BaseMod","Colored Map","Minty Spire (QoL Compilation)","SuperFastMode"],"gold_per_floor":[115,132,148,148,159,159,192,192,192,192,192,210,230,242,242,342,342,358,373,393,393,393],"floor_reached":21,"playtime":594,"items_purged":[],"score":183,"play_id":"5a32146c-cc11-491b-943b-a8d774e9b6e4","local_time":"20201221223734","is_ascension_mode":false,"campfire_choices":[{"data":"Body Slam","floor":6,"key":"SMITH"},{"data":"Corruption","floor":8,"key":"SMITH"},{"data":"Pommel Strike","floor":10,"key":"SMITH"},{"data":"Shrug It Off","floor":15,"key":"SMITH"}],"circlet_count":0,"master_deck":["Bash","Anger+1","Flex","Body Slam+1","Pommel Strike+1","Pommel Strike","Corruption+1","Cleave","Entrench","Shrug It Off+1","Reaper","Thunderclap","Barricade","Iron Wave","Wild Strike","Entrench","Feed","Sentinel","Dual Wield","Body Slam+1"],"relics":["Burning Blood","Self Forming Clay","Meat on the Bone","Odd Mushroom","Pandora\u0027s Box"],"acts_visited":["Exordium","TheCity"],"potions_floor_usage":[16,16,20,20],"damage_taken":[{"damage":1,"enemies":"Jaw Worm","floor":1,"turns":3},{"damage":0,"enemies":"Small Slimes","floor":2,"turns":3},{"damage":7,"enemies":"2 Louse","floor":3,"turns":3},{"damage":4,"enemies":"Exordium Wildlife","floor":5,"turns":3},{"damage":5,"enemies":"Gremlin Nob","floor":7,"turns":3},{"damage":3,"enemies":"Blue Slaver","floor":12,"turns":3},{"damage":18,"enemies":"The Mushroom Lair","floor":13,"turns":3},{"damage":10,"enemies":"3 Louse","floor":14,"turns":2},{"damage":12,"enemies":"Hexaghost","floor":16,"turns":6},{"damage":25,"enemies":"Shell Parasite","floor":18,"turns":6},{"damage":5,"enemies":"Chosen","floor":19,"turns":4},{"damage":33,"enemies":"3 Cultists","floor":20,"turns":6},{"damage":19,"enemies":"Shelled Parasite and Fungi","floor":21,"turns":5}],"seed_played":"2351331240359210765","potions_obtained":[{"floor":7,"key":"Energy Potion"},{"floor":12,"key":"SkillPotion"},{"floor":13,"key":"Swift Potion"},{"floor":16,"key":"GamblersBrew"},{"floor":18,"key":"PowerPotion"}],"is_trial":false,"path_per_floor":["M","M","M","?","M","R","E","R","T","R","?","M","?","M","R","B",null,"M","M","M","M"],"character_chosen":"IRONCLAD","items_purchased":[],"campfire_rested":0,"item_purchase_floors":[],"current_hp_per_floor":[80,80,79,63,65,65,66,66,66,66,66,69,57,53,53,47,80,62,67,49,30,30],"gold":393,"neow_bonus":"TRANSFORM_CARD","is_daily":false,"chose_seed":false,"campfire_upgraded":4,"win_rate":0.0,"timestamp":1608557854,"path_taken":["M","M","M","?","M","R","E","R","T","R","?","M","?","M","R","BOSS","M","M","M","M"],"items_purchased_type":[],"build_version":"2020-12-13","purchased_purges":0,"victory":false,"max_hp_per_floor":[80,80,80,80,80,80,80,80,80,80,80,80,80,80,80,80,80,80,80,80,80,80],"card_choices":[{"not_picked":["Shrug It Off","Clothesline"],"picked":"Flex","floor":1},{"not_picked":["Bloodletting","Seeing Red"],"picked":"Body Slam","floor":2},{"not_picked":["True Grit","Sever Soul"],"picked":"Pommel Strike","floor":3},{"not_picked":["Reckless Charge","Heavy Blade"],"picked":"Pommel Strike","floor":5},{"not_picked":["True Grit","Sentinel"],"picked":"Corruption","floor":7},{"not_picked":["Whirlwind","True Grit"],"picked":"Cleave","floor":12},{"not_picked":["Sword Boomerang","Anger"],"picked":"Entrench","floor":13},{"not_picked":["Armaments","Wild Strike"],"picked":"Shrug It Off","floor":14},{"not_picked":["Berserk","Double Tap"],"picked":"Reaper","floor":16},{"not_picked":["Wild Strike","Dual Wield"],"picked":"Body Slam+1","floor":18},{"not_picked":["Combust","Clash","Thunderclap"],"picked":"SKIP","floor":19},{"not_picked":["Burning Pact","Searing Blow","Clash"],"picked":"SKIP","floor":20}],"player_experience":252248,"relics_obtained":[{"floor":7,"key":"Self Forming Clay"},{"floor":9,"key":"Meat on the Bone"},{"floor":13,"key":"Odd Mushroom"}],"event_choices":[{"damage_healed":0,"gold_gain":0,"player_choice":"Entered Light","damage_taken":16,"max_hp_gain":0,"max_hp_loss":0,"event_name":"Shining Light","floor":4,"gold_loss":0,"cards_upgraded":["Anger","Defend_R"]},{"damage_healed":0,"gold_gain":0,"player_choice":"Ignored","damage_taken":0,"max_hp_gain":0,"max_hp_loss":0,"event_name":"Golden Idol","floor":11,"gold_loss":0},{"damage_healed":0,"gold_gain":0,"player_choice":"Fought Mushrooms","damage_taken":0,"max_hp_gain":0,"max_hp_loss":0,"event_name":"Mushrooms","floor":13,"gold_loss":0}],"is_beta":false,"boss_relics":[{"not_picked":["Busted Crown","Runic Pyramid"],"picked":"Pandora\u0027s Box"}],"items_purged_floors":[],"is_endless":false,"potions_floor_spawned":[7,12,13,16,18],"killed_by":"Shelled Parasite and Fungi","ascension_level":0}}