{"host":"uyp13icwa33nzjib","time":1608574644,"event":{"mods":["AchievementEnabler","BaseMod","BetterRewards","Colored Map","Infinite Spire","Mimic Mod","Minty Spire (QoL Compilation)","Quick Restart","Replay The Spire","StSLib"],"gold_per_floor":[116,134,134,134,147,147,160,222,222,235,235,245,245,257,257,362,362,376,388,5,5,5,38,38,38,65,65,65],"floor_reached":27,"playtime":817,"items_purged":["Defend_B"],"score":273,"play_id":"e660894e-c4fe-40e7-b340-12306aed55af","local_time":"20201221131724","is_ascension_mode":false,"campfire_choices":[{"data":"Beam Cell","floor":6,"key":"SMITH"},{"floor":15,"key":"REST"},{"floor":24,"key":"REST"}],"circlet_count":0,"master_deck":["Strike_B","Strike_B","Strike_B","Defend_B","Defend_B","Zap+1","Dualcast","Undo","Beam Cell+1","Rip and Tear","Sweeping Beam","Fusion+1","Double Energy","Steam","Electrodynamics","Steam","BasicCrystalCard","Meteor Strike","Melter","Compile Driver"],"relics":["Cracked Core","Replay:Ringing Soul","Potion Belt","Replay:Mystery Machine","ChewingGum","Runic Capacitor","Frozen Egg 2","PreservedInsect"],"acts_visited":["Exordium","TheCity"],"potions_floor_usage":[16,16],"damage_taken":[{"damage":6,"enemies":"Jaw Worm","floor":1,"turns":3},{"damage":2,"enemies":"2 Louse","floor":2,"turns":2},{"damage":0,"enemies":"Small Slimes","floor":5,"turns":3},{"damage":0,"enemies":"3 Louse","floor":7,"turns":2},{"damage":10,"enemies":"Exordium Wildlife","floor":10,"turns":4},{"damage":0,"enemies":"Looter","floor":12,"turns":2},{"damage":8,"enemies":"Lots of Slimes","floor":14,"turns":3},{"damage":34,"enemies":"Hexaghost","floor":16,"turns":11},{"damage":0,"enemies":"3 Byrds","floor":18,"turns":3},{"damage":24,"enemies":"Shell Parasite","floor":19,"turns":5},{"damage":82,"enemies":"Slavers","floor":23,"turns":6},{"damage":0,"enemies":"Centurion and Healer","floor":27,"turns":1}],"seed_played":"-5166583397356169569","potions_obtained":[{"floor":2,"key":"FairyPotion"},{"floor":7,"key":"Elixir"},{"floor":8,"key":"Regen Potion"},{"floor":10,"key":"Weak Potion"},{"floor":12,"key":"Weak Potion"},{"floor":19,"key":"SteroidPotion"},{"floor":23,"key":"Explosive Potion"}],"is_trial":false,"path_per_floor":["M","M","?","?","M","R","M","?","T","M","?","M","?","M","R","B",null,"M","M","$","?","?","E","R","?","T","M"],"character_chosen":"DEFECT","items_purchased":["Runic Capacitor","Meteor Strike"],"campfire_rested":2,"item_purchase_floors":[20,20],"current_hp_per_floor":[76,74,49,49,52,52,55,23,23,16,16,19,19,11,40,24,100,103,82,85,85,85,6,39,42,42,42,42],"gold":65,"neow_bonus":"TEN_PERCENT_HP_BONUS","is_daily":false,"chose_seed":false,"campfire_upgraded":1,"win_rate":0.0,"timestamp":1608574644,"path_taken":["M","M","?","?","M","R","M","?","T","?","?","?","?","M","R","BOSS","M","M","$","?","?","E","R","?","T","?"],"items_purchased_type":["Relic","Card"],"build_version":"2020-12-13","purchased_purges":1,"victory":false,"max_hp_per_floor":[82,82,82,82,85,85,88,91,91,94,94,97,97,97,97,100,100,103,106,109,109,109,112,112,115,115,115,115],"card_choices":[{"not_picked":["Rip and Tear","Cold Snap"],"picked":"Undo","floor":1},{"not_picked":["Leap","Turbo"],"picked":"Beam Cell","floor":2},{"not_picked":["Coolheaded","Cold Snap"],"picked":"Rip and Tear","floor":5},{"not_picked":["ReplayTheSpireMod:Omega Cannon","Cold Snap"],"picked":"Sweeping Beam","floor":7},{"not_picked":["Barrage","Auto Shields"],"picked":"Fusion","floor":8},{"not_picked":["Gash","Panic Button"],"picked":"Double Energy","floor":10},{"not_picked":["Static Discharge","ReplayTheSpireMod:GoodbyeWorld"],"picked":"Steam","floor":12},{"not_picked":["ReplayTheSpireMod:GoodbyeWorld","Panic Button","Scrape"],"picked":"SKIP","floor":14},{"not_picked":["Amplify","Rainbow"],"picked":"Electrodynamics","floor":16},{"not_picked":["Gash","ReplayTheSpireMod:System Scan+1"],"picked":"Steam","floor":18},{"not_picked":["Recycle","Redo"],"picked":"BasicCrystalCard","floor":19},{"not_picked":["Rebound","Panic Button"],"picked":"Melter","floor":23}],"player_experience":307939,"relics_obtained":[{"floor":8,"key":"Potion Belt"},{"floor":9,"key":"Replay:Mystery Machine"},{"floor":23,"key":"Frozen Egg 2"},{"floor":26,"key":"PreservedInsect"}],"event_choices":[{"damage_healed":0,"gold_gain":0,"player_choice":"Success","damage_taken":25,"relics_obtained":["Replay:Ringing Soul"],"max_hp_gain":0,"max_hp_loss":0,"event_name":"Scrap Ooze","floor":3,"gold_loss":0},{"damage_healed":0,"gold_gain":0,"player_choice":"Grow","damage_taken":0,"max_hp_gain":0,"max_hp_loss":0,"event_name":"Living Wall","floor":4,"gold_loss":0,"cards_upgraded":["Zap"]},{"damage_healed":0,"gold_gain":0,"player_choice":"Upgraded","damage_taken":0,"max_hp_gain":0,"max_hp_loss":0,"event_name":"Upgrade Shrine","floor":11,"gold_loss":0,"cards_upgraded":["Fusion"]},{"damage_healed":0,"gold_gain":0,"player_choice":"Ignored","damage_taken":0,"max_hp_gain":0,"max_hp_loss":0,"event_name":"Golden Wing","floor":13,"gold_loss":0},{"damage_healed":0,"gold_gain":0,"player_choice":"Ignored","damage_taken":0,"max_hp_gain":0,"max_hp_loss":0,"event_name":"Ghosts","floor":21,"gold_loss":0},{"cards_removed":["Strike_B"],"damage_healed":0,"gold_gain":0,"player_choice":"Elegance","damage_taken":0,"max_hp_gain":0,"max_hp_loss":0,"event_name":"Back to Basics","floor":22,"gold_loss":0},{"damage_healed":0,"gold_gain":0,"cards_transformed":["Defend_B"],"player_choice":"Transformed","damage_taken":0,"max_hp_gain":0,"max_hp_loss":0,"event_name":"Transmorgrifier","floor":25,"gold_loss":0,"cards_obtained":["Compile Driver"]}],"is_beta":false,"boss_relics":[{"not_picked":["Replay:Drink Me","Coffee Dripper"],"picked":"ChewingGum"}],"items_purged_floors":[20],"is_endless":false,"potions_floor_spawned":[2,7,10,12,19,23],"killed_by":"Centurion and Healer","ascension_level":0}}