{"host":"9l1t8qfvjw8023k6","time":1608509072,"event":{"mods":["AchievementEnabler","Aspiration","BaseMod","Conspire","Defuse TimeMaze Blight","Energized Spire","GungeonMod","Hubris","Infinite Spire","Jedi Mod","Lobotomy","Minty Spire (QoL Compilation)","Quick Restart","Replay The Spire","Shop Mod","StSLib","The Animator","The Bug Knight","The Construct","The Jungle","The Runesmith","The Servant 0.9.4"],"gold_per_floor":[99,49,66,66,66,66,66,66,90,118,118,140,140,0,0,78,78,113,113,113,125,44,44,44,44,90,90,140,140,140,151,151,244,244,285,285,321,321,355,355,355,30,30,30,59,59,18,67,67,67,148,148,148,87,87,111,47,47,64,64,64,64,64,64,64,114,114,116,116,127,148,178,178,178,203,203,203,203,239,239,239,239,239,239,312,312,334,334,334,60,60,60],"floor_reached":91,"playtime":4355,"items_purged":["animator:Curse_GriefSeed"],"score":3560,"play_id":"fe78d4e5-841f-4a80-87ed-68da1890889c","local_time":"20201220170432","daily_mods":["Draft","Vintage","Heirloom","Time Dilation","Flight","Elite Swarm"],"is_ascension_mode":true,"campfire_choices":[{"data":"ReplayTheSpireMod:Dual Polarity","floor":6.0,"key":"SMITH"},{"data":"ReplayTheSpireMod:Haul","floor":7.0,"key":"SMITH"},{"data":"BasicCrystalCard","floor":8.0,"key":"SMITH"},{"floor":13.0,"key":"REST"},{"floor":15.0,"key":"REST"},{"data":"hubris:Fate","floor":23.0,"key":"SMITH"},{"data":"Biased Cognition","floor":25.0,"key":"SMITH"},{"data":"BasicCrystalCard","floor":27.0,"key":"SMITH"},{"data":"conspire:SpireCoStock","floor":29.0,"key":"SMITH"},{"data":"Beam Cell","floor":30.0,"key":"SMITH"},{"data":"Go for the Eyes","floor":32.0,"key":"SMITH"},{"data":"Gash","floor":40.0,"key":"SMITH"},{"data":"Panic Button","floor":41.0,"key":"SMITH"},{"data":"Storm","floor":44.0,"key":"SMITH"},{"data":"Turbo","floor":46.0,"key":"SMITH"},{"data":"Creative AI","floor":49.0,"key":"SMITH"},{"data":"White Noise","floor":53.0,"key":"SMITH"},{"data":"Biased Cognition","floor":58.0,"key":"SMITH"},{"data":"Defragment","floor":60.0,"key":"SMITH"},{"data":"Defragment","floor":62.0,"key":"SMITH"},{"data":"Defragment","floor":64.0,"key":"SMITH"},{"data":"Defragment","floor":65.0,"key":"SMITH"},{"data":"Echo Form","floor":76,"key":"SMITH"},{"data":"After Image","floor":80,"key":"SMITH"},{"data":"Sweeping Beam","floor":81,"key":"SMITH"},{"data":"Backstab","floor":82,"key":"SMITH"},{"data":"Parasite","floor":84,"key":"PURGE"}],"circlet_count":0,"master_deck":["BasicCrystalCard+1","Hologram","ReplaySort+1","Panic Button+1","ReplayTheSpireMod:Dual Polarity+1","Gash+1","Sweeping Beam+1","Double Energy+1","Force Field+1","Beam Cell+1","Go for the Eyes+1","Chaos+1","conspire:SpireCoStock+1","ReplayTheSpireMod:Haul+1","ReplayTheSpireMod:GoodbyeWorld","BasicCrystalCard+1","Biased Cognition+1","hubris:Fate+1","ReplayTheSpireMod:GoodbyeWorld","Electrodynamics+1","Storm+1","White Noise+1","Creative AI+1","Biased Cognition+1","Defragment+1","Defragment+1","Streamline+1","Defragment+1","Defragment+1","ReplayTheSpireMod:GoodbyeWorld","hubris:DuctTapeCard","hubris:Fate+1","Echo Form+1","Backstab+1","After Image+1","hubris:Rewind","Biased Cognition","infinitespire:SealOfDarkness+","infinitespire:Starlight","Replay:Dark Deal"],"relics":["Unceasing Top","Ice Cream","hubris:BottledRain","War Paint","Oddly Smooth Stone","MealTicket","conspire:SpecialSausage","Eternal Feather","Cauldron","DemoMod:MonsterBlood","MutagenicStrength","jedi:arcanewood","Bag of Preparation","infinitespire:EvilPickle","conspire:RunicOctahedron","DemoMod:ResourcefulSack","Replay:Bottled Steam","conspire:DeflatedDodgeball","Darkstone Periapt","jedi:fakemustache","Replay:Kaleidoscope","Chameleon Ring","Runesmith:Nanobots","conspire:SlowCooker","Odd Mushroom","Replay:Bandana","Carrot","DemoMod:ClearGuonStone","Replay:Grab Bag","energizedSpire:NeverEndingSparkler","energizedSpire:OgreHead","construct:WeddingRing","Inserter","hubris:GlazedTorus","DemoMod:NanoMachines","hubris:DuctTape","DemoMod:VorpalBullet","Juzu Bracelet","hubris:DisguiseKit","Ginger","Ring of Fury","ReplayTheSpireMod:Ring of Sloth","Runic Pyramid","DataDisk","Tiny Chest","hubris:RGBLights"],"acts_visited":["Exordium","TheCity","TheBeyond","Exordium","TheCity","TheBeyond"],"potions_floor_usage":[71,79],"damage_taken":[{"damage":16.0,"enemies":"Small Slimes","floor":3.0,"turns":3.0},{"damage":12.0,"enemies":"Jaw Worm","floor":10.0,"turns":2.0},{"damage":12.0,"enemies":"2 Louse","floor":12.0,"turns":3.0},{"damage":28.0,"enemies":"Hexaghost","floor":16.0,"turns":7.0},{"damage":0.0,"enemies":"3 Byrds","floor":18.0,"turns":3.0},{"damage":0.0,"enemies":"conspire:FuzzyDice","floor":21.0,"turns":1.0},{"damage":0.0,"enemies":"Centurion and Healer","floor":31.0,"turns":2.0},{"damage":4.0,"enemies":"Pondfish","floor":33.0,"turns":7.0},{"damage":0.0,"enemies":"Orb Walker","floor":35.0,"turns":1.0},{"damage":12.0,"enemies":"3 Shapes","floor":37.0,"turns":3.0},{"damage":0.0,"enemies":"Jaw Worm Horde","floor":39.0,"turns":1.0},{"damage":16.0,"enemies":"Writhing Mass","floor":45.0,"turns":4.0},{"damage":15.0,"enemies":"Nightmare","floor":48.0,"turns":4.0},{"damage":0.0,"enemies":"Time Eater","floor":50.0,"turns":1.0},{"damage":61.0,"enemies":"hubris:GrandSnecko","floor":51.0,"turns":11.0},{"damage":11.0,"enemies":"The Mushroom Lair","floor":56.0,"turns":2.0},{"damage":24.0,"enemies":"Jaw Worm","floor":59.0,"turns":3.0},{"damage":11.0,"enemies":"Fading Forest","floor":68.0,"turns":6.0},{"damage":0,"enemies":"Spheric Guardian","floor":70,"turns":1},{"damage":0,"enemies":"3 Byrds","floor":71,"turns":1},{"damage":0,"enemies":"Snake Plant","floor":72,"turns":2},{"damage":0,"enemies":"Nightmare","floor":75,"turns":4},{"damage":20,"enemies":"Gremlin Leader","floor":79,"turns":2},{"damage":0,"enemies":"Collector","floor":85,"turns":2},{"damage":19,"enemies":"Orb Walker","floor":87,"turns":2}],"seed_played":"-9193303766577372112","potions_obtained":[{"floor":16.0,"key":"LiquidMemories"},{"floor":18.0,"key":"DemoMod:LeadSkinPotion"},{"floor":19.0,"key":"PowerPotion"},{"floor":19.0,"key":"infinitespire:BlackPotion"},{"floor":31.0,"key":"Block Potion"},{"floor":35.0,"key":"FocusPotion"},{"floor":56.0,"key":"Energy Potion"},{"floor":75,"key":"PowerPotion"},{"floor":79,"key":"Block Potion"}],"is_trial":true,"path_per_floor":["?","?","M","?","$","R","R","R","T","M","?","M","R","$","R","B",null,"M","AVR","?","M","$","R","?","R","T","R","?","R","R","M","R","B",null,"M","?","M","AVR","M","R","R","$","T","R","M","R","$","NM","R","B","B",null,"R","$","?","?","$","R","M","R","T","R","AVR","R","R","?","R","B",null,"M","M","M","?","AVR","NM","R","?","T","E","R","R","R","?","R","B",null,"M","AVR","?","$","?"],"character_chosen":"DEFECT","items_purchased":["ReplayTheSpireMod:GoodbyeWorld","BasicCrystalCard","ReplayTheSpireMod:GoodbyeWorld","Storm","jedi:fakemustache","White Noise","Defragment","Defragment","hubris:RGBLights"],"campfire_rested":2,"item_purchase_floors":[14,14,22,42,42,47,54,57,90],"current_hp_per_floor":[64,64,48,32,32,32,32,32,32,20,20,8,29,44,65,37,63,63,63,63,70,78,78,78,78,78,78,78,78,78,78,78,74,77,77,77,65,65,65,78,78,78,78,78,68,83,84,69,84,84,23,69,69,84,84,73,84,84,60,78,78,84,84,84,84,84,84,73,81,81,81,81,81,81,81,84,84,84,64,84,84,84,84,81,81,81,62,62,62,81,0,0],"gold":60,"neow_bonus":"","is_daily":false,"chose_seed":false,"campfire_upgraded":24,"win_rate":0.0,"timestamp":1608509072,"path_taken":["?","?","?","?","?","R","R","R","T","?","?","M","R","$","R","BOSS","M","AVR","?","?","$","R","?","R","T","R","?","R","R","?","R","BOSS","M","?","?","AVR","?","R","R","$","T","R","?","R","$","NM","R","BOSS","BOSS","?","$","?","?","?","R","?","R","T","R","AVR","R","R","?","R","BOSS","M","M","?","?","AVR","NM","R","?","T","E","R","R","R","?","R","BOSS","M","AVR","?","$","?"],"items_purchased_type":["Card","Card","Card","Card","Relic","Card","Card","Card","Relic"],"build_version":"2020-12-13","purchased_purges":1,"victory":false,"max_hp_per_floor":[71,71,71,71,71,71,71,71,71,71,71,71,71,71,71,71,71,71,71,71,78,78,78,78,78,78,78,78,78,78,78,78,78,78,78,78,78,78,78,78,78,78,78,78,84,84,84,84,84,84,84,84,84,84,84,84,84,84,84,84,84,84,84,84,84,84,84,84,84,84,84,84,84,84,84,84,84,84,84,84,84,84,84,81,81,81,81,81,81,81,81,81],"card_choices":[{"not_picked":["Steam","Compile Driver"],"picked":"Coolheaded","floor":0.0},{"not_picked":["Go for the Eyes","Darkness"],"picked":"BasicCrystalCard","floor":0.0},{"not_picked":["Beam Cell","Turbo"],"picked":"Hologram","floor":0.0},{"not_picked":["Stack","Rebound"],"picked":"ReplaySort","floor":0.0},{"not_picked":["Rebound","ReplayTheSpireMod:Repulse"],"picked":"Panic Button","floor":0.0},{"not_picked":["Go for the Eyes","Beam Cell"],"picked":"ReplayTheSpireMod:Dual Polarity","floor":0.0},{"not_picked":["Streamline","Hologram"],"picked":"Turbo","floor":0.0},{"not_picked":["Conserve Battery","FTL"],"picked":"BasicCrystalCard","floor":0.0},{"not_picked":["Force Field","Turbo"],"picked":"Gash","floor":0.0},{"not_picked":["Go for the Eyes","Panic Button"],"picked":"Sweeping Beam","floor":0.0},{"not_picked":["Streamline","jedi:markofdeath"],"picked":"Coolheaded","floor":0.0},{"not_picked":["FTL","Panic Button"],"picked":"Double Energy","floor":0.0},{"not_picked":["Conserve Battery","Blizzard"],"picked":"Force Field","floor":0.0},{"not_picked":["Gash","Streamline"],"picked":"Beam Cell","floor":0.0},{"not_picked":["jedi:markofdeath","Conserve Battery"],"picked":"Go for the Eyes","floor":0.0},{"not_picked":["Replay:Fractal Strike","infinitespire:Menacing"],"picked":"ReplayTheSpireMod:Haul","floor":4.0},{"not_picked":["jedi:gatheringstorm","Hyperbeam"],"picked":"Biased Cognition","floor":16.0},{"not_picked":["hubris:SpecializedCircuitry","Core Surge"],"picked":"Electrodynamics","floor":33.0},{"not_picked":["Biased Cognition","Multi-Cast"],"picked":"Creative AI","floor":48.0},{"not_picked":["Amplify","ReplayTheSpireMod:Fabricate Wheel"],"picked":"Biased Cognition","floor":51.0},{"not_picked":["ReplayTheSpireMod:Fabricate Wheel","Amplify"],"picked":"Echo Form","floor":75},{"not_picked":["hubris:SpecializedCircuitry","Core Surge","jedi:bruteforce"],"picked":"After Image","floor":79},{"not_picked":["infinitespire:Execution","infinitespire:Menacing"],"picked":"hubris:Rewind","floor":85},{"not_picked":["jedi:darknesscall","hubris:DoWhile","Tools of the Trade"],"picked":"Biased Cognition","floor":85},{"not_picked":["Transmutation","Metamorphosis"],"picked":"Replay:Dark Deal","floor":89}],"player_experience":161030,"relics_obtained":[{"floor":3.0,"key":"hubris:BottledRain"},{"floor":9.0,"key":"War Paint"},{"floor":10.0,"key":"Oddly Smooth Stone"},{"floor":12.0,"key":"MealTicket"},{"floor":18.0,"key":"Eternal Feather"},{"floor":21.0,"key":"DemoMod:MonsterBlood"},{"floor":26.0,"key":"jedi:arcanewood"},{"floor":31.0,"key":"Bag of Preparation"},{"floor":35.0,"key":"DemoMod:ResourcefulSack"},{"floor":37.0,"key":"Replay:Bottled Steam"},{"floor":39.0,"key":"Darkstone Periapt"},{"floor":43.0,"key":"Replay:Kaleidoscope"},{"floor":45.0,"key":"Chameleon Ring"},{"floor":48.0,"key":"Runesmith:Nanobots"},{"floor":56.0,"key":"Odd Mushroom"},{"floor":59.0,"key":"Replay:Bandana"},{"floor":61.0,"key":"Carrot"},{"floor":70,"key":"hubris:GlazedTorus"},{"floor":71,"key":"DemoMod:NanoMachines"},{"floor":72,"key":"hubris:DuctTape"},{"floor":75,"key":"Juzu Bracelet"},{"floor":78,"key":"hubris:DisguiseKit"},{"floor":79,"key":"Ginger"},{"floor":83,"key":"Ring of Fury"},{"floor":83,"key":"ReplayTheSpireMod:Ring of Sloth"},{"floor":87,"key":"DataDisk"}],"event_choices":[{"damage_healed":0.0,"max_hp_gain":0.0,"max_hp_loss":0.0,"gold_gain":0.0,"event_name":"conspire:Investor","player_choice":"Invest 1","floor":2.0,"gold_loss":0.0,"damage_taken":0.0},{"damage_healed":0.0,"max_hp_gain":0.0,"max_hp_loss":0.0,"gold_gain":0.0,"event_name":"Match and Keep!","player_choice":"1 cards matched","floor":20.0,"gold_loss":0.0,"damage_taken":0.0,"cards_obtained":["animator:Curse_GriefSeed"]},{"damage_healed":0.0,"max_hp_gain":0.0,"max_hp_loss":0.0,"gold_gain":0.0,"event_name":"Drug Dealer","player_choice":"Inject Mutagens","floor":24.0,"gold_loss":0.0,"damage_taken":0.0,"relics_obtained":["MutagenicStrength"]},{"damage_healed":0.0,"max_hp_gain":0.0,"max_hp_loss":0.0,"gold_gain":50.0,"event_name":"Golden Shrine","player_choice":"Pray","floor":28.0,"gold_loss":0.0,"damage_taken":0.0},{"damage_healed":0.0,"max_hp_gain":0.0,"max_hp_loss":0.0,"gold_gain":0.0,"event_name":"Upgrade Shrine","player_choice":"Upgraded","floor":36.0,"gold_loss":0.0,"damage_taken":0.0,"cards_upgraded":["Electrodynamics"]},{"damage_healed":0.0,"max_hp_gain":0.0,"max_hp_loss":0.0,"gold_gain":0.0,"event_name":"Mushrooms","player_choice":"Fought Mushrooms","floor":56.0,"gold_loss":0.0,"damage_taken":0.0},{"damage_healed":0.0,"max_hp_gain":0.0,"max_hp_loss":0.0,"gold_gain":50.0,"event_name":"Golden Shrine","player_choice":"Pray","floor":66.0,"gold_loss":0.0,"damage_taken":0.0},{"damage_healed":0.0,"max_hp_gain":0.0,"max_hp_loss":0.0,"gold_gain":0.0,"cards_transformed":["Coolheaded"],"event_name":"Transmorgrifier","player_choice":"Transformed","floor":67.0,"gold_loss":0.0,"damage_taken":0.0,"cards_obtained":["ReplayTheSpireMod:GoodbyeWorld"]},{"damage_healed":0,"gold_gain":0,"player_choice":"Copied","damage_taken":0,"max_hp_gain":0,"max_hp_loss":0,"event_name":"Duplicator","floor":73,"gold_loss":0,"cards_obtained":["hubris:Fate"]},{"damage_healed":0,"gold_gain":0,"player_choice":"Read","damage_taken":0,"max_hp_gain":0,"max_hp_loss":0,"event_name":"The Library","floor":77,"gold_loss":0,"cards_obtained":["Backstab"]},{"damage_healed":0,"gold_gain":0,"player_choice":"Memory 1","damage_taken":0,"max_hp_gain":0,"max_hp_loss":0,"event_name":"SensoryStone","floor":89,"gold_loss":0}],"is_beta":false,"boss_relics":[{"not_picked":["jedi:hotpepper","hubris:GrandSneckoEye"],"picked":"conspire:SpecialSausage"},{"not_picked":["Replay:Wanted Poster","energizedSpire:EnergizedDie"],"picked":"conspire:RunicOctahedron"},{"not_picked":["Runic Dome","aspiration:ServantSkillbook"],"picked":"conspire:SlowCooker"},{"not_picked":["jedi:battlestandard","Painkiller Herb"],"picked":"Replay:Grab Bag"},{"not_picked":["energizedSpire:SpiderWeb","Runic Dome"],"picked":"energizedSpire:NeverEndingSparkler"},{"not_picked":["Velvet Choker","Cursed Key"],"picked":"energizedSpire:OgreHead"},{"not_picked":["Replay:Drink Me","Snecko Eye"],"picked":"construct:WeddingRing"},{"not_picked":["aspiration:PoetsPen_weak","aspiration:RitualDagger"],"picked":"Inserter"},{"not_picked":["Fusion Hammer","hubris:CrackedHourglass"],"picked":"Runic Pyramid"}],"items_purged_floors":[42],"is_endless":true,"potions_floor_spawned":[16,18,31,35,56,75,79],"ascension_level":20}}