{"host":"o3b7ow6d1xe49css","time":1608520264,"event":{"mods":["Act Like it!","Aspiration","BaseMod","Bestiary","Better Altar","Better Match","Better Note","Better Sensory Stone","Better Skull","Better Third Choice","Colored Powertips","Conspire","Energized Spire","Force Act Four","GifTheSpireLib","Halation","Hermit","Hubris","Infinite Spire","Lobotomy","Minty Spire (QoL Compilation)","Quick Restart","Replay The Spire","Spicy Shops","Spikes Relics","StSLib","Stuff the Spire","The Blue Laboratory","Wandering Minibosses","vexMod"],"gold_per_floor":[111,124,137,137,151,151,151],"floor_reached":6,"playtime":356,"items_purged":[],"score":48,"play_id":"d4244245-8837-4374-b2f9-fdfb1de27216","local_time":"20201220181104","daily_mods":["Heirloom","Flight","Elite Swarm"],"is_ascension_mode":true,"campfire_choices":[],"circlet_count":0,"master_deck":["Strike_G","Strike_G","Strike_G","Strike_G","Strike_G","Defend_G","Defend_G","Defend_G","Defend_G","Defend_G","Survivor","Neutralize","UniverseFragment","Masterful Stab","PiercingWail","Hallucinations"],"relics":["Ring of the Snake","Ring of Chaos","StuffTheSpire:DarkSteelAnvil","CogitoBucket","Ring of Fury","ReplayTheSpireMod:Ring of Addiction","hubris:EmptyBottle","SacredBark"],"acts_visited":["Exordium"],"potions_floor_usage":[6,6],"damage_taken":[{"damage":2,"enemies":"2 Louse","floor":1,"turns":3},{"damage":0,"enemies":"Cultist","floor":2,"turns":3},{"damage":3,"enemies":"Jaw Worm","floor":3,"turns":5},{"damage":7,"enemies":"3 Louse","floor":5,"turns":4},{"damage":31,"enemies":"Gremlin Nob","floor":6,"turns":5}],"seed_played":"-6101427784592438770","potions_obtained":[{"floor":4,"key":"PowerPotion"},{"floor":4,"key":"blueLaboratory:CorrosionFlask"},{"floor":4,"key":"blueLaboratory:ArtistsPotion"}],"is_trial":true,"path_per_floor":["M","M","M","?","M","E"],"character_chosen":"THE_SILENT","items_purchased":[],"campfire_rested":0,"item_purchase_floors":[],"current_hp_per_floor":[68,68,65,65,58,27,27],"gold":151,"neow_bonus":"","is_daily":false,"chose_seed":false,"campfire_upgraded":0,"win_rate":0.0,"timestamp":1608520264,"path_taken":["M","M","M","?","M","E"],"items_purchased_type":[],"build_version":"2020-12-13","purchased_purges":0,"victory":false,"max_hp_per_floor":[70,70,70,70,70,70,70],"card_choices":[{"not_picked":["OSAHOGD","BeautyBeast"],"picked":"UniverseFragment","floor":1},{"not_picked":["Deadly Poison","Finisher"],"picked":"Masterful Stab","floor":1},{"not_picked":["VoidDream","PunishingBird","CrumblingArmor"],"picked":"Singing Bowl","floor":2},{"not_picked":["PiercingWail","Prepared","Dagger Throw"],"picked":"SKIP","floor":2},{"not_picked":["Scorched","Funeral","OldLady"],"picked":"Singing Bowl","floor":3},{"not_picked":["Deflect","StuffTheSpire:BumpUp"],"picked":"PiercingWail","floor":3},{"not_picked":["WallGazer","OSAHOGD","Bloodbath"],"picked":"Singing Bowl","floor":5},{"not_picked":["Acrobatics","Dagger Spray","StuffTheSpire:Injection"],"picked":"SKIP","floor":5}],"player_experience":1776300,"relics_obtained":[{"floor":4,"key":"Ring of Fury"},{"floor":4,"key":"ReplayTheSpireMod:Ring of Addiction"},{"floor":4,"key":"hubris:EmptyBottle"},{"floor":4,"key":"SacredBark"}],"event_choices":[],"is_beta":false,"boss_relics":[],"items_purged_floors":[],"is_endless":false,"potions_floor_spawned":[5],"killed_by":"Gremlin Nob","ascension_level":5}}