{"host":"dbzukadmkvvxpu74","time":1608552593,"event":{"mods":["2.2 Compatiblity","AchievementEnabler","Bartender","BaseMod","Better Altar","Better Match","Colored Powertips","Googly Eyes","Gremlin Mod","Hero for Fun","Highlight Path","Hubris","Infinite Spire","Minty Spire (QoL Compilation)","Replay The Spire","Spicy Shops","StSLib","The Animator"],"gold_per_floor":[111,122,0,0,18,0,27,27,80,111,111,64,64,91,91,192,192,204,214,233,249,267,267,417,327,353,353,365,365,365,395,395,498,498,515,534,534,545,545,545,545,545],"floor_reached":41,"playtime":4421,"items_purged":["Parasite"],"score":479,"play_id":"5d395f1c-a400-4cc3-9fa6-3c8970e7faf4","local_time":"20201221050953","is_ascension_mode":false,"campfire_choices":[{"data":"Replay:Dark Deal","floor":8,"key":"SMITH"},{"floor":11,"key":"RECALL"},{"floor":13,"key":"REST"},{"data":"Spot Weakness","floor":15,"key":"SMITH"},{"floor":27,"key":"REST"},{"data":"Limit Break","floor":30,"key":"SMITH"},{"floor":32,"key":"REST"},{"floor":40,"key":"REST"}],"circlet_count":0,"master_deck":["Strike_R","Strike_R","Strike_R+1","Strike_R+1","Defend_R","Defend_R","Defend_R","Defend_R","Bash","Spot Weakness+1","Clash","Transmutation","Dramatic Entrance+1","Replay:Dark Deal+1","infinitespire:OneForAll+1","Shockwave","Sword Boomerang","Iron Wave+1","Anger","Limit Break+1","Carnage+1","Iron Wave","Run Through","Seeing Red+1","Flex","Fiend Fire"],"relics":["animator:TheMissingPiece","NeowsBlessing","ReplayTheSpireMod:ShopPack","infinitespire:Cubic Diamond","Counterbalance","Simple Rune","Lizard Tail","Runic Cube","hubris:Icosahedron","ReplayTheSpireMod:CursedCoin","Blood Vial","Replay:Blank Codex","infinitespire:PuzzleCube"],"acts_visited":["Exordium","TheCity","TheBeyond"],"potions_floor_usage":[14,19,21,31,31,41],"damage_taken":[{"damage":0,"enemies":"Cultist","floor":1,"turns":1},{"damage":0,"enemies":"Jaw Worm","floor":2,"turns":1},{"damage":0,"enemies":"2 Louse","floor":5,"turns":1},{"damage":10,"enemies":"Looter","floor":6,"turns":4},{"damage":8,"enemies":"Gremlin Nob","floor":7,"turns":3},{"damage":11,"enemies":"Lagavulin","floor":10,"turns":5},{"damage":25,"enemies":"3 Sentries","floor":14,"turns":5},{"damage":0,"enemies":"Slime Boss","floor":16,"turns":7},{"damage":23,"enemies":"Shell Parasite","floor":18,"turns":5},{"damage":13,"enemies":"3 Byrds","floor":19,"turns":5},{"damage":41,"enemies":"Shelled Parasite and Fungi","floor":20,"turns":5},{"damage":6,"enemies":"Centurion and Healer","floor":21,"turns":7},{"damage":3,"enemies":"Cultist and Chosen","floor":22,"turns":4},{"damage":10,"enemies":"Snecko","floor":28,"turns":4},{"damage":36,"enemies":"Slavers","floor":31,"turns":5},{"damage":77,"enemies":"Automaton","floor":33,"turns":9},{"damage":10,"enemies":"Orb Walker","floor":35,"turns":2},{"damage":16,"enemies":"3 Darklings","floor":36,"turns":5},{"damage":26,"enemies":"Spire Growth","floor":38,"turns":4},{"damage":89,"enemies":"Giant Head","floor":41,"turns":7}],"seed_played":"4819541625611586473","potions_obtained":[{"floor":5,"key":"Ancient Potion"},{"floor":7,"key":"Swift Potion"},{"floor":14,"key":"BloodPotion"},{"floor":20,"key":"Weak Potion"},{"floor":21,"key":"Block Potion"},{"floor":28,"key":"Swift Potion"},{"floor":33,"key":"Doom Potion"},{"floor":36,"key":"LiquidMemories"}],"is_trial":false,"path_per_floor":["M","M","$","?","M","M","E","R","T","E","R","$","R","E","R","B",null,"M","M","M","M","M","?","AVR","?","T","R","M","?","R","E","R","B",null,"M","M","?","M","?","R","E"],"character_chosen":"IRONCLAD","items_purchased":["ReplayTheSpireMod:ShopPack","Anger"],"campfire_rested":4,"item_purchase_floors":[3,12],"current_hp_per_floor":[80,80,80,80,80,70,62,62,62,51,51,51,75,66,66,66,80,57,44,13,7,4,4,4,4,4,27,67,51,51,27,50,28,77,67,53,53,29,29,52,0,0],"gold":545,"neow_bonus":"THREE_ENEMY_KILL","is_daily":false,"chose_seed":false,"campfire_upgraded":3,"win_rate":0.0,"timestamp":1608552593,"path_taken":["M","M","?","?","M","M","E","R","T","E","R","$","R","E","R","BOSS","M","M","M","M","M","?","AVR","?","T","R","?","?","R","E","R","BOSS","M","M","?","M","?","R","E"],"items_purchased_type":["Relic","Card"],"build_version":"2020-12-13","purchased_purges":1,"victory":false,"max_hp_per_floor":[80,80,80,80,80,80,80,80,80,80,80,80,80,80,80,80,80,80,80,80,80,80,80,77,77,77,77,77,77,77,77,77,77,77,77,77,77,77,77,77,77,77],"card_choices":[{"not_picked":["Replay:Undeath\u0027s Touch","ReplayTheSpireMod:Strike From Hell"],"picked":"Spot Weakness","floor":1},{"not_picked":["Sever Soul","Carnage"],"picked":"Clash","floor":2},{"not_picked":["Chrysalis","ReplayUltimateDefense"],"picked":"Transmutation","floor":3},{"not_picked":["Forethought","Blind"],"picked":"Dramatic Entrance","floor":3},{"not_picked":["hubris:Ssssneak","Finesse"],"picked":"Replay:Dark Deal","floor":3},{"not_picked":["Perfected Strike","hubris:ReadiedAction"],"picked":"infinitespire:OneForAll","floor":5},{"not_picked":["Searing Blow","Power Through"],"picked":"Shockwave","floor":6},{"not_picked":["Corruption","Clothesline"],"picked":"Sword Boomerang","floor":7},{"not_picked":["ReplayTheSpireMod:Stacked","Headbutt"],"picked":"Iron Wave","floor":10},{"not_picked":["Replay:Many Hands","Bludgeon"],"picked":"Limit Break","floor":16},{"not_picked":["Burning Pact","Headbutt"],"picked":"Carnage+1","floor":18},{"not_picked":["Replay:Undeath\u0027s Touch+1","Disarm+1","Shrug It Off"],"picked":"SKIP","floor":19},{"not_picked":["Perfected Strike","Clothesline"],"picked":"Iron Wave","floor":20},{"not_picked":["Iron Wave","Carnage"],"picked":"Run Through","floor":22},{"not_picked":["Carnage","Shrug It Off"],"picked":"Seeing Red+1","floor":28},{"not_picked":["Life Link","Cleave"],"picked":"Flex","floor":31},{"not_picked":["Eclipse","Brutality"],"picked":"Fiend Fire","floor":33},{"not_picked":["Sword Boomerang+1","Headbutt","Anger"],"picked":"SKIP","floor":36},{"not_picked":["Iron Wave","Dropkick","Cleave"],"picked":"SKIP","floor":38}],"player_experience":36917,"relics_obtained":[{"floor":7,"key":"Counterbalance"},{"floor":10,"key":"Simple Rune"},{"floor":14,"key":"Lizard Tail"},{"floor":26,"key":"Blood Vial"},{"floor":29,"key":"Replay:Blank Codex"},{"floor":31,"key":"infinitespire:PuzzleCube"}],"event_choices":[{"cards_removed":["Strike_R"],"damage_healed":0,"gold_gain":0,"player_choice":"Upgrade and Remove","damage_taken":0,"max_hp_gain":0,"max_hp_loss":0,"event_name":"Designer","floor":25,"gold_loss":90,"cards_upgraded":["Iron Wave"]},{"damage_healed":0,"gold_gain":0,"player_choice":"Obtained Book","damage_taken":16,"max_hp_gain":0,"max_hp_loss":0,"event_name":"Cursed Tome","floor":29,"gold_loss":0},{"damage_healed":0,"gold_gain":0,"player_choice":"Forge","damage_taken":0,"max_hp_gain":0,"max_hp_loss":0,"event_name":"Accursed Blacksmith","floor":39,"gold_loss":0,"cards_upgraded":["Dramatic Entrance"]}],"is_beta":false,"boss_relics":[{"not_picked":["Ectoplasm","Replay:Wanted Poster"],"picked":"Runic Cube"},{"not_picked":["ReplayTheSpireMod:DimensionalGlitch","Honey Jar","Electric Blood"]}],"items_purged_floors":[24],"is_endless":false,"potions_floor_spawned":[5,7,14,20,21,28,33,36],"killed_by":"Giant Head","ascension_level":0}}