{"host":"nljp4tk11zt4gqcq","time":1608521316,"event":{"mods":["2.2 Compatiblity","Bard","BaseMod","Beaked The Cultist","Better Third Choice","Conspire","Downfall","Friendly Minions","Hermit","Hubris","Jorbs\u0027s Wanderer Trilogy","Minty Spire (QoL Compilation)","Rare Cards Sparkle","Relic Stats","Replay The Spire","Robot Space Explorer","Spicy Shops","StSLib","The Bladedancer","The Bug Knight","The Construct","The Cursed","The Disciple","The Forsaken","The Hierophant","The Jungle","The Runesmith","The Servant 0.9.4","UnlockEverythingMod"],"gold_per_floor":[218,218,290,300,313,313,313],"floor_reached":6,"playtime":628,"items_purged":[],"score":36,"play_id":"c9edfdc9-a9fc-4881-bcdd-9b0190d05164","local_time":"20201220192836","is_ascension_mode":false,"campfire_choices":[],"circlet_count":0,"master_deck":["Strike_Br+1","Strike_Br","Strike_Br","Strike_Br","Defend_Br","Defend_Br","Defend_Br+1","SecondHand","PatternShift","Echoward","WatchCommand+1","DaylightSavings","LockedCalendar","Keepsakes"],"relics":["Chronometer","Simple Rune"],"acts_visited":["Exordium"],"potions_floor_usage":[5],"damage_taken":[{"damage":0,"enemies":"Small Slimes","floor":1,"turns":8},{"damage":0,"enemies":"2 Louse","floor":4,"turns":3},{"damage":19,"enemies":"Cultist","floor":5,"turns":6},{"damage":68,"enemies":"Gremlin Nob","floor":6,"turns":4}],"seed_played":"6233776457786756279","potions_obtained":[{"floor":3,"key":"SmokeBomb"},{"floor":3,"key":"Elixir"},{"floor":4,"key":"PowerPotion"}],"is_trial":false,"path_per_floor":["M","?","?","M","M","E"],"character_chosen":"CHRONO_CLASS","items_purchased":[],"campfire_rested":0,"item_purchase_floors":[],"current_hp_per_floor":[65,65,65,65,46,0,0],"gold":313,"neow_bonus":"HUNDRED_GOLD","is_daily":false,"chose_seed":false,"campfire_upgraded":0,"win_rate":0.0,"timestamp":1608521316,"path_taken":["M","?","?","M","M","E"],"items_purchased_type":[],"build_version":"2020-12-13","purchased_purges":0,"victory":false,"max_hp_per_floor":[65,65,65,65,65,65,65],"relic_stats":{"counters":[4,21],"obtain_stats":[{"Chronometer":0,"Simple Rune":3},{"Chronometer":0,"Simple Rune":1},{"Chronometer":0,"Simple Rune":8}]},"card_choices":[{"not_picked":["TiringSlam","Engulf"],"picked":"Echoward","floor":1},{"not_picked":["BlueShift","Engulf"],"picked":"DaylightSavings","floor":3},{"not_picked":["WatchCommand","LockedWarPaint"],"picked":"LockedCalendar","floor":4},{"not_picked":["BlueShift","SlimeSpray"],"picked":"Keepsakes","floor":5}],"player_experience":271100,"relics_obtained":[{"floor":3,"key":"Simple Rune"}],"event_choices":[],"is_beta":false,"boss_relics":[],"items_purged_floors":[],"is_endless":false,"potions_floor_spawned":[4],"killed_by":"Gremlin Nob","ascension_level":0}}