{"host":"43vb3u4kiuosyd1s","time":1608576123,"event":{"mods":["BaseMod","CapriCore","HololiveMod","Minty Spire (QoL Compilation)","StSLib","Td1madao Mod"],"gold_per_floor":[79,96,171,171,185,135,163,163,187,203,238,258,294,308,308,429,429,449,467,485,193,193,193,208,232,232,232,232,232,243,256,256,352,402,421,8,8,8,27,27,44,44,126,86,104,104,54,79,79,79,79,79,29,59,59],"floor_reached":56,"playtime":2555,"items_purged":["Hololive_CallTokinoSora","Writhe","Parasite","Hololive_Strike"],"score":1489,"play_id":"30805e67-1230-4a0f-ae83-d42510515c0c","local_time":"20201222034203","is_ascension_mode":false,"campfire_choices":[{"data":"Hololive_CallOzoraSubaru","floor":8,"key":"SMITH"},{"data":"Hololive_CallOkamiMio","floor":15,"key":"SMITH"},{"data":"Hololive_Thief","floor":23,"key":"SMITH"},{"floor":32,"key":"DIG"},{"floor":40,"key":"DIG"},{"floor":42,"key":"DIG"},{"floor":46,"key":"RECALL"},{"floor":49,"key":"DIG"},{"floor":52,"key":"DIG"}],"circlet_count":0,"master_deck":["Hololive_Strike+1","Hololive_Defend","Hololive_Defend","Hololive_Sequa+1","Hololive_CallOkamiMio+1","Hololive_CallTsunomakiWatame","Hololive_CallYuzukiChoco+1","Hololive_CallOzoraSubaru+1","Hololive_CallShirakamiFubuki+1","Hololive_Psychosis","Hololive_Thief+1","Hololive_FlyingPonyTail","Hololive_FlyingPonyTail+1","Hololive_CallNekomataOkayu","Hololive_CallYozoraMel","Hololive_FlyingPonyTail","Hololive_CallAkaiHaato","Hololive_IdolExercise","Hololive_CallNatsuiroMatsuri","Hololive_CocoNews+1","Hololive_SummonFox+1"],"relics":["Hololive_TheStar","Bloody Idol","Odd Mushroom","Vajra","Hololive_LightStick","Prayer Wheel","SlaversCollar","ClockworkSouvenir","Shovel","Anchor","Tiny House","Sling","Whetstone","Smiling Mask","Oddly Smooth Stone","Gremlin Horn","Juzu Bracelet","Letter Opener","Bottled Lightning","Nunchaku"],"acts_visited":["Exordium","TheCity","TheBeyond","TheEnding"],"potions_floor_usage":[33,35,35,50,50,55,55],"damage_taken":[{"damage":0,"enemies":"Jaw Worm","floor":1,"turns":3},{"damage":0,"enemies":"2 Louse","floor":2,"turns":2},{"damage":0,"enemies":"Small Slimes","floor":5,"turns":3},{"damage":0,"enemies":"The Mushroom Lair","floor":7,"turns":3},{"damage":0,"enemies":"2 Fungi Beasts","floor":10,"turns":3},{"damage":0,"enemies":"3 Sentries","floor":11,"turns":3},{"damage":0,"enemies":"Blue Slaver","floor":12,"turns":2},{"damage":0,"enemies":"Lagavulin","floor":13,"turns":3},{"damage":0,"enemies":"Exordium Wildlife","floor":14,"turns":2},{"damage":0,"enemies":"The Guardian","floor":16,"turns":5},{"damage":0,"enemies":"Spheric Guardian","floor":18,"turns":2},{"damage":0,"enemies":"Shell Parasite","floor":19,"turns":2},{"damage":0,"enemies":"Centurion and Healer","floor":20,"turns":3},{"damage":0,"enemies":"Chosen and Byrds","floor":24,"turns":3},{"damage":0,"enemies":"Snecko","floor":25,"turns":3},{"damage":0,"enemies":"Snake Plant","floor":30,"turns":2},{"damage":0,"enemies":"Cultist and Chosen","floor":31,"turns":4},{"damage":0,"enemies":"Collector","floor":33,"turns":8},{"damage":8,"enemies":"3 Darklings","floor":35,"turns":9},{"damage":0,"enemies":"3 Shapes","floor":39,"turns":3},{"damage":0,"enemies":"Jaw Worm Horde","floor":41,"turns":4},{"damage":0,"enemies":"Writhing Mass","floor":45,"turns":3},{"damage":0,"enemies":"Giant Head","floor":48,"turns":4},{"damage":0,"enemies":"Awakened One","floor":50,"turns":7},{"damage":0,"enemies":"Shield and Spear","floor":54,"turns":5},{"damage":16,"enemies":"The Heart","floor":55,"turns":6}],"seed_played":"-6141778087381389977","potions_obtained":[{"floor":2,"key":"DistilledChaos"},{"floor":11,"key":"Dexterity Potion"},{"floor":12,"key":"BlessingOfTheForge"},{"floor":34,"key":"CultistPotion"},{"floor":39,"key":"SteroidPotion"},{"floor":44,"key":"BlessingOfTheForge"},{"floor":54,"key":"AttackPotion"}],"is_trial":false,"path_per_floor":["M","M","?","?","M","?","?","R","T","M","E","M","E","M","R","B",null,"M","M","M","$","?","R","M","M","T","?","?","?","M","M","R","B",null,"M","$","?","$","M","R","M","R","T","?","M","R","$","E","R","B",null,"R","$","E","B",null],"character_chosen":"Hololive_HololiveCharacter","items_purchased":["Hololive_CallYozoraMel","ClockworkSouvenir","Sling","Whetstone"],"campfire_rested":0,"item_purchase_floors":[21,21,36,36],"current_hp_per_floor":[35,35,24,24,24,24,24,24,24,24,24,24,24,24,24,24,33,33,33,33,33,33,33,33,33,33,33,33,33,33,33,33,33,38,35,35,38,38,38,38,38,38,38,38,38,38,35,35,35,35,35,35,35,35,19],"gold":59,"neow_bonus":"UPGRADE_CARD","is_daily":false,"chose_seed":false,"campfire_upgraded":3,"win_rate":0.0,"timestamp":1608576123,"path_taken":["M","M","?","?","M","?","?","R","T","M","E","M","E","?","R","BOSS","M","M","M","$","?","R","?","M","T","?","?","?","M","M","R","BOSS","M","$","?","?","?","R","M","R","T","?","?","R","$","E","R","BOSS","R","$","E","BOSS"],"items_purchased_type":["Card","Relic","Relic","Relic"],"build_version":"2020-12-13","purchased_purges":4,"victory":true,"max_hp_per_floor":[35,35,35,33,33,33,33,33,33,33,33,33,33,33,33,33,33,33,33,33,33,33,33,33,33,33,33,33,33,33,33,33,33,38,38,38,38,38,38,38,38,38,38,38,38,38,35,35,35,35,35,35,35,35,35],"card_choices":[{"not_picked":["Hololive_CocoNews","Hololive_LuckPotion","Hololive_Trident"],"picked":"Hololive_CallFriendA","floor":1},{"not_picked":["Hololive_StrengthChampion","Hololive_CallUruhaRushia","Hololive_HuntDinosaur"],"picked":"Hololive_CallOzoraSubaru","floor":2},{"not_picked":["Hololive_CallArtia","Hololive_CallMomosuzuNene","Hololive_Sequa"],"picked":"Hololive_CallShirakamiFubuki","floor":5},{"not_picked":["Hololive_CallOzoraSubaru","Hololive_Trident","Hololive_HuntDinosaur"],"picked":"Hololive_Psychosis","floor":7},{"not_picked":["Hololive_Drill","Hololive_CallOmaruPolka","Hololive_StrengthChampion","Hololive_CallOzoraSubaru"],"picked":"SKIP","floor":10},{"not_picked":["Hololive_CocoNews","Hololive_CallOkamiMio","Hololive_CallRoboco","Hololive_CallSakuraMiko"],"picked":"SKIP","floor":11},{"not_picked":["Hololive_Sequa","Hololive_Breathe","Hololive_CallMinatoAqua","Hololive_HuntDinosaur"],"picked":"SKIP","floor":12},{"not_picked":["Hololive_CallNekomataOkayu","Hololive_ILoveYou","Hololive_CallMinatoAqua"],"picked":"Hololive_Thief","floor":13},{"not_picked":["Hololive_Breathe","Hololive_StrengthChampion","Hololive_HuntDinosaur"],"picked":"Hololive_FlyingPonyTail","floor":14},{"not_picked":["Hololive_Sequa","Hololive_Yoholoon","Hololive_RevenueBasedLive","Hololive_StrengthChampion"],"picked":"SKIP","floor":14},{"not_picked":["Hololive_Psychosis","Hololive_CocoNews","Hololive_CallTokinoSora"],"picked":"Hololive_FlyingPonyTail+1","floor":18},{"not_picked":["Hololive_CallTsunomakiWatame","Hololive_CocoNews","Hololive_OvertimeWork","Hololive_StrengthChampion"],"picked":"SKIP","floor":18},{"not_picked":["Hololive_Sequa","Hololive_Trident","Hololive_Drill"],"picked":"Hololive_CallNekomataOkayu","floor":19},{"not_picked":["Hololive_CallMinatoAqua","Hololive_Sequa+1","Hololive_StrengthChampion","Hololive_FlareMind"],"picked":"SKIP","floor":19},{"not_picked":["Hololive_Breathe","Hololive_Sequa","Hololive_Drill","Hololive_OvertimeWork"],"picked":"SKIP","floor":20},{"not_picked":["Hololive_CocoNews","Hololive_CallUsadaPekora","Hololive_RevenueBasedLive","Hololive_AWSL"],"picked":"SKIP","floor":20},{"not_picked":["Hololive_Rebound","Hololive_Sequa","Hololive_ManjiGathering","Hololive_CallOkamiMio"],"picked":"SKIP","floor":24},{"not_picked":["Hololive_OvertimeWork","Hololive_Trident+1","Hololive_CallMinatoAqua","Hololive_RevenueBasedLive+1"],"picked":"SKIP","floor":24},{"not_picked":["Hololive_StrengthChampion","Hololive_CocoNews+1","Hololive_OvertimeWork+1"],"picked":"Hololive_FlyingPonyTail","floor":25},{"not_picked":["Hololive_LuckPotion","Hololive_SoulCatcher","Hololive_WolfAndLamb","Hololive_Drill+1"],"picked":"SKIP","floor":25},{"not_picked":["Hololive_OvertimeWork","Hololive_CallSpadeEcho+1","Hololive_CocoNews"],"picked":"Hololive_CallAkaiHaato","floor":30},{"not_picked":["Hololive_ILoveYou","Hololive_CallAmaneKanata","Hololive_Trident","Hololive_Psychosis"],"picked":"SKIP","floor":30},{"not_picked":["Hololive_CocoNews","Hololive_Sequa","Hololive_OvertimeWork+1","Hololive_Trident"],"picked":"SKIP","floor":31},{"not_picked":["Hololive_Breathe","Hololive_CallUruhaRushia","Hololive_CocoNews+1","Hololive_Trident+1"],"picked":"SKIP","floor":31},{"not_picked":["Hololive_HighAtkLowDef","Hololive_DurableLive","Hololive_Nanodesu"],"picked":"Hololive_IdolExercise","floor":33},{"not_picked":["Hololive_CallYogiri","Hololive_CocoNews","Hololive_HuntDinosaur"],"picked":"Hololive_CallNatsuiroMatsuri","floor":35},{"not_picked":["Hololive_Breathe+1","Hololive_DurableLive","Hololive_Trident"],"picked":"Hololive_CocoNews+1","floor":35},{"not_picked":["Hololive_CallTokoyamiTowa","Hololive_CallTsunomakiWatame","Hololive_CallShiroganeNoel+1","Hololive_Drill+1"],"picked":"SKIP","floor":39},{"not_picked":["Hololive_CallShirakamiFubuki","Hololive_Breathe+1","Hololive_ManjiGathering","Hololive_Psychosis+1"],"picked":"SKIP","floor":39},{"not_picked":["Hololive_Psychosis","Hololive_Rebound","Hololive_LuckPotion"],"picked":"Hololive_SummonFox+1","floor":41},{"not_picked":["Hololive_CallMoonaHoshinova","Hololive_CallAZKi+1","Hololive_FlyingPonyTail","Hololive_CallOkamiMio+1"],"picked":"SKIP","floor":41},{"not_picked":["Hololive_Sequa+1","Hololive_Trident+1","Hololive_CallTokinoSora","Hololive_CallCivia"],"picked":"SKIP","floor":45},{"not_picked":["Hololive_HuntDinosaur","Hololive_CallTokoyamiTowa+1","Hololive_Drill+1","Hololive_MaximGun"],"picked":"SKIP","floor":45},{"not_picked":["Hololive_Trident","Hololive_StrengthChampion","Hololive_CallDoris","Hololive_Sequa"],"picked":"SKIP","floor":48},{"not_picked":["Hololive_OvertimeWork","Hololive_DevilCharm+1","Hololive_RevenueBasedLive","Hololive_Sequa+1"],"picked":"SKIP","floor":54}],"player_experience":154429,"relics_obtained":[{"floor":7,"key":"Odd Mushroom"},{"floor":9,"key":"Vajra"},{"floor":11,"key":"Hololive_LightStick"},{"floor":13,"key":"Prayer Wheel"},{"floor":32,"key":"Anchor"},{"floor":40,"key":"Smiling Mask"},{"floor":42,"key":"Oddly Smooth Stone"},{"floor":43,"key":"Gremlin Horn"},{"floor":48,"key":"Juzu Bracelet"},{"floor":49,"key":"Letter Opener"},{"floor":52,"key":"Bottled Lightning"},{"floor":54,"key":"Nunchaku"}],"event_choices":[{"damage_healed":0,"gold_gain":75,"player_choice":"Gather Gold","damage_taken":11,"max_hp_gain":0,"max_hp_loss":0,"event_name":"World of Goop","floor":3,"gold_loss":0},{"damage_healed":0,"gold_gain":0,"player_choice":"Lose Max HP","damage_taken":0,"relics_obtained":["Golden Idol"],"max_hp_gain":0,"max_hp_loss":2,"event_name":"Golden Idol","floor":4,"gold_loss":0},{"cards_removed":["Hololive_CallFriendA"],"damage_healed":0,"gold_gain":0,"player_choice":"Card Removal","damage_taken":0,"max_hp_gain":0,"max_hp_loss":0,"event_name":"The Cleric","floor":6,"gold_loss":50},{"damage_healed":0,"gold_gain":0,"player_choice":"Fought Mushrooms","damage_taken":0,"max_hp_gain":0,"max_hp_loss":0,"event_name":"Mushrooms","floor":7,"gold_loss":0},{"damage_healed":0,"gold_gain":0,"player_choice":"Got Potions","damage_taken":0,"max_hp_gain":0,"max_hp_loss":0,"event_name":"Lab","floor":22,"gold_loss":0},{"damage_healed":0,"gold_gain":0,"player_choice":"Ignored","damage_taken":0,"max_hp_gain":0,"max_hp_loss":0,"event_name":"Vampires","floor":27,"gold_loss":0},{"damage_healed":0,"gold_gain":0,"player_choice":"Opened","damage_taken":0,"relics_obtained":["Shovel"],"max_hp_gain":0,"max_hp_loss":0,"event_name":"The Mausoleum","floor":28,"gold_loss":0,"cards_obtained":["Writhe"]},{"damage_healed":0,"gold_gain":0,"player_choice":"Gave Idol","damage_taken":0,"relics_obtained":["Bloody Idol"],"max_hp_gain":0,"max_hp_loss":0,"event_name":"Forgotten Altar","floor":29,"relics_lost":["Golden Idol"],"gold_loss":0},{"cards_removed":["Hololive_CallRoboco"],"damage_healed":3,"gold_gain":0,"player_choice":"Offered Uncommon","damage_taken":0,"max_hp_gain":0,"max_hp_loss":0,"event_name":"Bonfire Elementals","floor":37,"gold_loss":0},{"damage_healed":0,"gold_gain":0,"player_choice":"Bought 3 Potions","damage_taken":0,"max_hp_gain":0,"max_hp_loss":0,"event_name":"The Woman in Blue","floor":44,"gold_loss":0}],"is_beta":false,"boss_relics":[{"not_picked":["Calling Bell","Philosopher\u0027s Stone"],"picked":"SlaversCollar"},{"not_picked":["Fusion Hammer","Astrolabe"],"picked":"Tiny House"}],"items_purged_floors":[21,36,47,53],"is_endless":false,"potions_floor_spawned":[2,11,12,18,19,30,39,45,54],"ascension_level":0}}