{"host":"12piqfhmdln9x2la","time":1608574697,"event":{"mods":["2.2 Compatiblity","AchievementEnabler","BaseMod","BetterRewards","Colored Powertips","Minty Spire (QoL Compilation)","Quick Restart","SuperFastMode"],"gold_per_floor":[418,434,450,212,230,230,248,248,275,275,275],"floor_reached":10,"playtime":206,"items_purged":["Strike_R"],"score":66,"play_id":"9ddd5279-df40-4ddb-97bb-9ca1a0f762fe","local_time":"20201222031817","is_ascension_mode":true,"campfire_choices":[{"data":"Inflame","floor":6,"key":"SMITH"},{"data":"Seeing Red","floor":8,"key":"SMITH"}],"circlet_count":0,"master_deck":["Strike_R","Strike_R","Strike_R","Strike_R","Defend_R","Defend_R","Defend_R","Defend_R","Bash","Inflame+1","Sword Boomerang","Armaments","Bloodletting","Jack Of All Trades","Seeing Red+1","Clash"],"relics":["Burning Blood","Old Coin"],"acts_visited":["Exordium"],"potions_floor_usage":[10],"damage_taken":[{"damage":11,"enemies":"Cultist","floor":1,"turns":4},{"damage":6,"enemies":"Small Slimes","floor":2,"turns":3},{"damage":2,"enemies":"Jaw Worm","floor":3,"turns":3},{"damage":30,"enemies":"Exordium Thugs","floor":5,"turns":5},{"damage":19,"enemies":"Blue Slaver","floor":7,"turns":4},{"damage":67,"enemies":"Gremlin Nob","floor":10,"turns":4}],"seed_played":"5030773945280601569","potions_obtained":[{"floor":2,"key":"Strength Potion"},{"floor":3,"key":"PowerPotion"}],"is_trial":false,"path_per_floor":["M","M","M","$","M","R","M","R","T","E"],"character_chosen":"IRONCLAD","items_purchased":["Bloodletting","Jack Of All Trades"],"campfire_rested":0,"item_purchase_floors":[4,4],"current_hp_per_floor":[67,67,71,71,47,47,34,34,34,0,0],"gold":275,"neow_bonus":"ONE_RARE_RELIC","is_daily":false,"chose_seed":false,"campfire_upgraded":2,"win_rate":0.0,"timestamp":1608574697,"path_taken":["M","?","M","$","M","R","M","R","T","E"],"items_purchased_type":["Card","Card"],"build_version":"2020-12-13","purchased_purges":1,"victory":false,"max_hp_per_floor":[72,72,72,72,72,72,72,72,72,72,72],"card_choices":[{"not_picked":["Clash","Pommel Strike"],"picked":"Inflame","floor":1},{"not_picked":["Havoc","Dark Embrace"],"picked":"Sword Boomerang","floor":2},{"not_picked":["Havoc","Rage"],"picked":"Armaments","floor":3},{"not_picked":["Armaments","Perfected Strike"],"picked":"Seeing Red","floor":5},{"not_picked":["Disarm","Anger"],"picked":"Clash","floor":7}],"player_experience":109527,"relics_obtained":[],"event_choices":[],"is_beta":false,"boss_relics":[],"items_purged_floors":[4],"is_endless":false,"potions_floor_spawned":[2,3],"killed_by":"Gremlin Nob","ascension_level":2}}