{"host":"ln76an1o32p2wxtf","time":1608533582,"event":{"mods":["AchievementEnabler","Act Like it!","BaseMod","BetterRewards","Colored Powertips","Energized Spire","GifTheSpireLib","Infinite Spire","Minty Spire (QoL Compilation)","Shop Mod","StSLib"],"gold_per_floor":[117,134,134,134,151,185,203,235,281,308,233,258,315,341,341,437,437,456,555,555,555,565,598,598,523,523,523,823,833,852,870,870,970,970,985,985,1005,1015,1015,1042,1042,1369,1394,1051,1101,1114,1114,620,620,620,620,620,25,51,121],"floor_reached":56,"playtime":3890,"items_purged":["Strike_P","Defend_P","Defend_P","Writhe","Strike_P"],"score":1545,"play_id":"3f29aff5-bbb6-424a-958f-1f9bd7b15cfd","local_time":"20201221145302","is_ascension_mode":true,"campfire_choices":[{"floor":15.0,"key":"REST"},{"floor":27.0,"key":"RECALL"},{"floor":32.0,"key":"REST"},{"floor":41.0,"key":"REST"},{"floor":49.0,"key":"REST"},{"data":"infinitespire:TheBestDefense","floor":52,"key":"SMITH"}],"circlet_count":0,"master_deck":["Strike_P","Defend_P+1","Eruption","Vigilance+1","CutThroughFate","Consecrate","Worship","Prostrate","Prostrate","Scrawl","infinitespire:NeuralNetwork","DevaForm","infinitespire:TheBestDefense+1","WaveOfTheHand","SpiritShield","BattleHymn","Pray"],"relics":["infinitespire:DarkRift","NeowsBlessing","infinitespire:Cubic Diamond","PreservedInsect","infinitespire:CheckeredPen","Nunchaku","MealTicket","White Beast Statue","Thread and Needle","Ancient Tea Set","energizedSpire:MagnifyingGlass","Sundial","infinitespire:FocusingShard","energizedSpire:OgreHead","Du-Vu Doll","infinitespire:Lucky Rock","MerchantsRug","Turnip","Gambling Chip","ClockworkSouvenir","infinitespire:Midas Blood","Blood Vial"],"acts_visited":["Exordium","TheCity","TheBeyond","TheEnding"],"potions_floor_usage":[50,55],"damage_taken":[{"damage":0.0,"enemies":"Cultist","floor":1.0,"turns":1.0},{"damage":0.0,"enemies":"2 Louse","floor":2.0,"turns":1.0},{"damage":0.0,"enemies":"Jaw Worm","floor":5.0,"turns":1.0},{"damage":16.0,"enemies":"3 Sentries","floor":6.0,"turns":7.0},{"damage":1.0,"enemies":"Blue Slaver","floor":7.0,"turns":5.0},{"damage":0.0,"enemies":"Gremlin Nob","floor":8.0,"turns":2.0},{"damage":2.0,"enemies":"Lagavulin","floor":10.0,"turns":5.0},{"damage":8.0,"enemies":"Gremlin Nob","floor":12.0,"turns":4.0},{"damage":25.0,"enemies":"3 Sentries","floor":13.0,"turns":5.0},{"damage":0.0,"enemies":"Lagavulin","floor":14.0,"turns":5.0},{"damage":11.0,"enemies":"Slime Boss","floor":16.0,"turns":7.0},{"damage":6.0,"enemies":"Shell Parasite","floor":18.0,"turns":4.0},{"damage":0.0,"enemies":"Chosen","floor":22.0,"turns":3.0},{"damage":52.0,"enemies":"Gremlin Leader","floor":23.0,"turns":9.0},{"damage":0.0,"enemies":"3 Cultists","floor":29.0,"turns":2.0},{"damage":0.0,"enemies":"Snecko","floor":30.0,"turns":5.0},{"damage":2.0,"enemies":"Snake Plant","floor":31.0,"turns":5.0},{"damage":0.0,"enemies":"Champ","floor":33.0,"turns":5.0},{"damage":25.0,"enemies":"Orb Walker","floor":35.0,"turns":4.0},{"damage":8.0,"enemies":"3 Shapes","floor":37.0,"turns":3.0},{"damage":10.0,"enemies":"Sphere and 2 Shapes","floor":38.0,"turns":4.0},{"damage":0.0,"enemies":"Reptomancer","floor":40.0,"turns":1.0},{"damage":0.0,"enemies":"Giant Head","floor":42.0,"turns":4.0},{"damage":50.0,"enemies":"2 Orb Walkers","floor":45.0,"turns":5.0},{"damage":0.0,"enemies":"Writhing Mass","floor":46.0,"turns":2.0},{"damage":0,"enemies":"Donu and Deca","floor":50,"turns":8},{"damage":0,"enemies":"Shield and Spear","floor":54,"turns":3},{"damage":106,"enemies":"The Heart","floor":55,"turns":10}],"seed_played":"-5524381590151024463","potions_obtained":[{"floor":2.0,"key":"Fruit Juice"},{"floor":7.0,"key":"Regen Potion"},{"floor":12.0,"key":"PowerPotion"},{"floor":13.0,"key":"AttackPotion"},{"floor":14.0,"key":"FairyPotion"},{"floor":16.0,"key":"Energy Potion"},{"floor":18.0,"key":"SpeedPotion"},{"floor":22.0,"key":"SneckoOil"},{"floor":23.0,"key":"Explosive Potion"},{"floor":29.0,"key":"BottledMiracle"},{"floor":30.0,"key":"SpeedPotion"},{"floor":31.0,"key":"Regen Potion"},{"floor":40.0,"key":"PowerPotion"},{"floor":45.0,"key":"SteroidPotion"},{"floor":54,"key":"AttackPotion"}],"is_trial":false,"path_per_floor":["M","M","?","?","M","E","M","E","T","E","$","E","?","E","R","B",null,"M","?","?","?","M","E","?","?","T","R","AVR","M","M","M","R","B",null,"M","?","M","M","?","E","R","E","T","$","?","M","?","$","R","B",null,"R","$","E","B",null],"character_chosen":"WATCHER","items_purchased":["SpiritShield","MerchantsRug","BattleHymn","Gambling Chip","Pray","ClockworkSouvenir","infinitespire:Midas Blood"],"campfire_rested":4,"item_purchase_floors":[44,44,48,48,53,53,53],"current_hp_per_floor":[72,77,77,62,62,46,45,45,45,43,58,50,37,37,60,49,77,71,71,71,71,71,19,19,19,19,19,19,19,19,17,40,40,77,52,52,44,34,15,15,38,38,38,53,3,3,22,37,60,70,77,77,77,77,23],"gold":121,"neow_bonus":"THREE_ENEMY_KILL","is_daily":false,"chose_seed":false,"campfire_upgraded":1,"win_rate":0.0,"timestamp":1608533582,"path_taken":["M","?","?","?","?","E","M","E","T","E","$","E","?","E","R","BOSS","M","?","?","?","?","E","?","?","T","R","AVR","M","M","M","R","BOSS","M","?","M","M","?","E","R","E","T","$","?","M","?","?","R","BOSS","R","$","E","BOSS"],"items_purchased_type":["Card","Relic","Card","Relic","Card","Relic","Relic"],"build_version":"2020-12-13","purchased_purges":5,"victory":true,"max_hp_per_floor":[72,77,77,77,77,77,77,77,77,77,77,77,77,77,77,77,77,77,77,77,77,77,77,77,77,77,77,77,77,77,77,77,77,77,77,77,77,77,77,77,77,77,77,77,77,77,77,77,77,77,77,77,77,77,77],"card_choices":[{"not_picked":["Indignation","PathToVictory","Tantrum"],"picked":"SKIP","floor":1.0},{"not_picked":["JustLucky","ThirdEye"],"picked":"CutThroughFate","floor":2.0},{"not_picked":["Worship","Wireheading"],"picked":"Consecrate","floor":5.0},{"not_picked":["EmptyFist","BowlingBash"],"picked":"Worship","floor":6.0},{"not_picked":["Evaluate","EmptyFist","FlyingSleeves"],"picked":"SKIP","floor":7.0},{"not_picked":["Fasting2","Brilliance"],"picked":"Prostrate","floor":8.0},{"not_picked":["EmptyFist","JustLucky","Collect"],"picked":"SKIP","floor":10.0},{"not_picked":["MentalFortress","Sanctity"],"picked":"Prostrate","floor":12.0},{"not_picked":["Vengeance","FearNoEvil","EmptyFist"],"picked":"SKIP","floor":14.0},{"not_picked":["Establishment","Vault"],"picked":"Scrawl","floor":16.0},{"not_picked":["FearNoEvil","Evaluate","ClearTheMind+1"],"picked":"SKIP","floor":18.0},{"not_picked":["Weave","BowlingBash","FollowUp"],"picked":"SKIP","floor":22.0},{"not_picked":["BowlingBash","Evaluate","Halt"],"picked":"SKIP","floor":23.0},{"not_picked":["FollowUp","SashWhip","Halt"],"picked":"SKIP","floor":29.0},{"not_picked":["Collect","ThirdEye","Tantrum"],"picked":"SKIP","floor":30.0},{"not_picked":["SignatureMove+1","Collect","SashWhip"],"picked":"SKIP","floor":31.0},{"not_picked":["ConjureBlade","Scrawl"],"picked":"DevaForm","floor":33.0},{"not_picked":["FlurryOfBlows","Protect","Evaluate"],"picked":"SKIP","floor":35.0},{"not_picked":["FearNoEvil","CrushJoints+1","SashWhip"],"picked":"SKIP","floor":37.0},{"not_picked":["Weave+1","Meditate","Protect+1"],"picked":"SKIP","floor":38.0},{"not_picked":["infinitespire:SealOfDarkness+","infinitespire:FutureSight"],"picked":"infinitespire:TheBestDefense","floor":39.0},{"not_picked":["Consecrate","WreathOfFlame+1"],"picked":"WaveOfTheHand","floor":40.0},{"not_picked":["Tantrum","MentalFortress+1","Collect+1"],"picked":"SKIP","floor":42.0},{"not_picked":["CrushJoints","EmptyFist","ThirdEye+1"],"picked":"SKIP","floor":46.0},{"not_picked":["CutThroughFate+1","BowlingBash+1","CarveReality+1"],"picked":"SKIP","floor":54}],"player_experience":646796,"relics_obtained":[{"floor":6.0,"key":"PreservedInsect"},{"floor":8.0,"key":"infinitespire:CheckeredPen"},{"floor":9.0,"key":"Nunchaku"},{"floor":10.0,"key":"MealTicket"},{"floor":12.0,"key":"White Beast Statue"},{"floor":13.0,"key":"Thread and Needle"},{"floor":14.0,"key":"Ancient Tea Set"},{"floor":23.0,"key":"infinitespire:FocusingShard"},{"floor":40.0,"key":"Du-Vu Doll"},{"floor":42.0,"key":"Old Coin"},{"floor":43.0,"key":"infinitespire:Lucky Rock"},{"floor":45.0,"key":"Turnip"},{"floor":54,"key":"Blood Vial"}],"event_choices":[{"damage_healed":0.0,"max_hp_gain":0.0,"max_hp_loss":0.0,"gold_gain":0.0,"event_name":"Shining Light","player_choice":"Entered Light","floor":4.0,"gold_loss":0.0,"damage_taken":15.0,"cards_upgraded":["Defend_P","Vigilance"]},{"damage_healed":0.0,"max_hp_gain":0.0,"max_hp_loss":0.0,"gold_gain":0.0,"event_name":"Dead Adventurer","player_choice":"Searched \u00272\u0027 times","floor":13.0,"gold_loss":0.0,"damage_taken":0.0},{"damage_healed":0.0,"max_hp_gain":0.0,"max_hp_loss":0.0,"gold_gain":99.0,"event_name":"Nest","player_choice":"Stole From Cult","floor":19.0,"gold_loss":0.0,"damage_taken":0.0},{"damage_healed":0.0,"max_hp_gain":0.0,"max_hp_loss":0.0,"gold_gain":0.0,"event_name":"The Mausoleum","player_choice":"Opened","floor":20.0,"gold_loss":0.0,"damage_taken":0.0,"relics_obtained":["Sundial"]},{"damage_healed":0.0,"max_hp_gain":0.0,"max_hp_loss":0.0,"gold_gain":0.0,"event_name":"NoteForYourself","player_choice":"Ignored","floor":21.0,"gold_loss":0.0,"damage_taken":0.0},{"cards_removed":["Strike_P"],"damage_healed":0.0,"max_hp_gain":0.0,"max_hp_loss":0.0,"gold_gain":0.0,"event_name":"Back to Basics","player_choice":"Elegance","floor":24.0,"gold_loss":0.0,"damage_taken":0.0},{"cards_removed":["Defend_P"],"damage_healed":0.0,"max_hp_gain":0.0,"max_hp_loss":0.0,"gold_gain":0.0,"event_name":"Beggar","player_choice":"Gave Gold","floor":25.0,"gold_loss":75.0,"damage_taken":0.0},{"damage_healed":0.0,"max_hp_gain":0.0,"max_hp_loss":0.0,"gold_gain":0.0,"event_name":"Tomb of Lord Red Mask","player_choice":"Ignored","floor":36.0,"gold_loss":0.0,"damage_taken":0.0},{"damage_healed":0.0,"max_hp_gain":0.0,"max_hp_loss":0.0,"gold_gain":0.0,"event_name":"Mysterious Sphere","player_choice":"Fight","floor":45.0,"gold_loss":0.0,"damage_taken":0.0},{"damage_healed":19.0,"max_hp_gain":0.0,"max_hp_loss":0.0,"gold_gain":0.0,"event_name":"Winding Halls","player_choice":"Writhe","floor":47.0,"gold_loss":0.0,"damage_taken":0.0,"cards_obtained":["Writhe"]}],"is_beta":false,"boss_relics":[{"not_picked":["Sozu","energizedSpire:CrystalSphere"],"picked":"energizedSpire:MagnifyingGlass"},{"not_picked":["Astrolabe","infinitespire:Cupcake"],"picked":"energizedSpire:OgreHead"}],"items_purged_floors":[11,28,44,48,53],"is_endless":false,"potions_floor_spawned":[2,7,12,13,14,16,18,22,23,29,30,31,33,35,37,38,40,42,45,46,54],"ascension_level":1}}