{"host":"sav7uxregyirlf69","time":1608557257,"event":{"mods":["AchievementEnabler","BaseMod","Colored Map","DeckTracker","Keyboard Shortcuts","Minty Spire (QoL Compilation)","READ ME - Guardian Mod","StSLib","SuperFastMode"],"gold_per_floor":[116,116,41,41,116,144,164,198,198,225,225,238,238,257,257,356,356,373,373,373,472,301,301,335,183,183,183,153,153],"floor_reached":28,"playtime":377,"items_purged":["Defend_P","Defend_P","Strike_P"],"score":413,"play_id":"4cf18b44-05f9-4a72-8a36-497c1c66f71f","local_time":"20201221222737","is_ascension_mode":true,"campfire_choices":[{"floor":11,"key":"REST"},{"data":"Eruption","floor":13,"key":"SMITH"},{"data":"Ragnarok","floor":15,"key":"SMITH"},{"data":"Scrawl","floor":23,"key":"SMITH"}],"circlet_count":0,"master_deck":["AscendersBane","Strike_P+1","Defend_P+1","Eruption+1","Vigilance","Evaluate","Ragnarok+1","Halt","Meditate","Scrawl+1","Tantrum","ClearTheMind","Sanctity","Blasphemy"],"relics":["PureWater","NeowsBlessing","Pocketwatch","Shuriken","Mummified Hand","Sozu","Nilry\u0027s Codex","StrikeDummy","Orichalcum"],"acts_visited":["Exordium","TheCity"],"potions_floor_usage":[8,10,10],"damage_taken":[{"damage":0.0,"enemies":"Cultist","floor":1.0,"turns":1.0},{"damage":0,"enemies":"3 Sentries","floor":6,"turns":2},{"damage":0,"enemies":"Jaw Worm","floor":7,"turns":1},{"damage":16,"enemies":"Gremlin Nob","floor":8,"turns":4},{"damage":30,"enemies":"3 Sentries","floor":10,"turns":7},{"damage":1,"enemies":"2 Louse","floor":12,"turns":2},{"damage":12,"enemies":"Lots of Slimes","floor":14,"turns":3},{"damage":10,"enemies":"The Guardian","floor":16,"turns":8},{"damage":7,"enemies":"Chosen","floor":18,"turns":2},{"damage":24,"enemies":"Book of Stabbing","floor":24,"turns":3},{"damage":10,"enemies":"2 Thieves","floor":28,"turns":1}],"seed_played":"-2070131953700187513","potions_obtained":[{"floor":6,"key":"Explosive Potion"},{"floor":7,"key":"Energy Potion"},{"floor":8,"key":"Regen Potion"}],"is_trial":false,"path_per_floor":["M","?","$","?","?","E","M","E","T","E","R","M","R","M","R","B",null,"M","?","?","?","$","R","E","$","T","?","M"],"character_chosen":"WATCHER","items_purchased":["Tantrum","ClearTheMind"],"campfire_rested":1,"item_purchase_floors":[22,25],"current_hp_per_floor":[65,51,51,44,37,37,37,21,21,6,27,26,26,14,14,4,55,48,48,32,32,32,32,8,8,8,8,0,0],"gold":153,"neow_bonus":"THREE_ENEMY_KILL","is_daily":false,"chose_seed":false,"campfire_upgraded":3,"win_rate":0.0,"timestamp":1608557257,"path_taken":["M","?","$","?","?","E","?","E","T","E","R","M","R","M","R","BOSS","M","?","?","?","$","R","E","$","T","?","M"],"items_purchased_type":["Card","Card"],"build_version":"2020-12-13","purchased_purges":3,"victory":false,"max_hp_per_floor":[72,72,72,72,72,72,72,72,72,72,72,72,72,72,72,72,72,72,72,72,72,72,72,72,72,72,72,72,72],"card_choices":[{"not_picked":["JustLucky","Conclude","ClearTheMind"],"picked":"SKIP","floor":1.0},{"not_picked":["Protect","WreathOfFlame","BowlingBash"],"picked":"SKIP","floor":6},{"not_picked":["Collect","JustLucky"],"picked":"Evaluate","floor":7},{"not_picked":["Evaluate","Wireheading"],"picked":"Ragnarok","floor":8},{"not_picked":["CutThroughFate","Worship"],"picked":"Halt","floor":10},{"not_picked":["Swivel","Wireheading","JustLucky"],"picked":"SKIP","floor":12},{"not_picked":["ClearTheMind","ThirdEye"],"picked":"Meditate","floor":14},{"not_picked":["DevaForm","Establishment"],"picked":"Scrawl","floor":16},{"not_picked":["Swivel","Halt","WindmillStrike"],"picked":"SKIP","floor":18},{"not_picked":["Protect+1","Wallop","ThirdEye+1"],"picked":"SKIP","floor":24}],"player_experience":983891,"relics_obtained":[{"floor":6,"key":"Pocketwatch"},{"floor":8,"key":"Shuriken"},{"floor":10,"key":"Mummified Hand"},{"floor":20,"key":"Nilry\u0027s Codex"},{"floor":24,"key":"StrikeDummy"},{"floor":26,"key":"Orichalcum"}],"event_choices":[{"damage_healed":0.0,"max_hp_gain":0.0,"max_hp_loss":0.0,"gold_gain":0.0,"event_name":"Shining Light","player_choice":"Entered Light","floor":2.0,"gold_loss":0.0,"damage_taken":14.0,"cards_upgraded":["Defend_P","Strike_P"]},{"cards_removed":["Strike_P"],"damage_healed":0.0,"max_hp_gain":0.0,"max_hp_loss":0.0,"gold_gain":0.0,"event_name":"Golden Wing","player_choice":"Card Removal","floor":4.0,"gold_loss":0.0,"damage_taken":7.0},{"damage_healed":0,"gold_gain":75,"player_choice":"Touch","damage_taken":7,"max_hp_gain":0,"max_hp_loss":0,"event_name":"FaceTrader","floor":5,"gold_loss":0},{"damage_healed":0,"gold_gain":0,"player_choice":"Ignored","damage_taken":0,"max_hp_gain":0,"max_hp_loss":0,"event_name":"Ghosts","floor":19,"gold_loss":0},{"damage_healed":0,"gold_gain":0,"player_choice":"Obtained Book","damage_taken":16,"max_hp_gain":0,"max_hp_loss":0,"event_name":"Cursed Tome","floor":20,"gold_loss":0},{"damage_healed":0,"gold_gain":99,"player_choice":"Stole From Cult","damage_taken":0,"max_hp_gain":0,"max_hp_loss":0,"event_name":"Nest","floor":21,"gold_loss":0},{"damage_healed":0,"gold_gain":0,"cards_transformed":["Strike_P","Defend_P"],"player_choice":"Became Test Subject","damage_taken":0,"max_hp_gain":0,"max_hp_loss":0,"event_name":"Drug Dealer","floor":27,"gold_loss":0,"cards_obtained":["Sanctity","Blasphemy"]}],"is_beta":false,"boss_relics":[{"not_picked":["Snecko Eye","Calling Bell"],"picked":"Sozu"}],"items_purged_floors":[3,22,25],"is_endless":false,"potions_floor_spawned":[6,7,8,24],"killed_by":"2 Thieves","ascension_level":10}}