{"host":"whloki2o3dp1b07n","time":1608563634,"event":{"mods":["Abigail Mod","Act Like it!","BaseMod","Better Synergies","Block Reminder","CapriCore","Colored Map","Colored Powertips","DNKmod","Friendly Minions","GifTheSpireLib","GungeonMod","HexUI Lib","Koishi","Marked Mod","Minty Spire (QoL Compilation)","StSLib","Swap Starting Deck Mod","The Bug Knight","The Marked","Transform Curses"],"gold_per_floor":[114,128,141,141,152,182,182,202,202,235,16,49,49,14,14,118,118,138,138,152,152,172,172,172,172],"floor_reached":24,"playtime":1156,"items_purged":[],"score":216,"play_id":"720c3cb7-da91-4637-a415-0cade0d96e9f","local_time":"20201221101354","is_ascension_mode":false,"campfire_choices":[{"floor":7,"key":"REST"},{"floor":13,"key":"REST"},{"data":"theMarked:ParalyzingBlade","floor":15,"key":"SMITH"},{"floor":23,"key":"REST"}],"circlet_count":0,"master_deck":["theMarked:Strike","theMarked:Strike","theMarked:Strike","theMarked:Strike","theMarked:Strike","theMarked:Defend","theMarked:Defend","theMarked:Defend","theMarked:Defend","theMarked:SoldierOfQuellstein","theMarked:EmpowerWeapon","theMarked:ElectricStrings","theMarked:WardOff","theMarked:LightningStrikesTwice","theMarked:SwordAndMagic","theMarked:HeritageOfTheMarked+1","theMarked:RogueSparks+1","theMarked:EmpowerWeapon","theMarked:HeightenedSenses","theMarked:WardOff","theMarked:ParalyzingBlade+1","theMarked:Defy","theMarked:PowerFlow","theMarked:ContemptForTheProud+1","theMarked:GodGivenPower+1"],"relics":["theMarked:BronzeBlade","Frozen Egg 2","DemoMod:SerJunkan","Regal Pillow","Medical Kit","DemoMod:Junk"],"acts_visited":["Exordium","TheCity"],"potions_floor_usage":[6,10,10,16,20],"damage_taken":[{"damage":11,"enemies":"Jaw Worm","floor":1,"turns":3},{"damage":2,"enemies":"2 Louse","floor":2,"turns":3},{"damage":0,"enemies":"Small Slimes","floor":3,"turns":3},{"damage":3,"enemies":"Looter","floor":5,"turns":3},{"damage":15,"enemies":"HollowMod:MossKnight","floor":6,"turns":9},{"damage":7,"enemies":"Lots of Slimes","floor":8,"turns":3},{"damage":2,"enemies":"Gremlin Nob","floor":10,"turns":4},{"damage":19,"enemies":"3 Sentries","floor":12,"turns":6},{"damage":6,"enemies":"Slime Boss","floor":16,"turns":6},{"damage":16,"enemies":"Spheric Guardian","floor":18,"turns":5},{"damage":27,"enemies":"2 Thieves","floor":20,"turns":3},{"damage":16,"enemies":"Snecko","floor":22,"turns":5},{"damage":69,"enemies":"Slavers","floor":24,"turns":4}],"seed_played":"2298230791612668064","potions_obtained":[{"floor":2,"key":"Block Potion"},{"floor":3,"key":"LiquidMemories"},{"floor":5,"key":"EssenceOfSteel"},{"floor":12,"key":"PowerPotion"},{"floor":18,"key":"ColorlessPotion"}],"is_trial":false,"path_per_floor":["M","M","M","?","M","E","R","M","T","E","$","E","R","?","R","B",null,"M","?","M","T","M","R","E"],"character_chosen":"THE_DEFAULT","items_purchased":["Medical Kit","theMarked:HeightenedSenses","theMarked:WardOff"],"campfire_rested":3,"item_purchase_floors":[11,11,11],"current_hp_per_floor":[59,57,57,62,59,44,66,59,59,57,57,38,75,75,75,69,75,59,75,48,48,32,69,0,0],"gold":172,"neow_bonus":"THREE_CARDS","is_daily":false,"chose_seed":false,"campfire_upgraded":1,"win_rate":0.0,"timestamp":1608563634,"path_taken":["M","M","M","?","M","E","R","M","T","E","$","E","R","?","R","BOSS","M","?","M","?","M","R","E"],"items_purchased_type":["Relic","Card","Card"],"build_version":"2020-12-13","purchased_purges":0,"victory":false,"max_hp_per_floor":[70,70,70,75,75,75,75,75,75,75,75,75,75,75,75,75,75,75,75,75,75,75,75,75,75],"card_choices":[{"not_picked":["theMarked:ChainLightning","theMarked:WardOff"],"picked":"theMarked:EmpowerWeapon","floor":0},{"not_picked":["theMarked:WardOff","theMarked:ShockingTouch"],"picked":"theMarked:ElectricStrings","floor":1},{"not_picked":["theMarked:Frustration","theMarked:Snap"],"picked":"theMarked:WardOff","floor":2},{"not_picked":["theMarked:Panic","theMarked:Overcharge"],"picked":"theMarked:LightningStrikesTwice","floor":3},{"not_picked":["theMarked:RepellingDischarge","theMarked:Generate"],"picked":"theMarked:SwordAndMagic","floor":5},{"not_picked":["theMarked:MagicAdept+1","theMarked:WastefulAttack"],"picked":"theMarked:HeritageOfTheMarked+1","floor":6},{"not_picked":["theMarked:KeepCalmAndFightOn","theMarked:WastefulAttack"],"picked":"theMarked:RogueSparks+1","floor":8},{"not_picked":["theMarked:Snap","theMarked:Improvise"],"picked":"theMarked:EmpowerWeapon","floor":10},{"not_picked":["theMarked:RepellingDischarge","theMarked:Parkour"],"picked":"theMarked:ParalyzingBlade","floor":12},{"not_picked":["theMarked:ChannelForce","theMarked:Levitate"],"picked":"theMarked:Defy","floor":16},{"not_picked":["theMarked:Aftermath","theMarked:ElectricStrings"],"picked":"theMarked:PowerFlow","floor":18},{"not_picked":["theMarked:SelfDefenseTraining","theMarked:Electrocute"],"picked":"theMarked:ContemptForTheProud+1","floor":20},{"not_picked":["theMarked:Convert","theMarked:SwordAndMagic"],"picked":"theMarked:GodGivenPower+1","floor":22}],"player_experience":1100489,"relics_obtained":[{"floor":6,"key":"Frozen Egg 2"},{"floor":9,"key":"DemoMod:SerJunkan"},{"floor":10,"key":"Regal Pillow"},{"floor":12,"key":"DemoMod:Junk"},{"floor":21,"key":"DemoMod:Junk"}],"event_choices":[{"damage_healed":0,"gold_gain":0,"player_choice":"Donut","damage_taken":0,"max_hp_gain":5,"max_hp_loss":0,"event_name":"Big Fish","floor":4,"gold_loss":0},{"damage_healed":0,"gold_gain":0,"player_choice":"Left Gold","damage_taken":0,"max_hp_gain":0,"max_hp_loss":0,"event_name":"World of Goop","floor":14,"gold_loss":35},{"damage_healed":25,"gold_gain":0,"player_choice":"Heal","damage_taken":0,"max_hp_gain":0,"max_hp_loss":0,"event_name":"The Library","floor":19,"gold_loss":0}],"is_beta":false,"boss_relics":[{"not_picked":["SacredBark","theMarked:Eyepatch"],"picked":"theMarked:BronzeBlade"}],"items_purged_floors":[],"is_endless":false,"potions_floor_spawned":[2,3,5,12,18],"killed_by":"Slavers","ascension_level":0}}