{"host":"3j2m8n0ywf988fwb","time":1608583378,"event":{"mods":["2.2 Compatiblity","Act Like it!","Aspiration","BaseMod","Beaked The Cultist","Better Altar","Better Match","Better Note","Better Sensory Stone","Better Skull","Better Third Choice","CCEM","Colored Map","Colored Powertips","Conspire","Energized Spire","GifTheSpireLib","Googly Eyes","Halation","Hallownest","Highlight Path","Hubris","Infinite Spire","Jedi Mod","Marisa????????","Marked Mod","Mimic Mod","Minty Spire (QoL Compilation)","Random Character Button","Relic Stats","Replay The Spire","Robot Space Explorer","Shop Mod","Somnambulant","StSLib","Stuff the Spire","The Bug Knight","The Hierophant","The Marked","The Runesmith","TheFirefly","Unceasing Turn Reminder","everything is the same but u backflip on backflip"],"gold_per_floor":[112,41,54,54,69,69,99,99,123,141,141,175,192,211,211,311,311,324,324,96,108,108,108,154,154,154,48,48,80,80,91,91,187,187,199,199,218,16,16,50,50,68,106,135,14,14,14],"floor_reached":46,"playtime":2149,"items_purged":["theMarked:Strike"],"score":546,"play_id":"666dd849-98ee-4aef-bfcf-0c2e47027c9e","local_time":"20201221144258","is_ascension_mode":false,"campfire_choices":[{"data":"theMarked:ComboAttacks","floor":6.0,"key":"SMITH"},{"floor":8.0,"key":"REST"},{"floor":11.0,"key":"REST"},{"floor":15.0,"key":"REST"},{"data":"theMarked:MysticalArsenal","floor":23,"key":"SMITH"},{"floor":30,"key":"RECALL"},{"data":"theMarked:Defy","floor":32,"key":"SMITH"},{"floor":41,"key":"REST"}],"circlet_count":0,"master_deck":["theMarked:Strike","theMarked:Strike","theMarked:Strike","theMarked:Strike","theMarked:Defend","theMarked:Defend+1","theMarked:Defend","theMarked:Defend","theMarked:SoldierOfQuellstein+1","theMarked:EmpowerWeapon+1","theMarked:ComboAttacks+1","theMarked:ElectricStrings","theMarked:SwordAndMagic","theMarked:ParalyzingBlade","theMarked:UnarmedFury","theMarked:MysticalArsenal+1","theMarked:Challenge+1","theMarked:Defy+1","theMarked:Defy","theMarked:BindingBlade","theMarked:BindingBlade","theMarked:Levitate"],"relics":["theMarked:ArtifactOfAir","War Paint","jedi:kaleidoscope","aspiration:Lifesprig","Boot","hubris:ToyBattleship","CCEMRelics:TransientCore","aspiration:Nostalgia","hierophant:PropheticMaskRelic","The Courier","conspire:SlowCooker","Hallownest:KingsIdolRelic","Quantum Egg","Blood Vial","hubris:CuriousFeather","Question Card","jedi:fakemustache"],"acts_visited":["Exordium","Hallownest:Greenpath","Hallownest:CityofTears"],"potions_floor_usage":[33],"damage_taken":[{"damage":2.0,"enemies":"Hallownest:monsterHuskGuard","floor":1.0,"turns":4.0},{"damage":1.0,"enemies":"Hallownest:2_Baldur","floor":3.0,"turns":3.0},{"damage":1.0,"enemies":"Hallownest:2_MossCreeps","floor":5.0,"turns":4.0},{"damage":14.0,"enemies":"Hallownest:eliteMossKnight","floor":7.0,"turns":5.0},{"damage":5.0,"enemies":"Hallownest:Guard_and_Warrior","floor":10.0,"turns":5.0},{"damage":4.0,"enemies":"conspire:MimicChest","floor":12.0,"turns":4.0},{"damage":24.0,"enemies":"Hallownest:2_Tiktiks_1_Baldur_1_Crawlid","floor":13.0,"turns":4.0},{"damage":0.0,"enemies":"Hallownest:monsterFoolEater","floor":14.0,"turns":2.0},{"damage":23.0,"enemies":"Hallownest:BossBrokenVessel","floor":16.0,"turns":7.0},{"damage":12.0,"enemies":"Hallownest:3_Youths","floor":18.0,"turns":6.0},{"damage":2.0,"enemies":"Hallownest:Guard_and_Sentry","floor":21.0,"turns":4.0},{"damage":18,"enemies":"Hallownest:Glutton_and_Coward","floor":24,"turns":3},{"damage":12,"enemies":"Hallownest:Nosk","floor":29,"turns":6},{"damage":17,"enemies":"Hallownest:2_Husk_Sentries","floor":31,"turns":4},{"damage":10,"enemies":"Hallownest:BossSoulMaster","floor":33,"turns":8},{"damage":41,"enemies":"Hallownest:3_Siblings","floor":35,"turns":5},{"damage":12,"enemies":"Hallownest:Shield_Heavy","floor":37,"turns":3},{"damage":24,"enemies":"Hallownest:eliteHiveKnight","floor":40,"turns":6},{"damage":36,"enemies":"Hallownest:Xero_Hu_Marmu","floor":42,"turns":3},{"damage":8,"enemies":"Hallownest:Shield_Sturdy","floor":43,"turns":4},{"damage":20,"enemies":"Hallownest:eliteCollector","floor":44,"turns":6},{"damage":31,"enemies":"Hallownest:Shield_Sturdy","floor":46,"turns":2}],"seed_played":"7847332532739796662","potions_obtained":[{"floor":1.0,"key":"SteroidPotion"},{"floor":5.0,"key":"Swift Potion"},{"floor":10.0,"key":"Block Potion"},{"floor":18.0,"key":"SpeedPotion"},{"floor":31,"key":"Energy Potion"},{"floor":33,"key":"Dexterity Potion"}],"is_trial":false,"path_per_floor":["M","$","M","?","M","R","?","R","T","M","R","?","M","M","R","B",null,"M","?","$","M","?","R","M","?","T","$","?","E","R","M","R","B",null,"M","?","M","$","?","E","R","M","MIM","E","$","M"],"character_chosen":"THE_DEFAULT","items_purchased":["theMarked:ComboAttacks","aspiration:Nostalgia","theMarked:Defy","Quantum Egg","jedi:fakemustache"],"campfire_rested":4,"item_purchase_floors":[2,20,27,38,45],"current_hp_per_floor":[68,68,67,50,49,49,18,39,39,34,55,51,27,27,48,25,70,62,62,62,66,66,66,54,54,54,54,62,56,56,45,45,41,81,45,45,39,39,39,21,47,19,19,7,17,0,0],"gold":14,"neow_bonus":"UPGRADE_CARD","is_daily":false,"chose_seed":false,"campfire_upgraded":3,"win_rate":0.0,"timestamp":1608583378,"path_taken":["M","$","M","?","?","R","?","R","T","M","R","?","?","M","R","BOSS","M","?","$","?","?","R","?","?","T","$","?","E","R","M","R","BOSS","M","?","M","$","?","E","R","M","MIM","E","$","?"],"items_purchased_type":["Card","Relic","Card","Relic","Relic"],"build_version":"2020-12-13","purchased_purges":1,"victory":false,"max_hp_per_floor":[70,70,70,70,70,70,70,70,70,70,70,70,70,70,70,70,70,71,71,71,74,74,74,78,78,78,78,78,79,79,82,82,81,81,83,83,87,87,87,88,88,92,95,96,96,100,100],"relic_stats":{"Blood Vial":8,"counters":[22,98],"War Paint":["theMarked:Defend","theMarked:EmpowerWeapon"],"Boot":[68],"Question Card":0,"obtain_stats":[{"aspiration:Lifesprig":7,"aspiration:Nostalgia":20,"hierophant:PropheticMaskRelic":20,"Quantum Egg":38,"The Courier":29,"conspire:SlowCooker":34,"War Paint":4,"Hallownest:KingsIdolRelic":36,"Boot":9,"halation:StarCompass":39,"Question Card":44,"CCEMRelics:TransientCore":17,"Blood Vial":40,"jedi:fakemustache":45,"theMarked:ArtifactOfAir":0,"jedi:kaleidoscope":7,"hubris:CuriousFeather":43,"hubris:ToyBattleship":12},{"aspiration:Lifesprig":4,"aspiration:Nostalgia":10,"hierophant:PropheticMaskRelic":10,"Quantum Egg":17,"The Courier":13,"conspire:SlowCooker":15,"War Paint":2,"Hallownest:KingsIdolRelic":16,"Boot":4,"halation:StarCompass":17,"Question Card":21,"CCEMRelics:TransientCore":9,"Blood Vial":18,"jedi:fakemustache":21,"theMarked:ArtifactOfAir":0,"jedi:kaleidoscope":4,"hubris:CuriousFeather":20,"hubris:ToyBattleship":6},{"aspiration:Lifesprig":16,"aspiration:Nostalgia":44,"hierophant:PropheticMaskRelic":44,"Quantum Egg":77,"The Courier":57,"conspire:SlowCooker":69,"War Paint":7,"Hallownest:KingsIdolRelic":74,"Boot":16,"halation:StarCompass":77,"Question Card":96,"CCEMRelics:TransientCore":38,"Blood Vial":83,"jedi:fakemustache":96,"theMarked:ArtifactOfAir":0,"jedi:kaleidoscope":16,"hubris:CuriousFeather":90,"hubris:ToyBattleship":25}]},"card_choices":[{"not_picked":["theMarked:RepellingDischarge","theMarked:ResourceFulStrike"],"picked":"theMarked:EmpowerWeapon","floor":1.0},{"not_picked":["theMarked:Polarize","theMarked:ContemptForTheProud","theMarked:WastefulAttack"],"picked":"SKIP","floor":3.0},{"not_picked":["theMarked:Polarize","theMarked:WardOff"],"picked":"theMarked:ElectricStrings","floor":5.0},{"not_picked":["theMarked:Electrocute","theMarked:TwofoldDefense"],"picked":"theMarked:SwordAndMagic","floor":7.0},{"not_picked":["theMarked:BanishingStrike","theMarked:Aftermath","theMarked:Improvise"],"picked":"SKIP","floor":10.0},{"not_picked":["theMarked:ChainLightning","theMarked:SwordAndMagic"],"picked":"theMarked:ParalyzingBlade","floor":12.0},{"not_picked":["theMarked:MaelstromOfLightning","theMarked:ResourceFulStrike","theMarked:SwordAndMagic"],"picked":"SKIP","floor":13.0},{"not_picked":["theMarked:ElectricStrings","theMarked:Parkour","theMarked:SelfDefenseTraining"],"picked":"SKIP","floor":14.0},{"not_picked":["theMarked:SummonStrength","theMarked:Snap"],"picked":"theMarked:UnarmedFury","floor":16.0},{"not_picked":["theMarked:HeightenedSenses","theMarked:Generate"],"picked":"theMarked:MysticalArsenal","floor":18.0},{"not_picked":["theMarked:Indomitable","theMarked:SwordAndMagic","theMarked:Frustration"],"picked":"SKIP","floor":21.0},{"not_picked":["theMarked:RepellingDischarge","theMarked:EmpowerWeapon"],"picked":"theMarked:Challenge","floor":24},{"not_picked":["theMarked:BanishingStrike","theMarked:Electrocute","theMarked:ChainLightning"],"picked":"SKIP","floor":29},{"not_picked":["theMarked:PowerFlow","theMarked:Overthink","theMarked:WastefulAttack"],"picked":"SKIP","floor":31},{"not_picked":["theMarked:DispelDoubt","theMarked:ChannelForce"],"picked":"theMarked:BindingBlade","floor":33},{"not_picked":["theMarked:RepellingDischarge","theMarked:ChainLightning+1","theMarked:Indomitable"],"picked":"SKIP","floor":35},{"not_picked":["theMarked:WardOff","theMarked:ResourceFulStrike","theMarked:MysticalArsenal"],"picked":"SKIP","floor":37},{"not_picked":["theMarked:EnhanceMovement","theMarked:Aftermath"],"picked":"theMarked:BindingBlade","floor":40},{"not_picked":["theMarked:ElectricStrings+1","theMarked:HeightenedSenses+1","theMarked:BanishingStrike"],"picked":"SKIP","floor":42},{"not_picked":["theMarked:ElectricStrings","theMarked:Electrocute+1"],"picked":"theMarked:Levitate","floor":44}],"player_experience":1004417,"relics_obtained":[{"floor":7.0,"key":"jedi:kaleidoscope"},{"floor":9.0,"key":"Boot"},{"floor":12.0,"key":"hubris:ToyBattleship"},{"floor":29,"key":"The Courier"},{"floor":40,"key":"Blood Vial"},{"floor":43,"key":"hubris:CuriousFeather"},{"floor":44,"key":"Question Card"}],"event_choices":[{"damage_healed":0.0,"max_hp_gain":0.0,"max_hp_loss":0.0,"gold_gain":0.0,"event_name":"betterSkull:BetterSkull","player_choice":"RE ","floor":4.0,"gold_loss":0.0,"damage_taken":19.0,"cards_upgraded":[],"relics_obtained":["War Paint"]},{"damage_healed":0.0,"max_hp_gain":0.0,"max_hp_loss":0.0,"gold_gain":0.0,"event_name":"betterSkull:BetterSkull","player_choice":"RE ","floor":7.0,"gold_loss":0.0,"damage_taken":19.0,"cards_upgraded":[],"relics_obtained":["aspiration:Lifesprig"]}],"is_beta":false,"boss_relics":[{"not_picked":["hubris:CrackedHourglass","aspiration:SilentSkillbook"],"picked":"CCEMRelics:TransientCore"},{"not_picked":["hubris:TerracottaHorce","Runic Pyramid"],"picked":"conspire:SlowCooker"}],"items_purged_floors":[20],"is_endless":false,"potions_floor_spawned":[1,5,10,16,18,31,33,35],"killed_by":"Hallownest:Shield_Sturdy","ascension_level":0}}