{"host":"6wux4armhsntp4yb","time":1608569369,"event":{"mods":["BaseMod","Colored Map","DeckTracker","Minty Spire (QoL Compilation)","Relic Stats"],"gold_per_floor":[112,131,131,150,75,75,105,134,134,134,134,134,162,178,178,178,178],"floor_reached":16,"playtime":735,"items_purged":["Strike_G"],"score":216,"play_id":"95e83950-f727-4cf7-b3a3-071bb5abcfd4","local_time":"20201222014929","is_ascension_mode":true,"campfire_choices":[{"data":"Eviscerate","floor":6.0,"key":"SMITH"},{"data":"Acrobatics","floor":10,"key":"SMITH"},{"data":"Survivor","floor":12,"key":"SMITH"},{"data":"PiercingWail","floor":15,"key":"SMITH"}],"circlet_count":0,"master_deck":["AscendersBane","Strike_G","Strike_G","Strike_G","Strike_G","Defend_G","Defend_G","Defend_G","Defend_G","Defend_G","Survivor+1","Neutralize+1","PiercingWail+1","Heel Hook","Eviscerate+1","Acrobatics+1","Slice","PiercingWail"],"relics":["Ring of the Snake","Turnip","Ninja Scroll","Ancient Tea Set","The Courier","Lantern"],"acts_visited":[],"potions_floor_usage":[8,8,16],"damage_taken":[{"damage":0.0,"enemies":"Small Slimes","floor":1.0,"turns":5.0},{"damage":0.0,"enemies":"2 Louse","floor":2.0,"turns":4.0},{"damage":6.0,"enemies":"Cultist","floor":4.0,"turns":4.0},{"damage":20,"enemies":"Lagavulin","floor":8,"turns":3},{"damage":6,"enemies":"Gremlin Nob","floor":13,"turns":3},{"damage":3,"enemies":"3 Louse","floor":14,"turns":3},{"damage":21,"enemies":"Slime Boss","floor":16,"turns":6}],"seed_played":"8903533627175451623","potions_obtained":[{"floor":2.0,"key":"LiquidMemories"},{"floor":4.0,"key":"DuplicationPotion"},{"floor":13,"key":"SkillPotion"}],"is_trial":false,"path_per_floor":["M","M","?","M","$","R","?","E","T","R","?","R","E","M","R","B"],"character_chosen":"THE_SILENT","items_purchased":[],"campfire_rested":0,"item_purchase_floors":[],"current_hp_per_floor":[44,44,66,60,60,60,60,40,40,40,40,40,34,31,31,10,10],"gold":178,"neow_bonus":"ONE_RARE_RELIC","is_daily":false,"chose_seed":false,"campfire_upgraded":4,"win_rate":0.0,"timestamp":1608569369,"path_taken":["M","M","?","M","$","R","?","E","T","R","?","R","E","M","R","BOSS"],"items_purchased_type":[],"build_version":"2020-12-13","purchased_purges":1,"victory":false,"max_hp_per_floor":[66,66,66,66,66,66,66,66,66,66,66,66,66,66,66,66,66],"relic_stats":{"counters":[7,28],"Turnip":[5],"obtain_stats":[{"Lantern":13,"Ninja Scroll":7,"Turnip":0,"The Courier":9,"Ancient Tea Set":8,"Ring of the Snake":0},{"Lantern":5,"Ninja Scroll":3,"Turnip":0,"The Courier":4,"Ancient Tea Set":4,"Ring of the Snake":0},{"Lantern":19,"Ninja Scroll":13,"Turnip":0,"The Courier":16,"Ancient Tea Set":16,"Ring of the Snake":0}],"Ring of the Snake":[14]},"card_choices":[{"not_picked":["Bane","Concentrate"],"picked":"PiercingWail","floor":1.0},{"not_picked":["Deflect","Prepared"],"picked":"Heel Hook","floor":2.0},{"not_picked":["Bouncing Flask","Infinite Blades"],"picked":"Eviscerate","floor":4.0},{"not_picked":["Bane","Backstab"],"picked":"Acrobatics","floor":8},{"not_picked":["Poisoned Stab","Bane"],"picked":"Slice","floor":13},{"not_picked":["Crippling Poison","Blade Dance"],"picked":"PiercingWail","floor":14}],"player_experience":5679740,"relics_obtained":[{"floor":8,"key":"Ancient Tea Set"},{"floor":9,"key":"The Courier"},{"floor":13,"key":"Lantern"}],"event_choices":[{"damage_healed":22.0,"max_hp_gain":0.0,"max_hp_loss":0.0,"gold_gain":0.0,"event_name":"Big Fish","player_choice":"Banana","floor":3.0,"gold_loss":0.0,"damage_taken":0.0},{"damage_healed":0,"gold_gain":30,"player_choice":"Searched \u00273\u0027 times","damage_taken":0,"relics_obtained":["Ninja Scroll"],"max_hp_gain":0,"max_hp_loss":0,"event_name":"Dead Adventurer","floor":7,"gold_loss":0},{"damage_healed":0,"gold_gain":0,"player_choice":"Upgraded","damage_taken":0,"max_hp_gain":0,"max_hp_loss":0,"event_name":"Upgrade Shrine","floor":11,"gold_loss":0,"cards_upgraded":["Neutralize"]}],"is_beta":false,"boss_relics":[],"items_purged_floors":[5],"is_endless":false,"potions_floor_spawned":[2,4,13],"killed_by":"Slime Boss","ascension_level":20}}