{"host":"hqvh779b89tfrjxy","time":1608579860,"event":{"mods":["Act Like it!","BaseMod","Better Third Choice","Downfall","Elementarium","Filter the Spire","GifTheSpireLib","Marked Mod","Minty Spire (QoL Compilation)","Replay The Spire","Spicy Shops","StSLib"],"gold_per_floor":[111,128,141,156,156,156,156],"floor_reached":6,"playtime":239,"items_purged":[],"score":48,"play_id":"926f8402-33c6-4aa8-93b9-16bdc8917377","local_time":"20201221204420","is_ascension_mode":true,"campfire_choices":[],"circlet_count":0,"master_deck":["Strike_R","Strike_R","Strike_R","Strike_R","Strike_R","Defend_R","Defend_R","Defend_R","Defend_R","Bash","expansioncontent:SuperHexaguard","Thunderclap","Iron Wave","Iron Wave","Languid"],"relics":["Burning Blood","ReplayTheSpireMod:Ring of Challenge"],"acts_visited":["Exordium"],"potions_floor_usage":[6],"damage_taken":[{"damage":2,"enemies":"Jaw Worm","floor":1,"turns":3},{"damage":7,"enemies":"Small Slimes","floor":2,"turns":3},{"damage":0,"enemies":"2 Louse","floor":3,"turns":2},{"damage":21,"enemies":"Lots of Slimes","floor":4,"turns":4},{"damage":0,"enemies":"Lagavulin","floor":6,"turns":4}],"seed_played":"-1779221573546368456","potions_obtained":[{"floor":2,"key":"Fire Potion"},{"floor":4,"key":"PowerPotion"}],"is_trial":false,"path_per_floor":["M","M","M","M","?","E"],"character_chosen":"IRONCLAD","items_purchased":[],"campfire_rested":0,"item_purchase_floors":[],"current_hp_per_floor":[80,79,80,65,65,65,65],"gold":156,"neow_bonus":"RANDOM_COLORLESS","is_daily":false,"chose_seed":false,"campfire_upgraded":0,"win_rate":0.0,"timestamp":1608579860,"path_taken":["M","M","M","M","?","E"],"items_purchased_type":[],"build_version":"2020-12-13","purchased_purges":0,"victory":false,"max_hp_per_floor":[80,80,80,80,80,80,80],"card_choices":[{"not_picked":["expansioncontent:YouAreMine","expansioncontent:CaCaw"],"picked":"expansioncontent:SuperHexaguard","floor":0},{"not_picked":["Perfected Strike","ReplayTheSpireMod:Muscle Training"],"picked":"Thunderclap","floor":1},{"not_picked":["Flex","True Grit","Replay:Undeath\u0027s Touch"],"picked":"SKIP","floor":2},{"not_picked":["Pommel Strike","Life Link"],"picked":"Iron Wave","floor":3},{"not_picked":["Pommel Strike","True Grit"],"picked":"Iron Wave","floor":4}],"player_experience":159602,"relics_obtained":[{"floor":5,"key":"ReplayTheSpireMod:Ring of Challenge"}],"event_choices":[],"is_beta":false,"boss_relics":[],"items_purged_floors":[],"is_endless":false,"potions_floor_spawned":[2,4],"killed_by":"Lagavulin","ascension_level":5}}