{"host":"0rxdudjy6rylha1k","time":1608585406,"event":{"mods":["Aspiration","BaseMod","Colored Map","Colored Powertips","Downfall","Highlight Path","Hubris","Minty Spire (QoL Compilation)","StSLib"],"gold_per_floor":[99,115,133,283,383,308,386,411,411,441,453,453,506,562,577,682,682,682,682,532,563,563,581,636,646,646,677,691,691,419,432,448,546,546,546,566,566,592,280,313,339,339,374,374,374,394,394,412,425,425],"floor_reached":51,"playtime":8271,"items_purged":["Slimebound:Icky"],"score":1169,"play_id":"89613e4c-b8bb-4bc6-a807-112e35375ba1","local_time":"20201221141646","is_ascension_mode":true,"campfire_choices":[{"floor":1.0,"key":"RECALL"},{"data":"Guardian:ChargeUp","floor":6.0,"key":"SMITH"},{"floor":9.0,"key":"REST"},{"floor":18.0,"key":"DIG"},{"floor":22.0,"key":"DIG"},{"floor":26.0,"key":"REST"},{"floor":35,"key":"DIG"},{"floor":37,"key":"DIG"},{"floor":42,"key":"DIG"},{"data":"Apotheosis","floor":44,"key":"SMITH"}],"circlet_count":0,"master_deck":["Guardian:Strike_Guardian","Guardian:Strike_Guardian","Guardian:Strike_Guardian","Guardian:Defend_Guardian","Guardian:Defend_Guardian","Guardian:Defend_Guardian","Guardian:Defend_Guardian","Guardian:CurlUp","Guardian:TwinSlam","Guardian:Suspension","Guardian:ChargeUp+1","Guardian:ArmoredProtocol","Guardian:Orbwalk","Guardian:FloatingOrbs","Guardian:Clone","Guardian:DonusPower","Guardian:VentSteam","Guardian:Recover+1","Apotheosis+1","Guardian:BaubleBeam","Guardian:Gem_Purple","Guardian:Gem_Yellow","Guardian:Gem_Crimson","Guardian:ExploitGems","Guardian:RefractedBeam+1","Whirlwind"],"relics":["Guardian:ModeShifter","downfall:HeartBlessingRed","hubris:DisguiseKit","Blood Vial","Omamori","hubris:Towel","Bag of Marbles","hexamod:BolsterEngine","hubris:Backtick","Shovel","Bag of Preparation","Bronze Scales","Pen Nib","Toy Ornithopter","Gremlin Horn","aspiration:IroncladSkillbook","hubris:SphereOfDissonance","MealTicket","Guardian:PocketSentry","Vajra","Oddly Smooth Stone","Nunchaku","Juzu Bracelet","Guardian:SackOfGems","White Beast Statue"],"acts_visited":["Exordium","TheCity","TheBeyond"],"potions_floor_usage":[32,32,33,33,40,48],"damage_taken":[{"damage":0.0,"enemies":"Cultist","floor":2.0,"turns":5.0},{"damage":8.0,"enemies":"Jaw Worm","floor":3.0,"turns":4.0},{"damage":16.0,"enemies":"3 Sentries","floor":8.0,"turns":9.0},{"damage":27.0,"enemies":"Lagavulin","floor":10.0,"turns":8.0},{"damage":0.0,"enemies":"2 Louse","floor":11.0,"turns":4.0},{"damage":0.0,"enemies":"3 Sentries","floor":14.0,"turns":7.0},{"damage":5.0,"enemies":"Blue Slaver","floor":15.0,"turns":3.0},{"damage":15.0,"enemies":"downfall:Defect","floor":16.0,"turns":6.0},{"damage":41.0,"enemies":"Gremlin Leader","floor":21.0,"turns":6.0},{"damage":5.0,"enemies":"Chosen","floor":23.0,"turns":5.0},{"damage":19.0,"enemies":"Spheric Guardian","floor":25.0,"turns":4.0},{"damage":15.0,"enemies":"Book of Stabbing","floor":27.0,"turns":5.0},{"damage":17,"enemies":"Shelled Parasite and Fungi","floor":28,"turns":3},{"damage":0,"enemies":"downfall:FleeingMerchant","floor":30,"turns":4},{"damage":11,"enemies":"Snecko","floor":31,"turns":6},{"damage":3,"enemies":"Snake Plant","floor":32,"turns":4},{"damage":12,"enemies":"downfall:Watcher","floor":33,"turns":7},{"damage":12,"enemies":"3 Shapes","floor":36,"turns":5},{"damage":0,"enemies":"downfall:FleeingMerchant","floor":39,"turns":4},{"damage":27,"enemies":"Nemesis","floor":40,"turns":5},{"damage":0,"enemies":"Giant Head","floor":43,"turns":5},{"damage":0,"enemies":"Orb Walker","floor":46,"turns":2},{"damage":3,"enemies":"Jaw Worm Horde","floor":48,"turns":4},{"damage":27,"enemies":"Spire Growth","floor":49,"turns":5},{"damage":12,"enemies":"downfall:Ironclad","floor":50,"turns":6}],"seed_played":"7468869279009912957","potions_obtained":[{"floor":10.0,"key":"DistilledChaos"},{"floor":11.0,"key":"BlessingOfTheForge"},{"floor":14.0,"key":"sneckomod:MuddlingPotion"},{"floor":21.0,"key":"Block Potion"},{"floor":23.0,"key":"SteroidPotion"},{"floor":27.0,"key":"GamblersBrew"},{"floor":29,"key":"downfall:CursedFountainPotion"},{"floor":31,"key":"Block Potion"},{"floor":32,"key":"AttackPotion"},{"floor":36,"key":"SteroidPotion"},{"floor":40,"key":"Block Potion"},{"floor":46,"key":"Explosive Potion"},{"floor":48,"key":"Explosive Potion"},{"floor":49,"key":"Guardian:DefensiveModePotion"}],"is_trial":false,"path_per_floor":["R","M","M","?","?","R","T","E","R","E","M","?","T","?","M","B",null,"R","?","?","E","R","M","T","M","R","E","M","?","$","M","M","B",null,"R","M","R","?","$","E","T","R","E","R","?","M","?","M","M","B",null],"character_chosen":"GUARDIAN","items_purchased":["Apotheosis","Vajra","Oddly Smooth Stone"],"campfire_rested":2,"item_purchase_floors":[30,39,39],"current_hp_per_floor":[80,80,72,72,72,72,72,56,82,57,59,59,59,61,58,45,77,77,77,98,57,57,54,54,37,66,63,48,48,50,41,50,50,86,86,80,80,80,98,75,75,75,81,81,94,98,98,98,75,69],"gold":425,"neow_bonus":"TEN_PERCENT_HP_BONUS","is_daily":false,"chose_seed":false,"campfire_upgraded":2,"win_rate":0.0,"timestamp":1608585406,"path_taken":["R","M","?","?","?","R","T","E","R","E","?","?","?","?","M","BOSS","R","?","?","E","R","?","T","M","R","E","M","?","?","M","M","BOSS","R","M","R","?","$","E","T","R","E","R","?","M","?","M","M","BOSS"],"items_purchased_type":["Card","Relic","Relic"],"build_version":"2020-12-13","purchased_purges":1,"victory":true,"max_hp_per_floor":[88,88,88,88,88,88,88,88,88,88,88,88,88,88,88,88,88,88,88,98,98,98,98,98,98,98,98,98,98,98,98,98,98,98,98,98,98,98,98,98,98,98,98,98,98,98,98,98,98,98],"card_choices":[{"not_picked":["Guardian:PrimingBeam","Guardian:Recover"],"picked":"Guardian:Suspension","floor":2.0},{"not_picked":["Guardian:ShieldSpikes","Guardian:RollAttack"],"picked":"Guardian:ChargeUp","floor":3.0},{"not_picked":["Guardian:PrismaticBeam","Guardian:HyperBeam_Guardian","Uppercut"],"picked":"Guardian:ArmoredProtocol","floor":8.0},{"not_picked":["Guardian:Gem_Cyan","Guardian:Gem_Green","Clash"],"picked":"Guardian:Gem_Fragmented","floor":10.0},{"not_picked":["Guardian:Gem_Lightblue","Guardian:CrystalBeam","Carnage"],"picked":"Guardian:Orbwalk","floor":11.0},{"not_picked":["Guardian:ChargeCore","Guardian:FuturePlans","Heavy Blade"],"picked":"Guardian:FloatingOrbs","floor":14.0},{"not_picked":["Guardian:Gem_Red","Guardian:Gem_Green","Armaments"],"picked":"Guardian:Clone","floor":15.0},{"not_picked":["Guardian:GemFire","Guardian:FierceBash","Immolate"],"picked":"Guardian:Gem_Orange","floor":16.0},{"not_picked":["Guardian:TemporalShield","Guardian:RollAttack","Shockwave"],"picked":"Guardian:Gem_Blue","floor":21.0},{"not_picked":["Guardian:CrystalBeam","Guardian:MultiBeam+1","Warcry"],"picked":"Guardian:Gem_Yellow","floor":23.0},{"not_picked":["Guardian:Gem_Green","Guardian:WalkerClaw","Twin Strike"],"picked":"Guardian:DonusPower","floor":25.0},{"not_picked":["Guardian:Gem_Lightblue","Guardian:Planning+1","Twin Strike"],"picked":"Guardian:VentSteam","floor":27.0},{"not_picked":["Guardian:DonusPower","Guardian:Gem_Green","Clash"],"picked":"Guardian:Recover+1","floor":28},{"not_picked":["Guardian:Gem_Cyan","Guardian:PrimingBeam","Guardian:Gem_Red","Twin Strike"],"picked":"SKIP","floor":30},{"not_picked":["Guardian:SentryBeam","Guardian:CrystalBeam","Twin Strike"],"picked":"Guardian:Gem_Crimson","floor":31},{"not_picked":["Guardian:ChargeUp+1","Guardian:BronzeArmor","Dropkick"],"picked":"Guardian:Gem_Purple","floor":32},{"not_picked":["Guardian:StasisStrike","Guardian:FierceBash","Juggernaut"],"picked":"Guardian:BaubleBeam","floor":33},{"not_picked":["Guardian:Gem_Cyan","Headbutt+1","Guardian:GuardianWhirl+1","Guardian:EvasiveProtocol","Headbutt"],"picked":"SKIP","floor":36},{"not_picked":["Anger+1","Guardian:CrystalBeam","Guardian:Suspension","Guardian:PrimingBeam+1","Flex"],"picked":"SKIP","floor":39},{"not_picked":["Anger","Guardian:VentSteam+1","Guardian:ChargeUp+1","Body Slam"],"picked":"Guardian:Gem_Purple","floor":40},{"not_picked":["Sword Boomerang+1","Guardian:TemporalStrike+1","Flex+1","Flex"],"picked":"Guardian:ExploitGems","floor":43},{"not_picked":["Guardian:RollAttack","Guardian:PiercingHide","Anger","Perfected Strike","Anger"],"picked":"SKIP","floor":46},{"not_picked":["Flex","Shrug It Off","Hemokinesis+1","Dual Wield"],"picked":"Guardian:RefractedBeam+1","floor":48},{"not_picked":["Shockwave+1","True Grit","Guardian:Suspension+1","Perfected Strike"],"picked":"Whirlwind","floor":49}],"player_experience":2328954,"relics_obtained":[{"floor":7.0,"key":"hubris:DisguiseKit"},{"floor":8.0,"key":"Blood Vial"},{"floor":10.0,"key":"Omamori"},{"floor":13.0,"key":"Bag of Marbles"},{"floor":14.0,"key":"hexamod:BolsterEngine"},{"floor":18.0,"key":"Bag of Preparation"},{"floor":21.0,"key":"Bronze Scales"},{"floor":22.0,"key":"Pen Nib"},{"floor":24.0,"key":"Toy Ornithopter"},{"floor":27.0,"key":"Gremlin Horn"},{"floor":35,"key":"hubris:SphereOfDissonance"},{"floor":37,"key":"MealTicket"},{"floor":38,"key":"Guardian:PocketSentry"},{"floor":40,"key":"Nunchaku"},{"floor":41,"key":"Juzu Bracelet"},{"floor":42,"key":"Guardian:SackOfGems"},{"floor":43,"key":"White Beast Statue"}],"event_choices":[{"damage_healed":0.0,"max_hp_gain":0.0,"max_hp_loss":0.0,"gold_gain":0.0,"event_name":"Ghosts","player_choice":"Ignored","floor":19.0,"gold_loss":0.0,"damage_taken":0.0},{"cards_removed":["Guardian:Strike_Guardian"],"damage_healed":0,"gold_gain":0,"player_choice":"Removed Attack","damage_taken":0,"max_hp_gain":0,"max_hp_loss":0,"event_name":"Falling","floor":47,"gold_loss":0}],"is_beta":false,"boss_relics":[{"not_picked":["Runic Pyramid","Runic Dome"],"picked":"hubris:Backtick"},{"not_picked":["Tiny House","Philosopher\u0027s Stone"],"picked":"aspiration:IroncladSkillbook"}],"items_purged_floors":[30],"is_endless":false,"potions_floor_spawned":[10,11,14,21,23,27,31,32,36,40,46,48,49],"ascension_level":6}}