{"host":"87fdiiwflhrwsj8a","time":1608528992,"event":{"mods":["Aspiration","BaseMod","Better Match","Better Third Choice","BetterRewards","Colored Map","Downfall","GifTheSpireLib","Infinite Spire","Minty Spire (QoL Compilation)","Relic Sorter","Replay The Spire","Robot Space Explorer","StSLib","Stuff the Spire","The Cursed"],"gold_per_floor":[114,114,114,114,130,161,161,161,161,186,199,299,323,347,347,441,441,459,509,509,525,546,546,580,595,595,595,628,628,644,683,683,774,774,797,813,828,828,853,889,889,966,966,475,549,599,662,662,662,801,801,801],"floor_reached":51,"playtime":1367,"items_purged":["Regret"],"score":1709,"play_id":"db899d51-bd64-43bc-916d-c397697b90fc","local_time":"20201221003632","is_ascension_mode":true,"campfire_choices":[{"floor":7.0,"key":"REST"},{"data":"Twin Strike","floor":15.0,"key":"SMITH"},{"floor":23.0,"key":"REST"},{"floor":27.0,"key":"REST"},{"data":"ReplayTheSpireMod:Limb From Limb","floor":29.0,"key":"SMITH"},{"data":"Perfected Strike","floor":32.0,"key":"SMITH"},{"floor":41.0,"key":"REST"},{"data":"Perfected Strike","floor":49.0,"key":"SMITH"}],"circlet_count":0,"master_deck":["AscendersBane","Strike_R","Strike_R","Strike_R","Strike_R+1","Strike_R","Defend_R","Defend_R","Defend_R","Defend_R","Bash+1","Injury","Pommel Strike","True Grit","Twin Strike+1","Wild Strike","infinitespire:FinalStrike","ReplayTheSpireMod:Limb From Limb+1","Perfected Strike+1","Perfected Strike+1","Twin Strike+1","Twin Strike","Perfected Strike","Pain","Twin Strike","Wild Strike","Perfected Strike","Thinking Ahead","Double Tap"],"relics":["Ooze Armor","Golden Idol","StrikeDummy","Happy Flower","Bag of Marbles","aspiration:PoetsPen_weak","Akabeko","ReplayTheSpireMod:Spearhead","The Courier","StuffTheSpire:GrapeVine","Gremlin Food","SlaversCollar","CaptainsWheel","infinitespire:EvilPickle","StuffTheSpire:Tea","Shovel","Anchor","Nunchaku","Replay:Multitool","Replay:Bottled Steam","StuffTheSpire:DarkSteelAnvil"],"acts_visited":["Exordium","TheCity","TheBeyond"],"potions_floor_usage":[51],"damage_taken":[{"damage":9.0,"enemies":"Jaw Worm","floor":1.0,"turns":4.0},{"damage":6.0,"enemies":"2 Louse","floor":5.0,"turns":3.0},{"damage":26.0,"enemies":"Gremlin Nob","floor":6.0,"turns":4.0},{"damage":2.0,"enemies":"Small Slimes","floor":10.0,"turns":3.0},{"damage":0.0,"enemies":"2 Fungi Beasts","floor":11.0,"turns":1.0},{"damage":9.0,"enemies":"Lots of Slimes","floor":13.0,"turns":4.0},{"damage":10.0,"enemies":"Gremlin Gang","floor":14.0,"turns":5.0},{"damage":27.0,"enemies":"Slime Boss","floor":16.0,"turns":7.0},{"damage":28.0,"enemies":"3 Byrds","floor":18.0,"turns":5.0},{"damage":20.0,"enemies":"Shell Parasite","floor":21.0,"turns":2.0},{"damage":0.0,"enemies":"Cultist and Chosen","floor":22.0,"turns":1.0},{"damage":16.0,"enemies":"Slavers","floor":24.0,"turns":3.0},{"damage":1.0,"enemies":"3 Cultists","floor":25.0,"turns":3.0},{"damage":0.0,"enemies":"Book of Stabbing","floor":28.0,"turns":1.0},{"damage":0.0,"enemies":"Centurion and Healer","floor":30.0,"turns":1.0},{"damage":0.0,"enemies":"Gremlin Leader","floor":31.0,"turns":2.0},{"damage":19.0,"enemies":"Pondfish","floor":33.0,"turns":5.0},{"damage":2.0,"enemies":"3 Darklings","floor":35.0,"turns":2.0},{"damage":0.0,"enemies":"3 Shapes","floor":36.0,"turns":2.0},{"damage":30.0,"enemies":"Maw","floor":37.0,"turns":3.0},{"damage":0.0,"enemies":"Spire Growth","floor":39.0,"turns":2.0},{"damage":0.0,"enemies":"Nightmare","floor":40.0,"turns":2.0},{"damage":0.0,"enemies":"Jaw Worm Horde","floor":42.0,"turns":1.0},{"damage":9.0,"enemies":"Giant Head","floor":45.0,"turns":3.0},{"damage":0.0,"enemies":"2 Orb Walkers","floor":47.0,"turns":1.0},{"damage":25.0,"enemies":"Replay:Hell Engine","floor":50.0,"turns":2.0},{"damage":25,"enemies":"infinitespire:MassOfShapes","floor":51,"turns":2}],"seed_played":"5216921772961011664","potions_obtained":[{"floor":1.0,"key":"LifebloodPotion"},{"floor":6.0,"key":"Elixir"},{"floor":14.0,"key":"GamblersBrew"},{"floor":18.0,"key":"Fruit Juice"},{"floor":25.0,"key":"Energy Potion"},{"floor":30.0,"key":"Weak Potion"},{"floor":31.0,"key":"Swift Potion"},{"floor":37.0,"key":"LiquidBronze"},{"floor":40.0,"key":"SmokeBomb"},{"floor":50.0,"key":"infinitespire:BlackPotion"}],"is_trial":false,"path_per_floor":["M","?","$","?","M","E","R","?","T","M","M","?","M","M","R","B",null,"M","?","AVR","M","M","R","E","M","T","R","E","R","M","E","R","B",null,"M","M","M","?","M","NM","R","M","T","$","E","?","?","?","R","B","B"],"character_chosen":"IRONCLAD","items_purchased":["Shovel","Anchor","Nunchaku"],"campfire_rested":4,"item_purchase_floors":[44,44,44],"current_hp_per_floor":[59,59,59,59,53,27,49,49,49,47,47,47,38,28,28,1,57,29,22,22,7,7,31,15,14,14,38,38,38,38,38,38,19,65,63,63,33,33,33,33,57,57,57,57,48,48,48,48,48,23,0,0],"gold":801,"neow_bonus":"BOSS_RELIC","is_daily":false,"chose_seed":false,"campfire_upgraded":4,"win_rate":0.0,"timestamp":1608528992,"path_taken":["M","?","$","?","M","E","R","?","T","M","M","?","?","?","R","BOSS","M","?","AVR","?","M","R","E","M","T","R","E","R","M","E","R","BOSS","M","M","M","?","M","NM","R","M","T","$","E","?","?","?","R","BOSS","BOSS"],"items_purchased_type":["Relic","Relic","Relic"],"build_version":"2020-12-13","purchased_purges":1,"victory":false,"max_hp_per_floor":[75,75,75,75,75,75,75,75,75,75,75,75,75,75,75,75,75,75,75,75,80,80,80,80,80,80,80,80,80,80,80,80,80,80,80,80,80,80,80,80,80,80,80,80,80,80,80,80,80,80,80,80],"card_choices":[{"not_picked":["StuffTheSpire:BloodClot","Defy Death","Intimidate"],"picked":"SKIP","floor":1.0},{"not_picked":["Run Through","ReplayTheSpireMod:Corrosion Curse","Battle Trance"],"picked":"SKIP","floor":5.0},{"not_picked":["Anger","Flame Barrier","Entrench"],"picked":"SKIP","floor":6.0},{"not_picked":["Entrench","StuffTheSpire:Slingshot"],"picked":"Pommel Strike","floor":10.0},{"not_picked":["StuffTheSpire:Resist","Replay:Undeath\u0027s Touch","Shrug It Off"],"picked":"SKIP","floor":11.0},{"not_picked":["Defy Death","Thunderclap"],"picked":"True Grit","floor":13.0},{"not_picked":["ReplayTheSpireMod:LeadingStrike","Cleave"],"picked":"Twin Strike","floor":14.0},{"not_picked":["Sword Boomerang","Intimidate"],"picked":"Wild Strike","floor":18.0},{"not_picked":["Pommel Strike","Spot Weakness+1"],"picked":"ReplayTheSpireMod:Limb From Limb","floor":21.0},{"not_picked":["StuffTheSpire:RockThrow+1","StuffTheSpire:Incineration","Anger"],"picked":"SKIP","floor":22.0},{"not_picked":["StuffTheSpire:BloodClot","Barricade","StuffTheSpire:Slingshot"],"picked":"SKIP","floor":24.0},{"not_picked":["ReplayReversal","Flex","ReplayTheSpireMod:Strike From Hell"],"picked":"SKIP","floor":25.0},{"not_picked":["Clothesline","Replay:Undeath\u0027s Touch"],"picked":"Perfected Strike","floor":28.0},{"not_picked":["infinitespire:OneForAll","Sentinel+1","Infernal Blade"],"picked":"SKIP","floor":30.0},{"not_picked":["ReplayTheSpireMod:Corrosion Curse","ReplayTheSpireMod:Strike From Hell","Thunderclap"],"picked":"SKIP","floor":31.0},{"not_picked":["Flex","ReplayReversal","Sword Boomerang"],"picked":"SKIP","floor":35.0},{"not_picked":["Twin Strike","Defy Death"],"picked":"Perfected Strike","floor":36.0},{"not_picked":["Iron Wave","Carnage"],"picked":"Twin Strike+1","floor":37.0},{"not_picked":["Massacre","Flex"],"picked":"Twin Strike","floor":39.0},{"not_picked":["Corruption","True Grit","StuffTheSpire:Pyroclast"],"picked":"SKIP","floor":40.0},{"not_picked":["Warcry+1","Pommel Strike"],"picked":"Perfected Strike","floor":42.0},{"not_picked":["Body Slam+1","Iron Wave","Sever Soul+1"],"picked":"SKIP","floor":45.0},{"not_picked":["Havoc","Replay:Undeath\u0027s Touch"],"picked":"Twin Strike","floor":46.0},{"not_picked":["Life Link","ReplayTheSpireMod:Muscle Training"],"picked":"Wild Strike","floor":46.0},{"not_picked":["Demon Form","True Grit"],"picked":"Perfected Strike","floor":47.0},{"not_picked":["StuffTheSpire:FreeRealEstate","expansioncontent:YouAreMine"],"picked":"Thinking Ahead","floor":48.0},{"not_picked":["Barricade","Brutality"],"picked":"Double Tap","floor":50.0}],"player_experience":2604105,"relics_obtained":[{"floor":6.0,"key":"StrikeDummy"},{"floor":9.0,"key":"Bag of Marbles"},{"floor":24.0,"key":"ReplayTheSpireMod:Spearhead"},{"floor":26.0,"key":"The Courier"},{"floor":28.0,"key":"StuffTheSpire:GrapeVine"},{"floor":31.0,"key":"Gremlin Food"},{"floor":40.0,"key":"CaptainsWheel"},{"floor":43.0,"key":"StuffTheSpire:Tea"},{"floor":45.0,"key":"Replay:Multitool"},{"floor":46.0,"key":"Replay:Bottled Steam"},{"floor":47.0,"key":"StuffTheSpire:DarkSteelAnvil"}],"event_choices":[{"damage_healed":0.0,"max_hp_gain":0.0,"max_hp_loss":0.0,"gold_gain":0.0,"event_name":"Living Wall","player_choice":"Grow","floor":2.0,"gold_loss":0.0,"damage_taken":0.0,"cards_upgraded":["Bash"]},{"damage_healed":0.0,"max_hp_gain":0.0,"max_hp_loss":0.0,"gold_gain":0.0,"event_name":"Golden Idol","player_choice":"Take Wound","floor":4.0,"gold_loss":0.0,"damage_taken":0.0,"relics_obtained":["Golden Idol"],"cards_obtained":["Injury"]},{"damage_healed":0.0,"max_hp_gain":0.0,"max_hp_loss":0.0,"gold_gain":0.0,"event_name":"Big Fish","player_choice":"Box","floor":8.0,"gold_loss":0.0,"damage_taken":0.0,"relics_obtained":["Happy Flower"],"cards_obtained":["Regret"]},{"damage_healed":0.0,"max_hp_gain":0.0,"max_hp_loss":0.0,"gold_gain":100.0,"event_name":"Wheel of Change","player_choice":"Gold","floor":12.0,"gold_loss":0.0,"damage_taken":0.0},{"damage_healed":0.0,"max_hp_gain":0.0,"max_hp_loss":0.0,"gold_gain":50.0,"event_name":"FaceTrader","player_choice":"Touch","floor":19.0,"gold_loss":0.0,"damage_taken":7.0},{"damage_healed":0.0,"max_hp_gain":0.0,"max_hp_loss":0.0,"gold_gain":0.0,"event_name":"Mysterious Sphere","player_choice":"Fight","floor":47.0,"gold_loss":0.0,"damage_taken":0.0},{"damage_healed":0.0,"max_hp_gain":0.0,"max_hp_loss":0.0,"gold_gain":0.0,"event_name":"SensoryStone","player_choice":"Memory 1","floor":48.0,"gold_loss":0.0,"damage_taken":0.0}],"is_beta":false,"boss_relics":[{"not_picked":["Empty Cage","Snecko Heart"],"picked":"aspiration:PoetsPen_weak"},{"not_picked":["Philosopher\u0027s Stone","StuffTheSpire:RunicConfusion"],"picked":"SlaversCollar"}],"items_purged_floors":[20],"is_endless":true,"potions_floor_spawned":[1,6,14,18,25,30,31,37,40,42,47,50],"killed_by":"infinitespire:MassOfShapes","ascension_level":20}}