{"host":"3jpwrwmmgyabjceh","time":1608551017,"event":{"mods":["AchievementEnabler","BaseMod","Colored Map","Colored Powertips","Highlight Path","Minty Spire (QoL Compilation)","StSLib"],"gold_per_floor":[116,116,126,126,126,159,159,194,194,211,227,227,227,64,64,169,169,186,33,51,51,64,64,78,78,127,161,181,181,181],"floor_reached":29,"playtime":1007,"items_purged":[],"score":318,"play_id":"7aadcb9e-d810-430b-aaef-0d69a2b9ffd1","local_time":"20201221144337","is_ascension_mode":true,"campfire_choices":[{"floor":7.0,"key":"REST"},{"data":"ClearTheMind","floor":12.0,"key":"SMITH"},{"data":"Ragnarok","floor":15,"key":"SMITH"},{"floor":23,"key":"REST"},{"data":"TalkToTheHand","floor":25,"key":"SMITH"}],"circlet_count":0,"master_deck":["Strike_P+1","Strike_P","Defend_P","Defend_P","Defend_P","Defend_P","Eruption+1","Vigilance","Devotion+1","ClearTheMind+1","EmptyBody","Devotion","WheelKick","EmptyBody","Ragnarok+1","Ragnarok","WheelKick+1","TalkToTheHand+1","RitualDagger","TalkToTheHand+1"],"relics":["PureWater","Question Card","Bottled Lightning","Mummified Hand","Akabeko","Philosopher\u0027s Stone","Omamori","Whetstone","Bag of Marbles"],"acts_visited":["Exordium","TheCity"],"potions_floor_usage":[24],"damage_taken":[{"damage":8.0,"enemies":"2 Louse","floor":1.0,"turns":3.0},{"damage":2.0,"enemies":"Small Slimes","floor":3.0,"turns":4.0},{"damage":38.0,"enemies":"3 Sentries","floor":6.0,"turns":13.0},{"damage":10.0,"enemies":"Lagavulin","floor":8.0,"turns":8.0},{"damage":0.0,"enemies":"Cultist","floor":10.0,"turns":3.0},{"damage":0.0,"enemies":"Blue Slaver","floor":11.0,"turns":1.0},{"damage":0,"enemies":"Slime Boss","floor":16,"turns":3},{"damage":18,"enemies":"3 Byrds","floor":18,"turns":3},{"damage":11,"enemies":"2 Thieves","floor":20,"turns":3},{"damage":0,"enemies":"Snake Plant","floor":22,"turns":1},{"damage":4,"enemies":"Snecko","floor":24,"turns":5},{"damage":36,"enemies":"Slavers","floor":27,"turns":6},{"damage":14,"enemies":"3 Cultists","floor":28,"turns":5},{"damage":10,"enemies":"Snake Plant","floor":29,"turns":1}],"seed_played":"-3523560196775753080","potions_obtained":[{"floor":3.0,"key":"LiquidBronze"},{"floor":6.0,"key":"Regen Potion"},{"floor":8.0,"key":"SneckoOil"},{"floor":10.0,"key":"Ancient Potion"},{"floor":20,"key":"Regen Potion"},{"floor":22,"key":"GamblersBrew"}],"is_trial":false,"path_per_floor":["M","?","M","?","?","E","R","E","T","M","M","R","?","$","R","B",null,"M","$","M","?","M","R","M","R","T","E","M","M"],"character_chosen":"WATCHER","items_purchased":["Ragnarok","Omamori"],"campfire_rested":2,"item_purchase_floors":[14,19],"current_hp_per_floor":[57,54,52,45,45,7,26,31,31,31,31,31,31,31,31,31,65,47,47,36,30,30,49,54,54,54,18,4,0,0],"gold":181,"neow_bonus":"THREE_RARE_CARDS","is_daily":false,"chose_seed":false,"campfire_upgraded":3,"win_rate":0.0,"timestamp":1608551017,"path_taken":["M","?","M","?","?","E","R","E","T","M","?","R","?","?","R","BOSS","M","$","M","?","M","R","M","R","T","E","M","M"],"items_purchased_type":["Card","Relic"],"build_version":"2020-12-13","purchased_purges":0,"victory":false,"max_hp_per_floor":[65,65,65,65,65,65,65,65,65,65,65,65,65,65,65,65,65,65,65,65,65,65,65,65,65,65,65,65,65,65],"card_choices":[{"not_picked":["Scrawl","Wish"],"picked":"Devotion","floor":0.0},{"not_picked":["EmptyBody","Evaluate"],"picked":"ClearTheMind","floor":1.0},{"not_picked":["FearNoEvil","SashWhip","DeceiveReality"],"picked":"EmptyBody","floor":3.0},{"not_picked":["Study","JustLucky","SignatureMove","Weave"],"picked":"SKIP","floor":6.0},{"not_picked":["Prostrate","EmptyBody","InnerPeace"],"picked":"Devotion","floor":8.0},{"not_picked":["Protect","Evaluate","FollowUp"],"picked":"WheelKick","floor":10.0},{"not_picked":["JustLucky","Wallop","FlyingSleeves"],"picked":"EmptyBody","floor":11.0},{"not_picked":["Alpha","Establishment","ConjureBlade"],"picked":"Ragnarok","floor":16},{"not_picked":["Worship","ClearTheMind","BowlingBash"],"picked":"WheelKick+1","floor":18},{"not_picked":["SignatureMove","Evaluate+1","Vengeance+1"],"picked":"TalkToTheHand","floor":20},{"not_picked":["FollowUp+1","Protect","CrushJoints","BowlingBash+1"],"picked":"SKIP","floor":22},{"not_picked":["FollowUp","FlyingSleeves","CutThroughFate+1","Perseverance"],"picked":"SKIP","floor":24},{"not_picked":["FlyingSleeves","Judgement","BowlingBash","Meditate"],"picked":"SKIP","floor":27},{"not_picked":["Nirvana+1","PathToVictory+1","WaveOfTheHand"],"picked":"TalkToTheHand+1","floor":28}],"player_experience":243330,"relics_obtained":[{"floor":6.0,"key":"Bottled Lightning"},{"floor":8.0,"key":"Mummified Hand"},{"floor":9.0,"key":"Akabeko"},{"floor":26,"key":"Whetstone"},{"floor":27,"key":"Bag of Marbles"}],"event_choices":[{"damage_healed":0.0,"max_hp_gain":0.0,"max_hp_loss":0.0,"gold_gain":0.0,"event_name":"Scrap Ooze","player_choice":"Success","floor":2.0,"gold_loss":0.0,"damage_taken":3.0,"relics_obtained":["Question Card"]},{"cards_removed":["Strike_P"],"damage_healed":0.0,"max_hp_gain":0.0,"max_hp_loss":0.0,"gold_gain":0.0,"event_name":"Golden Wing","player_choice":"Card Removal","floor":4.0,"gold_loss":0.0,"damage_taken":7.0},{"damage_healed":0.0,"max_hp_gain":0.0,"max_hp_loss":0.0,"gold_gain":0.0,"event_name":"Upgrade Shrine","player_choice":"Upgraded","floor":5.0,"gold_loss":0.0,"damage_taken":0.0,"cards_upgraded":["Devotion"]},{"cards_removed":["Strike_P"],"damage_healed":0,"gold_gain":0,"player_choice":"Offered Basic","damage_taken":0,"max_hp_gain":0,"max_hp_loss":0,"event_name":"Bonfire Elementals","floor":13,"gold_loss":0},{"damage_healed":0,"gold_gain":0,"player_choice":"Joined the Cult","damage_taken":6,"max_hp_gain":0,"max_hp_loss":0,"event_name":"Nest","floor":21,"gold_loss":0,"cards_obtained":["RitualDagger"]}],"is_beta":false,"boss_relics":[{"not_picked":["Calling Bell","Velvet Choker"],"picked":"Philosopher\u0027s Stone"}],"items_purged_floors":[],"is_endless":false,"potions_floor_spawned":[3,6,8,10,20,22],"killed_by":"Snake Plant","ascension_level":1}}