{"host":"g8bj5uairaafp22z","time":1608556997,"event":{"mods":["AchievementEnabler","BaseMod","BetterRewards","Card Forge","Colored Powertips","Infinite Spire","Minty Spire (QoL Compilation)","Quick Restart","Replay The Spire","StSLib"],"gold_per_floor":[114,114,114,126,54,54,54,54,54,74,74,92,92,102,102,203,203,203,203,203,203,203,203,203,203,203,203,203,203,203,203,203,203,203,103,103,103,103,103],"floor_reached":38,"playtime":1688,"items_purged":[],"score":791,"play_id":"de3b00bc-2ee1-43c4-bf5e-e190d2470087","local_time":"20201221142317","is_ascension_mode":true,"campfire_choices":[{"data":"Conserve Battery","floor":6.0,"key":"SMITH"},{"data":"Dualcast","floor":8.0,"key":"SMITH"},{"data":"Defragment","floor":11.0,"key":"SMITH"},{"data":"Streamline","floor":15.0,"key":"SMITH"},{"floor":23.0,"key":"REST"},{"data":"Defragment","floor":25.0,"key":"SMITH"},{"floor":27.0,"key":"REST"},{"floor":32.0,"key":"REST"}],"circlet_count":0,"master_deck":["Strike_B","Strike_B","Strike_B","Defend_B","Defend_B","Defend_B","Zap+1","Dualcast+1","Leap","Conserve Battery+1","Storm","Defragment+1","Leap","Streamline+1","Thunder Strike","Ball Lightning+1","Heatsinks+1","Defragment+1","Mirror Shield","Echo Form"],"relics":["Cracked Core","Hammer of Thor","Seething Fire","Anvil of the Gods","ReplayTheSpireMod:Ring of Exchange","Ring of Shattering","Torii","Ectoplasm","Bag of Marbles","DataDisk","Replay:Bandana","infinitespire:EvilPickle","Replay:Ancient Bell","Juzu Bracelet","Shuriken","Durian"],"acts_visited":["Exordium","TheCity","TheBeyond"],"potions_floor_usage":[36],"damage_taken":[{"damage":14.0,"enemies":"Jaw Worm","floor":1.0,"turns":4.0},{"damage":1.0,"enemies":"Cultist","floor":4.0,"turns":3.0},{"damage":0.0,"enemies":"Small Slimes","floor":10.0,"turns":3.0},{"damage":0.0,"enemies":"Blue Slaver","floor":12.0,"turns":3.0},{"damage":2.0,"enemies":"Lots of Slimes","floor":14.0,"turns":4.0},{"damage":0.0,"enemies":"Slime Boss","floor":16.0,"turns":5.0},{"damage":1.0,"enemies":"Spheric Guardian","floor":18.0,"turns":3.0},{"damage":6.0,"enemies":"3 Byrds","floor":19.0,"turns":5.0},{"damage":36.0,"enemies":"Shelled Parasite and Fungi","floor":21.0,"turns":5.0},{"damage":14.0,"enemies":"Snecko","floor":24.0,"turns":5.0},{"damage":0.0,"enemies":"3 Cultists","floor":29.0,"turns":5.0},{"damage":1.0,"enemies":"Book of Stabbing","floor":30.0,"turns":4.0},{"damage":9.0,"enemies":"Sentry and Sphere","floor":31.0,"turns":5.0},{"damage":43.0,"enemies":"Pondfish","floor":33.0,"turns":16.0},{"damage":0.0,"enemies":"3 Shapes","floor":35.0,"turns":3.0},{"damage":15,"enemies":"3 Darklings","floor":36,"turns":5},{"damage":62,"enemies":"Transient","floor":38,"turns":3}],"seed_played":"543082439545229062","potions_obtained":[{"floor":10.0,"key":"PowerPotion"},{"floor":12.0,"key":"SkillPotion"},{"floor":18.0,"key":"LifebloodPotion"},{"floor":21.0,"key":"Milkshake"},{"floor":29.0,"key":"Languid Potion"},{"floor":31.0,"key":"Dexterity Potion"}],"is_trial":false,"path_per_floor":["M","?","?","M","$","R","$","R","T","M","R","M","?","M","R","B",null,"M","M","AVR","M","?","R","M","R","T","R","?","M","E","M","R","B",null,"M","M","$","M"],"character_chosen":"DEFECT","items_purchased":["Storm"],"campfire_rested":3,"item_purchase_floors":[5],"current_hp_per_floor":[61,61,61,60,60,60,60,60,60,60,60,60,60,58,58,58,76,75,69,69,33,33,57,43,43,43,67,67,67,66,57,81,38,76,76,61,61,0,0],"gold":103,"neow_bonus":"TEN_PERCENT_HP_BONUS","is_daily":false,"chose_seed":false,"campfire_upgraded":5,"win_rate":0.0,"timestamp":1608556997,"path_taken":["M","?","?","M","$","R","$","R","T","?","R","M","?","M","R","BOSS","M","M","AVR","M","?","R","?","R","T","R","?","M","E","M","R","BOSS","M","M","$","M"],"items_purchased_type":["Card"],"build_version":"2020-12-13","purchased_purges":0,"victory":false,"max_hp_per_floor":[82,82,82,82,82,82,82,82,82,82,82,82,82,82,82,82,82,82,82,82,82,82,82,82,82,82,82,82,82,82,82,82,82,87,87,87,87,87,87],"card_choices":[{"not_picked":["Stack","Barrage"],"picked":"Leap","floor":1.0},{"not_picked":["Lockon","Rebound"],"picked":"Conserve Battery","floor":4.0},{"not_picked":["Sunder","Steam"],"picked":"Defragment","floor":10.0},{"not_picked":["Compile Driver","Beam Cell"],"picked":"Leap","floor":12.0},{"not_picked":["Redo","Hyperbeam"],"picked":"Streamline","floor":14.0},{"not_picked":["Meteor Strike","Hyperbeam"],"picked":"Thunder Strike","floor":16.0},{"not_picked":["Steam","Blizzard","Hologram"],"picked":"SKIP","floor":18.0},{"not_picked":["Stack+1","Sweeping Beam"],"picked":"Ball Lightning+1","floor":19.0},{"not_picked":["Steam Power","BootSequence"],"picked":"Heatsinks+1","floor":21.0},{"not_picked":["Rebound","Conserve Battery"],"picked":"Defragment","floor":24.0},{"not_picked":["Go for the Eyes","Leap"],"picked":"Mirror Shield","floor":29.0},{"not_picked":["Gash","Darkness+1","Aggregate"],"picked":"SKIP","floor":30.0},{"not_picked":["Scrape","ReplayTheSpireMod:Repulse","Rebound+1"],"picked":"SKIP","floor":31.0},{"not_picked":["ReplayRNGCard","ReplayTheSpireMod:Omega Cannon"],"picked":"ReplayTheSpireMod:Fabricate Wheel","floor":33.0},{"not_picked":["AbeCurse","Parasite"],"picked":"Regret","floor":34.0},{"not_picked":["ReplayTheSpireMod:Faulty Equipment","Spreading Infection"],"picked":"Doubt","floor":34.0},{"not_picked":["CurseOfTheBell","Parasite"],"picked":"ReplayTheSpireMod:IOU","floor":34.0},{"not_picked":["Force Field","Auto Shields","Turbo"],"picked":"SKIP","floor":35.0},{"not_picked":["Sweeping Beam+1","Leap","Skim"],"picked":"SKIP","floor":36}],"player_experience":460697,"relics_obtained":[{"floor":2.0,"key":"ReplayTheSpireMod:Ring of Exchange"},{"floor":2.0,"key":"Ring of Shattering"},{"floor":9.0,"key":"Torii"},{"floor":26.0,"key":"DataDisk"},{"floor":30.0,"key":"Replay:Bandana"}],"event_choices":[{"damage_healed":0.0,"max_hp_gain":0.0,"max_hp_loss":0.0,"gold_gain":0.0,"event_name":"Upgrade Shrine","player_choice":"Upgraded","floor":3.0,"gold_loss":0.0,"damage_taken":0.0,"cards_upgraded":["Zap"]},{"cards_removed":["Defend_B"],"damage_healed":0.0,"max_hp_gain":0.0,"max_hp_loss":0.0,"gold_gain":0.0,"event_name":"Living Wall","player_choice":"Forget","floor":13.0,"gold_loss":0.0,"damage_taken":0.0},{"cards_removed":["Strike_B"],"damage_healed":0.0,"max_hp_gain":0.0,"max_hp_loss":0.0,"gold_gain":0.0,"event_name":"Wheel of Change","player_choice":"Card Removal","floor":22.0,"gold_loss":0.0,"damage_taken":0.0},{"damage_healed":0.0,"max_hp_gain":0.0,"max_hp_loss":0.0,"gold_gain":0.0,"event_name":"Ghosts","player_choice":"Ignored","floor":28.0,"gold_loss":0.0,"damage_taken":0.0}],"is_beta":false,"boss_relics":[{"not_picked":["ReplayTheSpireMod:DimensionalGlitch","ClockworkSouvenir"],"picked":"Ectoplasm"},{"not_picked":["Cauldron","Busted Crown"],"picked":"Replay:Ancient Bell"},{"not_picked":["ReplayTheSpireMod:TigerMarble","Bag of Marbles"],"picked":"Juzu Bracelet"},{"not_picked":["Pantograph","White Beast Statue"],"picked":"Shuriken"},{"not_picked":["Girya","Emotion Chip"],"picked":"Durian"}],"items_purged_floors":[],"is_endless":false,"potions_floor_spawned":[10,12,18,21,29,31],"killed_by":"Transient","ascension_level":7}}