{"host":"zhypnm5xlgq8j242","time":1608521620,"event":{"mods":["AchievementEnabler","BaseMod","BetterRewards","Colored Powertips","Hermit","Keyboard Shortcuts","Minty Spire (QoL Compilation)","Quick Restart","Replay The Spire","Shop Mod","StSLib","The Cursed","The Hierophant","The Runesmith"],"gold_per_floor":[116,116,116,130,130,159,179,179,202,214,236,248,260,272,284,396,408,524,536,562,574,597,625,637,649,649],"floor_reached":25,"playtime":998,"items_purged":[],"score":325,"play_id":"e082ce4e-0155-4a35-a174-f166929295e4","local_time":"20201221123340","is_ascension_mode":true,"campfire_choices":[{"data":"ReplayTheSpireMod:Calculation Training","floor":10,"key":"SMITH"},{"data":"Consume","floor":12,"key":"SMITH"},{"data":"Dualcast","floor":15,"key":"SMITH"},{"data":"Time Bomb","floor":17,"key":"SMITH"}],"circlet_count":0,"master_deck":["Strike_B","Strike_B","Strike_B","Strike_B","Defend_B+1","Defend_B","Defend_B+1","Defend_B","Zap","Dualcast+1","Hello World+1","ReplayTheSpireMod:Calculation Training+1","Time Bomb+1","Deep Breath","Consume+1","Tempest","Panic Button","CurseOfTheBell","Chaos","Tempest+1","Panic Button+1","Redo","Streamline+1","Conserve Battery+1","Necronomicurse"],"relics":["Cracked Core","NeowsBlessing","Simple Rune","Replay:Mystery Machine","MawBank","Calling Bell","ReplayTheSpireMod:Lightbulb","Eternal Feather","Pondfish Scales","Prayer Wheel","Replay:Wax Seal","Necronomicon"],"acts_visited":["Exordium","TheCity"],"potions_floor_usage":[18,18,25,25],"damage_taken":[{"damage":0,"enemies":"2 Louse","floor":1,"turns":1},{"damage":0,"enemies":"Cultist","floor":4,"turns":1},{"damage":0,"enemies":"3 Sentries","floor":6,"turns":1},{"damage":12,"enemies":"Jaw Worm","floor":7,"turns":3},{"damage":13,"enemies":"3 Louse","floor":11,"turns":4},{"damage":10,"enemies":"Slime Boss","floor":18,"turns":7},{"damage":6,"enemies":"Chosen","floor":20,"turns":6},{"damage":0,"enemies":"Spheric Guardian","floor":22,"turns":3},{"damage":35,"enemies":"Centurion and Healer","floor":23,"turns":20},{"damage":16,"enemies":"Slavers","floor":25,"turns":1}],"seed_played":"-3028058607733456869","potions_obtained":[{"floor":1,"key":"Reflective Coating"},{"floor":4,"key":"SpeedPotion"},{"floor":20,"key":"Strength Potion"},{"floor":22,"key":"FocusPotion"}],"is_trial":false,"path_per_floor":["M","?","?","M","?","E","M","?","T","R","M","R","PTL","PTL","R","?","R","B",null,"M","T","M","M","?","E"],"character_chosen":"DEFECT","items_purchased":[],"campfire_rested":0,"item_purchase_floors":[],"current_hp_per_floor":[68,61,61,61,61,61,49,49,49,49,36,36,36,36,36,36,36,26,63,57,57,57,22,6,0,0],"gold":649,"neow_bonus":"THREE_ENEMY_KILL","is_daily":false,"chose_seed":false,"campfire_upgraded":4,"win_rate":0.0,"timestamp":1608521620,"path_taken":["M","?","?","M","?","E","?","?","T","R","M","R","PTL","PTL","R","?","R","BOSS","M","?","M","M","?","E"],"items_purchased_type":[],"build_version":"2020-12-13","purchased_purges":0,"victory":false,"max_hp_per_floor":[75,75,75,75,75,75,75,75,75,75,75,75,75,75,75,75,75,75,75,75,75,75,75,75,75,75],"card_choices":[{"not_picked":["Double Energy","Chaos"],"picked":"Hello World","floor":1},{"not_picked":["Beam Cell","Redo","ReplayTheSpireMod:Calculation Training"],"picked":"SKIP","floor":4},{"not_picked":["Beam Cell","Redo"],"picked":"ReplayTheSpireMod:Calculation Training","floor":4},{"not_picked":["Compile Driver","Streamline"],"picked":"Consume","floor":6},{"not_picked":["Leap","Meteor Strike"],"picked":"Tempest","floor":7},{"not_picked":["Go for the Eyes","Turbo"],"picked":"Panic Button","floor":11},{"not_picked":["Amplify","ReplayTheSpireMod:Omega Cannon"],"picked":"ReplayTheSpireMod:Fabricate Wheel","floor":18},{"not_picked":["BasicCrystalCard","Ball Lightning"],"picked":"Chaos","floor":20},{"not_picked":["Genetic Algorithm","Go for the Eyes"],"picked":"Tempest+1","floor":20},{"not_picked":["Stack","Sweeping Beam+1"],"picked":"Panic Button+1","floor":22},{"not_picked":["Self Repair","Coolheaded+1"],"picked":"Redo","floor":22},{"not_picked":["ReplaySolidLightProjector","Sunder"],"picked":"Streamline+1","floor":23},{"not_picked":["Cold Snap+1","Recycle"],"picked":"Conserve Battery+1","floor":23}],"player_experience":586159,"relics_obtained":[{"floor":6,"key":"Replay:Mystery Machine"},{"floor":9,"key":"MawBank"},{"floor":19,"key":"ReplayTheSpireMod:Lightbulb"},{"floor":19,"key":"Eternal Feather"},{"floor":19,"key":"Pondfish Scales"},{"floor":21,"key":"Replay:Wax Seal"},{"floor":24,"key":"Necronomicon"}],"event_choices":[{"damage_healed":0,"gold_gain":0,"player_choice":"Success","damage_taken":7,"relics_obtained":["Simple Rune"],"max_hp_gain":0,"max_hp_loss":0,"event_name":"Scrap Ooze","floor":2,"gold_loss":0},{"damage_healed":0,"gold_gain":0,"player_choice":"Grow","damage_taken":0,"max_hp_gain":0,"max_hp_loss":0,"event_name":"Living Wall","floor":3,"gold_loss":0,"cards_upgraded":["Hello World"]},{"damage_healed":0,"gold_gain":0,"player_choice":"2 cards matched","damage_taken":0,"max_hp_gain":0,"max_hp_loss":0,"event_name":"Match and Keep!","floor":5,"gold_loss":0,"cards_obtained":["Time Bomb","Deep Breath"]},{"damage_healed":0,"gold_gain":0,"player_choice":"Ignored","damage_taken":0,"max_hp_gain":0,"max_hp_loss":0,"event_name":"Liars Game","floor":8,"gold_loss":0},{"damage_healed":0,"gold_gain":100,"player_choice":"Pray","damage_taken":0,"max_hp_gain":0,"max_hp_loss":0,"event_name":"Golden Shrine","floor":16,"gold_loss":0},{"damage_healed":0,"gold_gain":0,"player_choice":"Obtained Book","damage_taken":16,"max_hp_gain":0,"max_hp_loss":0,"event_name":"Cursed Tome","floor":24,"gold_loss":0}],"is_beta":false,"boss_relics":[{"not_picked":["Ectoplasm","Kintsugi"],"picked":"Calling Bell"}],"items_purged_floors":[],"is_endless":false,"potions_floor_spawned":[1,4,20,22],"killed_by":"Slavers","ascension_level":9}}