{"host":"ocy7z4248lncoz2b","time":1608516523,"event":{"mods":["BaseMod","Beaked The Cultist","Bestiary","Better Match","Better Sensory Stone","Better Third Choice","BetterRewards","Clockwork Mod","Colored Map","Colored Powertips","Conspire","Curses Come First","Downfall","Friendly Minions","Gremlin Mod","Highlight Path","Hubris","Infinite Spire","Jorbs\u0027s Wanderer Trilogy","Marisa????????","Mimic Mod","Minty Spire (QoL Compilation)","READ ME - Guardian Mod","Rare Cards Sparkle","Replay The Spire","Shop Mod","Spicy Shops","Spikes Relics","StSLib","SuperFastMode","The Administrix","The Blue Laboratory","The Construct","The Jungle","The Servant 0.9.4","The Wild Card","WarShipGirlsR/????R mod"],"gold_per_floor":[0,29,29,29,29,14,14,14,31,56,56,89,114,139,165,280,292,229,254,266,278,290,319,331,60,60,93,106,206,221,30,45,142,142,142,154,154,194,206,234,269,292,292,217,232,232,250,755,772,875,925,925,938,958,883,940,464,500,532,543,569,569,589,600,626,645,745,745,745,745,745,602,602,602,627,646,646,681,696,696,707,707,718,718,718],"floor_reached":84,"playtime":8017,"items_purged":["Voices","rmod:strick","rmod:strick"],"score":1598,"play_id":"b9f9c4d1-8678-462c-9516-6cea394dd805","local_time":"20201221110843","is_ascension_mode":false,"campfire_choices":[{"data":"rmod:saltedfish","floor":1.0,"key":"SMITH"},{"data":"rmod:basicallowance","floor":3.0,"key":"SMITH"},{"data":"rmod:desperatesituation","floor":5.0,"key":"SMITH"},{"data":"rmod:maingunfire","floor":8.0,"key":"SMITH"},{"data":"rmod:aviationdawn","floor":8.0,"key":"SMITH"},{"data":"rmod:auspiciousomen","floor":18.0,"key":"SMITH"},{"data":"rmod:smokecover","floor":18.0,"key":"SMITH"},{"data":"rmod:steelsupply","floor":20.0,"key":"SMITH"},{"data":"rmod:intelligenceanalysis","floor":20.0,"key":"SMITH"},{"data":"rmod:chargemoney","floor":22.0,"key":"SMITH"},{"data":"rmod:fuelsupply","floor":22.0,"key":"SMITH"},{"data":"rmod:maintain","floor":26.0,"key":"SMITH"},{"data":"rmod:openingtorpedo","floor":26.0,"key":"SMITH"},{"data":"rmod:desperatesituation","floor":35.0,"key":"SMITH"},{"data":"rmod:fletcher","floor":35.0,"key":"SMITH"},{"data":"Discovery","floor":44.0,"key":"SMITH"},{"data":"rmod:saltedfish+1","floor":44.0,"key":"SMITH"},{"floor":52.0,"key":"RECALL"},{"data":"rmod:saltedfish+2","floor":55.0,"key":"SMITH"},{"data":"rmod:saltedfish+3","floor":55.0,"key":"SMITH"},{"data":"rmod:saltedfish","floor":69,"key":"SMITH"},{"data":"rmod:saltedfish+1","floor":69,"key":"SMITH"},{"data":"rmod:saltedfish+4","floor":71,"key":"SMITH"},{"data":"rmod:saltedfish+2","floor":71,"key":"SMITH"},{"data":"rmod:saltedfish+3","floor":74,"key":"SMITH"},{"data":"rmod:saltedfish+4","floor":74,"key":"SMITH"},{"data":"rmod:maintain+1","floor":77,"key":"SMITH"},{"data":"rmod:maintain+2","floor":77,"key":"SMITH"}],"circlet_count":0,"master_deck":["rmod:defend","rmod:defend","rmod:defend+1","rmod:defend","rmod:basicallowance+1","rmod:maingunfire+1","rmod:saltedfish+5","rmod:aviationdawn+1","rmod:desperatesituation+1","rmod:diamondstrike","rmod:intelligenceanalysis+1","rmod:chargemoney+1","rmod:fuelsupply+1","rmod:smokecover+1","rmod:openingtorpedo+1","rmod:circuitoustactics","rmod:auspiciousomen+1","rmod:steelsupply+1","rmod:expeditionaryescort","rmod:launchingtorpedo","rmod:maintain+3","rmod:mineteam","rmod:diaomin","rmod:firesupport+1","rmod:desperatesituation+1","rmod:openingtorpedo","rmod:tearstotiara","rmod:fletcher+1","rmod:ring","Discovery+1","Assess","rmod:goodsister","rmod:victimresponsibility+1","rmod:luckystar+1","rmod:lonelyqueen+1","ReplayTheSpireMod:Echoes of Time","rmod:robin+1","rmod:secretscript","rmod:wife","rmod:salvage+1","rmod:windflower","rmod:openingtorpedo","rmod:bulid","rmod:desperatesituation","rmod:saltedfish+5","rmod:shuttlebombing","rmod:fletcherpendant","rmod:windflower","rmod:seals","infinitespire:Starlight","ReplayTheSpireMod:Book of Names","rmod:fletcherpendant","rmod:fletcherpendant"],"relics":["rmod:firstchargereward","Replay:Ringing Soul","Replay:Arrowhead","hubris:Towel","MiniBlackHole","CosmicIsotope","downfall:HeartBlessingBlue","GremlinMask","MerchantsRug","ClockworkSouvenir","Iron Hammer","Toy Ornithopter","Calipers","conspire:InfiniteJournal","SnailShell","ReplayTheSpireMod:Ring of Exchange","downfall:HeartBlessingGreen","downfall:HeartBlessingRed","hubris:SlimyHat","Oddly Smooth Stone","Lantern","hubris:OldNail","Odd Mushroom","LugNut","ExplosiveVial","Bag of Preparation","theJungle:WildPear"],"acts_visited":["Exordium","TheCity","TheBeyond","Exordium","theJungle:Jungle"],"potions_floor_usage":[75,84,84],"damage_taken":[{"damage":41.0,"enemies":"3 Sentries","floor":2.0,"turns":10.0},{"damage":2.0,"enemies":"downfall:FleeingMerchant","floor":6.0,"turns":5.0},{"damage":6.0,"enemies":"Cultist","floor":9.0,"turns":3.0},{"damage":13.0,"enemies":"Gremlin Nob","floor":10.0,"turns":4.0},{"damage":0.0,"enemies":"Jaw Worm","floor":12.0,"turns":4.0},{"damage":7.0,"enemies":"Jaw Worm","floor":13.0,"turns":3.0},{"damage":0.0,"enemies":"2 Louse","floor":14.0,"turns":4.0},{"damage":6.0,"enemies":"Blue Slaver","floor":15.0,"turns":4.0},{"damage":40.0,"enemies":"downfall:Watcher","floor":16.0,"turns":6.0},{"damage":0.0,"enemies":"Shell Parasite","floor":19.0,"turns":6.0},{"damage":10.0,"enemies":"Chosen","floor":23.0,"turns":7.0},{"damage":0.0,"enemies":"downfall:FleeingMerchant","floor":25.0,"turns":4.0},{"damage":0.0,"enemies":"Gremlin Leader","floor":27.0,"turns":7.0},{"damage":0.0,"enemies":"3 Cultists","floor":28.0,"turns":6.0},{"damage":0.0,"enemies":"Sentry and Sphere","floor":30.0,"turns":8.0},{"damage":0.0,"enemies":"downfall:FleeingMerchant","floor":31.0,"turns":5.0},{"damage":21.0,"enemies":"Snake Plant","floor":32.0,"turns":3.0},{"damage":0.0,"enemies":"downfall:Defect","floor":33.0,"turns":8.0},{"damage":0.0,"enemies":"3 Darklings","floor":36.0,"turns":6.0},{"damage":19.0,"enemies":"conspire:MimicChest","floor":38.0,"turns":8.0},{"damage":18.0,"enemies":"Orb Walker","floor":39.0,"turns":5.0},{"damage":79.0,"enemies":"Nightmare","floor":40.0,"turns":10.0},{"damage":6.0,"enemies":"Sphere and 2 Shapes","floor":41.0,"turns":9.0},{"damage":25.0,"enemies":"Sphere and 2 Shapes","floor":45.0,"turns":6.0},{"damage":7.0,"enemies":"4 Shapes","floor":47.0,"turns":4.0},{"damage":0.0,"enemies":"downfall:FleeingMerchant","floor":48.0,"turns":4.0},{"damage":0.0,"enemies":"Maw","floor":49.0,"turns":7.0},{"damage":0.0,"enemies":"downfall:Ironclad","floor":50.0,"turns":6.0},{"damage":0.0,"enemies":"2 Louse","floor":53.0,"turns":1.0},{"damage":0.0,"enemies":"Jaw Worm","floor":54.0,"turns":3.0},{"damage":0.0,"enemies":"Gremlin Nob","floor":56.0,"turns":4.0},{"damage":0.0,"enemies":"Cultist","floor":58.0,"turns":12.0},{"damage":0.0,"enemies":"Gremlin Nob","floor":59.0,"turns":5.0},{"damage":0.0,"enemies":"Cultist","floor":60.0,"turns":3.0},{"damage":113.0,"enemies":"Nightmare","floor":61.0,"turns":10.0},{"damage":0,"enemies":"2 Fungi Beasts","floor":63,"turns":3},{"damage":0,"enemies":"Red Slaver","floor":64,"turns":2},{"damage":8,"enemies":"The Mushroom Lair","floor":65,"turns":3},{"damage":0,"enemies":"Lots of Slimes","floor":66,"turns":1},{"damage":0,"enemies":"Slime Boss","floor":67,"turns":7},{"damage":126,"enemies":"Nightmare","floor":75,"turns":11},{"damage":0,"enemies":"theJungle:5_Spyders","floor":76,"turns":4},{"damage":0,"enemies":"theJungle:Cassacara","floor":78,"turns":5},{"damage":10,"enemies":"theJungle:GiantWrat","floor":79,"turns":6},{"damage":0,"enemies":"theJungle:2_Snecko_Cultists","floor":81,"turns":3},{"damage":0,"enemies":"theJungle:SlimyTreeVines","floor":83,"turns":6},{"damage":160,"enemies":"theJungle:TotemBoss","floor":84,"turns":8}],"seed_played":"-2183970788769050145","potions_obtained":[{"floor":2.0,"key":"SneckoOil"},{"floor":13.0,"key":"blueLaboratory:LouseDecoction"},{"floor":14.0,"key":"Languid Potion"},{"floor":15.0,"key":"Regen Potion"},{"floor":16.0,"key":"Adrenaline Potion"},{"floor":27.0,"key":"Ancient Potion"},{"floor":30.0,"key":"Strength Potion"},{"floor":32.0,"key":"construct:ShiftPotion"},{"floor":38.0,"key":"construct:ShiftPotion"},{"floor":45.0,"key":"Energy Potion"},{"floor":49.0,"key":"blueLaboratory:AbyssPotion"},{"floor":51.0,"key":"SneckoExtractPotion"},{"floor":53.0,"key":"Toxic Potion"},{"floor":63,"key":"Guardian:BlockOnCardUsePotion"},{"floor":65,"key":"Block Potion"},{"floor":66,"key":"champ:CounterPotion"},{"floor":79,"key":"blueLaboratory:NullPotion"},{"floor":81,"key":"ColorlessPotion"}],"is_trial":false,"path_per_floor":["R","E","R","?","R","$","T","R","M","E","?","MIM","M","M","M","B",null,"R","M","R","?","R","M","T","$","R","E","M","?","M","$","M","B",null,"R","M","?","?","M","NM","MIM","T","?","R","M","AVR","M","$","M","B",null,"R","M","M","R","?","$","MIM","E","M","NM","?","M","M","?","M","B",null,"R","?","R","$","AVR","R","NM","M","R","E","M","?","M","?","M","B"],"character_chosen":"PRAEFECT","items_purchased":["MerchantsRug","rmod:maintain","rmod:mineteam","ClockworkSouvenir","rmod:openingtorpedo","rmod:wife","Oddly Smooth Stone","Lantern","LugNut","ExplosiveVial"],"campfire_rested":0,"item_purchase_floors":[25,25,25,31,31,48,57,57,72,72],"current_hp_per_floor":[75,37,37,40,40,41,41,41,38,28,28,31,27,30,27,5,105,115,118,118,118,118,111,111,114,114,114,117,117,120,123,105,108,139,139,142,145,129,114,38,32,32,35,35,23,26,22,25,33,36,183,183,183,183,183,186,186,189,189,192,79,82,85,85,77,77,80,201,201,201,201,201,204,204,87,90,90,103,103,113,113,113,128,0,0],"gold":718,"neow_bonus":"THREE_RARE_CARDS","is_daily":false,"chose_seed":false,"campfire_upgraded":27,"win_rate":0.0,"timestamp":1608516523,"path_taken":["R","E","R","?","R","?","T","R","M","E","?","?","M","M","M","BOSS","R","M","R","?","R","M","T","$","R","E","?","?","M","?","M","BOSS","R","M","?","?","?","NM","MIM","?","?","R","M","AVR","M","$","M","BOSS","R","M","M","R","?","$","MIM","E","M","NM","?","M","?","?","M","BOSS","R","?","R","$","AVR","R","NM","M","R","E","M","?","?","?","M","BOSS"],"items_purchased_type":["Relic","Card","Card","Relic","Card","Card","Relic","Relic","Relic","Relic"],"build_version":"2020-12-13","purchased_purges":3,"victory":false,"max_hp_per_floor":[75,78,78,81,81,84,84,84,87,90,90,93,96,99,102,105,105,115,118,118,118,118,121,121,124,124,124,127,127,130,133,136,139,139,139,142,145,148,151,154,154,154,157,157,160,163,166,169,172,175,183,183,183,183,183,186,186,189,189,192,192,195,198,198,198,198,201,201,201,201,201,201,204,204,207,210,210,213,213,223,223,223,223,223,223],"card_choices":[{"not_picked":["rmod:stealaluminum","rmod:supriseattacks"],"picked":"rmod:saltedfish","floor":0.0},{"not_picked":["rmod:ammunitionsupply","rmod:fletcherpendant"],"picked":"rmod:aviationdawn","floor":2.0},{"not_picked":["rmod:aluminumsupply","rmod:victimresponsibility"],"picked":"rmod:diamondstrike","floor":6.0},{"not_picked":["rmod:selfconfidence","rmod:secretscript"],"picked":"rmod:intelligenceanalysis","floor":9.0},{"not_picked":["rmod:diamondstrike","rmod:maintain"],"picked":"rmod:chargemoney","floor":10.0},{"not_picked":["rmod:victimresponsibility","rmod:intelligenceanalysis"],"picked":"rmod:fuelsupply","floor":12.0},{"not_picked":["rmod:fletcherpendant","rmod:combined"],"picked":"rmod:smokecover","floor":13.0},{"not_picked":["rmod:supportaircraftcarrier","rmod:aviationdawn"],"picked":"rmod:openingtorpedo","floor":14.0},{"not_picked":["rmod:intelligenceanalysis","rmod:fletcherpendant"],"picked":"rmod:circuitoustactics","floor":15.0},{"not_picked":["rmod:expeditionaryescort","rmod:ridicule"],"picked":"rmod:auspiciousomen","floor":16.0},{"not_picked":["rmod:aluminumsupply","rmod:unsinkable"],"picked":"rmod:steelsupply","floor":19.0},{"not_picked":["rmod:combined","rmod:victimresponsibility"],"picked":"rmod:expeditionaryescort","floor":23.0},{"not_picked":["rmod:secretscript","rmod:luckystar"],"picked":"rmod:launchingtorpedo","floor":25.0},{"not_picked":["rmod:diamondstrike","rmod:capitalist","rmod:wolves+1"],"picked":"SKIP","floor":27.0},{"not_picked":["rmod:victimresponsibility","rmod:steelsupply"],"picked":"rmod:diaomin","floor":28.0},{"not_picked":["rmod:fletcherpendant","rmod:victimresponsibility+1"],"picked":"rmod:firesupport+1","floor":30.0},{"not_picked":["rmod:salvage","rmod:unsinkable"],"picked":"rmod:desperatesituation","floor":31.0},{"not_picked":["rmod:steelsupply","rmod:intelligenceanalysis"],"picked":"rmod:tearstotiara","floor":32.0},{"not_picked":["rmod:abidefaith","rmod:secretscript"],"picked":"rmod:fletcher","floor":33.0},{"not_picked":["rmod:firesupport","rmod:fletcherpendant+1"],"picked":"rmod:ring","floor":36.0},{"not_picked":["ReplayUltimateDefense","expansioncontent:SlimeTackle"],"picked":"Discovery","floor":37.0},{"not_picked":["Trip","expansioncontent:Hexaburn"],"picked":"Assess","floor":37.0},{"not_picked":["rmod:ring+1","rmod:diamondstrike+1"],"picked":"rmod:goodsister","floor":38.0},{"not_picked":["rmod:smokecover+1","rmod:tearstotiara+1"],"picked":"rmod:victimresponsibility+1","floor":39.0},{"not_picked":["rmod:ammunitionsupply","rmod:fuelsupply+1"],"picked":"rmod:luckystar+1","floor":40.0},{"not_picked":["rmod:intelligenceanalysis+1","rmod:circuitoustactics"],"picked":"rmod:lonelyqueen+1","floor":45.0},{"not_picked":["rmod:aviationdawn","rmod:supportescort+1"],"picked":"rmod:robin+1","floor":47.0},{"not_picked":["rmod:combined+1","rmod:punchline+1"],"picked":"rmod:secretscript","floor":48.0},{"not_picked":["rmod:goodfighter","rmod:capitalist"],"picked":"rmod:salvage+1","floor":49.0},{"not_picked":["rmod:desperatesituation","rmod:expeditionaryescort"],"picked":"rmod:windflower","floor":50.0},{"not_picked":["rmod:aggressivemary","rmod:firesupport+1"],"picked":"rmod:openingtorpedo","floor":51.0},{"not_picked":["rmod:supportescort","rmod:combined","rmod:wolves"],"picked":"SKIP","floor":53.0},{"not_picked":["rmod:goodfighter","rmod:launchingtorpedo","rmod:robin"],"picked":"SKIP","floor":54.0},{"not_picked":["rmod:timeschanged","rmod:firesupport"],"picked":"rmod:bulid","floor":56.0},{"not_picked":["rmod:aggressivemary","rmod:circuitoustactics"],"picked":"rmod:desperatesituation","floor":58.0},{"not_picked":["rmod:salvage","rmod:fuelsupply","rmod:slowdown"],"picked":"SKIP","floor":59.0},{"not_picked":["rmod:steelsupply","rmod:smokecover"],"picked":"rmod:saltedfish","floor":60.0},{"not_picked":["rmod:diaomin","rmod:launchingtorpedo","rmod:aggressivemary"],"picked":"SKIP","floor":61.0},{"not_picked":["rmod:luckystar","rmod:aviationdawn"],"picked":"rmod:windflower","floor":63},{"not_picked":["rmod:generalist","rmod:smokecover","rmod:luckystar"],"picked":"SKIP","floor":64},{"not_picked":["rmod:aluminumsupply","rmod:ammunitionsupply","rmod:steelsupply"],"picked":"SKIP","floor":66},{"not_picked":["rmod:ridicule","rmod:acesubmarine"],"picked":"rmod:seals","floor":67},{"not_picked":["ReplayTheSpireMod:Echoes of Time","infinitespire:FinalStrike"],"picked":"ReplayTheSpireMod:Book of Names","floor":75},{"not_picked":["rmod:tearstotiara","rmod:lonelyqueen","rmod:punchline"],"picked":"SKIP","floor":75},{"not_picked":["rmod:aluminumsupply","rmod:guardianhero+1","rmod:diamondstrike"],"picked":"SKIP","floor":76},{"not_picked":["rmod:supportaircraftcarrier","rmod:gendarmerie","rmod:lonelyqueen"],"picked":"SKIP","floor":78},{"not_picked":["rmod:fuelsupply+1","rmod:generalist","rmod:smokecover+1"],"picked":"SKIP","floor":79},{"not_picked":["rmod:steelsupply","rmod:advancebysurprise","rmod:launchingtorpedo"],"picked":"SKIP","floor":81},{"not_picked":["rmod:wolves","rmod:ammunitionsupply","rmod:intelligenceanalysis"],"picked":"SKIP","floor":83}],"player_experience":269488,"relics_obtained":[{"floor":2.0,"key":"Replay:Ringing Soul"},{"floor":7.0,"key":"Replay:Arrowhead"},{"floor":10.0,"key":"infinitespire:Lucky Rock"},{"floor":12.0,"key":"MawBank"},{"floor":12.0,"key":"MiniBlackHole"},{"floor":24.0,"key":"hubris:MysteriousPyramids"},{"floor":27.0,"key":"Gremlin Food"},{"floor":38.0,"key":"Iron Hammer"},{"floor":40.0,"key":"Toy Ornithopter"},{"floor":41.0,"key":"Calipers"},{"floor":41.0,"key":"conspire:InfiniteJournal"},{"floor":42.0,"key":"SnailShell"},{"floor":43.0,"key":"ReplayTheSpireMod:Ring of Exchange"},{"floor":56.0,"key":"hubris:SlimyHat"},{"floor":58.0,"key":"hubris:OldNail"},{"floor":58.0,"key":"Replay:Baseball"},{"floor":65,"key":"Odd Mushroom"}],"event_choices":[{"damage_healed":0.0,"max_hp_gain":0.0,"max_hp_loss":0.0,"gold_gain":0.0,"cards_transformed":["rmod:strick"],"event_name":"Transmorgrifier","player_choice":"Transformed","floor":4.0,"gold_loss":0.0,"damage_taken":0.0,"cards_obtained":["rmod:desperatesituation"]},{"damage_healed":0.0,"max_hp_gain":0.0,"max_hp_loss":0.0,"gold_gain":0.0,"event_name":"FaceTrader","player_choice":"Trade","floor":21.0,"gold_loss":0.0,"damage_taken":0.0,"relics_obtained":["GremlinMask"]},{"damage_healed":0.0,"max_hp_gain":0.0,"max_hp_loss":0.0,"gold_gain":3.0,"event_name":"betterStone:BetterStone","player_choice":"1","floor":37.0,"gold_loss":0.0,"damage_taken":0.0},{"damage_healed":0.0,"max_hp_gain":0.0,"max_hp_loss":0.0,"gold_gain":0.0,"cards_transformed":["rmod:strick"],"event_name":"Transmorgrifier","player_choice":"Transformed","floor":62.0,"gold_loss":0.0,"damage_taken":0.0,"cards_obtained":["rmod:shuttlebombing"]},{"damage_healed":0,"gold_gain":0,"player_choice":"Fought Mushrooms","damage_taken":0,"max_hp_gain":0,"max_hp_loss":0,"event_name":"Mushrooms","floor":65,"gold_loss":0}],"is_beta":false,"boss_relics":[{"not_picked":["hubris:TerracottaHorce","ReplayTheSpireMod:DimensionalGlitch"],"picked":"CosmicIsotope"},{"not_picked":["conspire:SpecialSausage","hubris:HollowSoul"],"picked":"construct:ClawGrip"},{"not_picked":["Replay:Grab Bag","hubris:CrackedHourglass"],"picked":"Tiny House"},{"not_picked":["Snecko Eye","Astrolabe","hubris:GrandSneckoEye"]}],"items_purged_floors":[46,57,57],"is_endless":true,"potions_floor_spawned":[2,13,14,15,16,27,30,32,38,39,45,49,53,56,59,63,65,66,79,81,83],"killed_by":"theJungle:TotemBoss","ascension_level":0}}