{"host":"kh4wzxwh3q3yppxp","time":1608511322,"event":{"mods":["AchievementEnabler","BaseMod","Colored Map","DeckTracker","Minty Spire (QoL Compilation)","Quick Restart","StSLib"],"gold_per_floor":[210,210,228,228,178,222,222,243,314,330,330,177,177,197,197,197,197],"floor_reached":16,"playtime":413,"items_purged":["Strike_G"],"score":100,"play_id":"2badb5e8-e832-485b-b7d1-1f9100ed66ef","local_time":"20201221024202","is_ascension_mode":false,"campfire_choices":[{"floor":7,"key":"REST"},{"floor":11,"key":"REST"},{"data":"Grand Finale","floor":15,"key":"SMITH"}],"circlet_count":0,"master_deck":["Strike_G","Strike_G","Strike_G","Strike_G","Defend_G","Defend_G","Defend_G","Defend_G","Survivor","Neutralize","Grand Finale+1"],"relics":["Ring of the Snake","Golden Idol","Snake Skull","Toxic Egg 2","White Beast Statue"],"acts_visited":["Exordium"],"potions_floor_usage":[3],"damage_taken":[{"damage":0,"enemies":"2 Louse","floor":1,"turns":3},{"damage":3,"enemies":"Jaw Worm","floor":3,"turns":2},{"damage":34,"enemies":"3 Sentries","floor":6,"turns":13},{"damage":4,"enemies":"Cultist","floor":8,"turns":4},{"damage":6,"enemies":"Exordium Thugs","floor":10,"turns":6},{"damage":14,"enemies":"3 Louse","floor":14,"turns":4},{"damage":0,"enemies":"Hexaghost","floor":16,"turns":1}],"seed_played":"-5741433412193400447","potions_obtained":[{"floor":1,"key":"Fire Potion"},{"floor":6,"key":"DistilledChaos"},{"floor":14,"key":"FearPotion"}],"is_trial":false,"path_per_floor":["M","?","M","?","?","E","R","M","T","M","R","$","T","M","R","B"],"character_chosen":"THE_SILENT","items_purchased":["Grand Finale"],"campfire_rested":2,"item_purchase_floors":[12],"current_hp_per_floor":[70,53,50,55,55,21,43,39,39,33,55,55,55,41,41,41,41],"gold":197,"neow_bonus":"HUNDRED_GOLD","is_daily":false,"chose_seed":false,"campfire_upgraded":1,"win_rate":0.0,"timestamp":1608511322,"path_taken":["M","?","M","?","?","E","R","M","T","M","R","$","?","M","R","BOSS"],"items_purchased_type":["Card"],"build_version":"2020-12-13","purchased_purges":1,"victory":false,"max_hp_per_floor":[70,70,70,75,75,75,75,75,75,75,75,75,75,75,75,75,75],"card_choices":[{"not_picked":["Expertise","Blur","Quick Slash"],"picked":"SKIP","floor":1},{"not_picked":["PiercingWail","Tactician","Footwork"],"picked":"SKIP","floor":3},{"not_picked":["Bane","Dagger Throw","Poisoned Stab"],"picked":"SKIP","floor":6},{"not_picked":["Expertise","Backflip","Underhanded Strike"],"picked":"SKIP","floor":8},{"not_picked":["Leg Sweep+1","Noxious Fumes","Reflex+1"],"picked":"SKIP","floor":10},{"not_picked":["Bouncing Flask+1","Masterful Stab","Deadly Poison+1"],"picked":"SKIP","floor":14}],"player_experience":691829,"relics_obtained":[{"floor":6,"key":"Snake Skull"},{"floor":9,"key":"Toxic Egg 2"},{"floor":13,"key":"White Beast Statue"}],"event_choices":[{"damage_healed":0,"gold_gain":0,"player_choice":"Take Damage","damage_taken":17,"relics_obtained":["Golden Idol"],"max_hp_gain":0,"max_hp_loss":0,"event_name":"Golden Idol","floor":2,"gold_loss":0},{"damage_healed":0,"gold_gain":0,"player_choice":"Donut","damage_taken":0,"max_hp_gain":5,"max_hp_loss":0,"event_name":"Big Fish","floor":4,"gold_loss":0},{"cards_removed":["Defend_G"],"damage_healed":0,"gold_gain":0,"player_choice":"Card Removal","damage_taken":0,"max_hp_gain":0,"max_hp_loss":0,"event_name":"The Cleric","floor":5,"gold_loss":50}],"is_beta":false,"boss_relics":[],"items_purged_floors":[12],"is_endless":false,"potions_floor_spawned":[1,6,14],"killed_by":"Hexaghost","ascension_level":0}}