{"host":"2ikh8v76dubl8izk","time":1608552718,"event":{"mods":["AchievementEnabler","BaseMod","Downfall","Minty Spire (QoL Compilation)","Relic Stats","StSLib"],"gold_per_floor":[99,99,115,145,145,172,172,191,191,116,131,142,161,172,189,189,189,189],"floor_reached":16,"playtime":548,"items_purged":[],"score":114,"play_id":"425c6a6d-a2f9-43f5-9458-8549729d1712","local_time":"20201221151158","is_ascension_mode":true,"campfire_choices":[{"data":"Slimebound:Split","floor":1,"key":"SMITH"},{"floor":5,"key":"RECALL"},{"data":"Slimebound:Nibble","floor":10,"key":"PURGE"}],"circlet_count":0,"master_deck":["Slimebound:Strike_Slimebound","Slimebound:Strike_Slimebound","Slimebound:Strike_Slimebound","Slimebound:Tackle","Slimebound:Defend_Slimebound","Slimebound:Defend_Slimebound","Slimebound:Defend_Slimebound","Slimebound:Defend_Slimebound","Slimebound:Split+1","Slimebound:CorrosiveSpit","Slimebound:TagTeam+1","Slimebound:SlimeTap","Slimebound:Schlurp","Slimebound:SplitAcid"],"relics":["Slimebound:AbsorbEndCombat","Mercury Hourglass","Slimebound:ScrapOozeRelic","downfall:HeartBlessingRed"],"acts_visited":[],"potions_floor_usage":[6,13,16],"damage_taken":[{"damage":23,"enemies":"2 Louse","floor":3,"turns":3},{"damage":22,"enemies":"Gremlin Nob","floor":6,"turns":3},{"damage":9,"enemies":"Cultist","floor":8,"turns":3},{"damage":16,"enemies":"Small Slimes","floor":11,"turns":2},{"damage":20,"enemies":"Exordium Thugs","floor":12,"turns":3},{"damage":0,"enemies":"3 Louse","floor":13,"turns":1},{"damage":16,"enemies":"Lots of Slimes","floor":14,"turns":2},{"damage":8,"enemies":"2 Fungi Beasts","floor":15,"turns":2},{"damage":24,"enemies":"downfall:Silent","floor":16,"turns":2}],"seed_played":"9083401311872446553","potions_obtained":[{"floor":3,"key":"Swift Potion"},{"floor":6,"key":"Explosive Potion"},{"floor":11,"key":"Weak Potion"},{"floor":15,"key":"SkillPotion"}],"is_trial":false,"path_per_floor":["R","?","M","?","R","E","T","M","?","R","M","M","M","M","M","B"],"character_chosen":"SLIMEBOUND","items_purchased":[],"campfire_rested":0,"item_purchase_floors":[],"current_hp_per_floor":[60,60,47,47,47,37,37,40,40,40,36,28,28,18,22,0,0,0],"gold":189,"neow_bonus":"ONE_RANDOM_RARE_CARD","is_daily":false,"chose_seed":false,"campfire_upgraded":1,"win_rate":0.0,"timestamp":1608552718,"path_taken":["R","?","?","?","R","E","T","M","?","R","M","?","M","M","M","BOSS"],"items_purchased_type":[],"build_version":"2020-12-13","purchased_purges":0,"victory":false,"max_hp_per_floor":[60,60,60,60,60,60,60,60,60,60,60,60,60,60,60,60,60,60],"relic_stats":{"counters":[9,18],"obtain_stats":[{"Slimebound:ScrapOozeRelic":9,"downfall:HeartBlessingRed":10,"Slimebound:AbsorbEndCombat":0,"Art of War":6,"Mercury Hourglass":7},{"Slimebound:ScrapOozeRelic":3,"downfall:HeartBlessingRed":3,"Slimebound:AbsorbEndCombat":0,"Art of War":2,"Mercury Hourglass":2},{"Slimebound:ScrapOozeRelic":8,"downfall:HeartBlessingRed":8,"Slimebound:AbsorbEndCombat":0,"Art of War":5,"Mercury Hourglass":5}],"Mercury Hourglass":[81]},"card_choices":[{"not_picked":["Slimebound:AcidTongue","Slimebound:GoopSpray"],"picked":"Slimebound:Nibble","floor":3},{"not_picked":["Slimebound:FirmFortitude","Slimebound:LeechEnergy","Slimebound:Chomp"],"picked":"SKIP","floor":6},{"not_picked":["Slimebound:GoopSpray","Slimebound:FinishingTackle"],"picked":"Slimebound:SlimeTap","floor":8},{"not_picked":["Slimebound:DivideAndConquer","Slimebound:Gluttony"],"picked":"Slimebound:Schlurp","floor":11},{"not_picked":["Slimebound:FormOfPuddle","Slimebound:GrowthPunch"],"picked":"Slimebound:SplitAcid","floor":12},{"not_picked":["Slimebound:Chomp","Slimebound:PressTheAttack","Slimebound:FlameTackle"],"picked":"SKIP","floor":13},{"not_picked":["Slimebound:SlimeBarrage","Slimebound:LeadByExample","Slimebound:ItLooksTasty"],"picked":"SKIP","floor":14},{"not_picked":["Slimebound:LeadByExample","Slimebound:SamplingLick","Slimebound:Dissolve"],"picked":"SKIP","floor":15}],"player_experience":337824,"relics_obtained":[{"floor":6,"key":"Art of War"},{"floor":7,"key":"Mercury Hourglass"}],"event_choices":[{"damage_healed":0,"gold_gain":0,"player_choice":"Forge","damage_taken":0,"max_hp_gain":0,"max_hp_loss":0,"event_name":"Accursed Blacksmith","floor":2,"gold_loss":0,"cards_upgraded":["Slimebound:TagTeam"]}],"is_beta":false,"boss_relics":[],"items_purged_floors":[],"is_endless":false,"potions_floor_spawned":[3,6,11,15],"killed_by":"downfall:Silent","ascension_level":2}}