{"host":"6qo42zgaknezulyg","time":1608552987,"event":{"mods":["2.2 Compatiblity","BaseMod","Keyboard Shortcuts","Minty Spire (QoL Compilation)","Permanent Neow","Quick Restart","StSLib","SuperFastMode","The Construct"],"gold_per_floor":[15,15,28,28,43,72,72,92,119,134,152,172,207,231,243,255,255],"floor_reached":16,"playtime":1039,"items_purged":[],"score":116,"play_id":"271d7e54-9194-4ad5-a9a5-c0ed6e136e08","local_time":"20201221211627","is_ascension_mode":false,"campfire_choices":[{"data":"construct:OneWayMirror","floor":7.0,"key":"SMITH"},{"floor":15.0,"key":"REST"}],"circlet_count":0,"master_deck":["construct:Strike_Gold","construct:Strike_Gold","construct:Strike_Gold","construct:Strike_Gold","construct:Defend_Gold","construct:Defend_Gold","construct:Defend_Gold","construct:Defend_Gold","construct:Defend_Gold","construct:AttackMode","construct:DefenseMode","construct:ModeShift","construct:Tumble","construct:Backfire","construct:OneWayMirror+1","construct:Impenetrable","construct:GuardCore","construct:Enhance","construct:Antimatter","construct:Impenetrable"],"relics":["construct:ClockworkPhoenix","construct:BoolHorns","SsserpentHead","Strawberry","Juzu Bracelet","MawBank"],"acts_visited":["Exordium"],"potions_floor_usage":[16],"damage_taken":[{"damage":0.0,"enemies":"Jaw Worm","floor":1.0,"turns":5.0},{"damage":6.0,"enemies":"Cultist","floor":3.0,"turns":3.0},{"damage":0.0,"enemies":"Small Slimes","floor":5.0,"turns":3.0},{"damage":40.0,"enemies":"Lagavulin","floor":6.0,"turns":6.0},{"damage":12.0,"enemies":"Exordium Wildlife","floor":8.0,"turns":4.0},{"damage":2.0,"enemies":"Large Slime","floor":10.0,"turns":4.0},{"damage":0.0,"enemies":"2 Fungi Beasts","floor":11.0,"turns":3.0},{"damage":5.0,"enemies":"Exordium Wildlife","floor":12.0,"turns":4.0},{"damage":25.0,"enemies":"3 Sentries","floor":13.0,"turns":7.0},{"damage":1.0,"enemies":"Exordium Thugs","floor":14.0,"turns":9.0},{"damage":27,"enemies":"The Guardian","floor":16,"turns":7}],"seed_played":"1621061621559430455","potions_obtained":[{"floor":3.0,"key":"Energy Potion"},{"floor":10.0,"key":"BlessingOfTheForge"},{"floor":13.0,"key":"PowerPotion"}],"is_trial":false,"path_per_floor":["M","?","M","?","M","E","R","M","T","M","M","M","E","M","R","B"],"character_chosen":"THE_CONSTRUCT_MOD","items_purchased":[],"campfire_rested":1,"item_purchase_floors":[],"current_hp_per_floor":[85,85,79,79,79,46,46,34,34,32,32,27,2,1,28,1,1],"gold":255,"neow_bonus":"ONE_RARE_RELIC","is_daily":false,"chose_seed":false,"campfire_upgraded":1,"win_rate":0.0,"timestamp":1608552987,"path_taken":["M","?","M","?","M","E","R","M","T","M","M","M","E","M","R","BOSS"],"items_purchased_type":[],"build_version":"2020-12-13","purchased_purges":0,"victory":false,"max_hp_per_floor":[85,85,85,85,85,92,92,92,92,92,92,92,92,92,92,92,92],"card_choices":[{"not_picked":["construct:Analyze","construct:Tumble"],"picked":"construct:ModeShift","floor":1.0},{"not_picked":["construct:Forcefield","construct:ScrapCannon"],"picked":"construct:Backfire","floor":3.0},{"not_picked":["construct:Autoturret","construct:ClusterMines"],"picked":"construct:OneWayMirror","floor":5.0},{"not_picked":["construct:Forcefield","construct:Backfire"],"picked":"construct:Impenetrable","floor":6.0},{"not_picked":["construct:HeavyBolt","construct:ModeShift","construct:PointDefense"],"picked":"SKIP","floor":8.0},{"not_picked":["construct:SweepLaser","construct:OneWayMirror"],"picked":"construct:GuardCore","floor":10.0},{"not_picked":["construct:GoldenBullet","construct:Hazardproof"],"picked":"construct:Enhance","floor":11.0},{"not_picked":["construct:Impenetrable","construct:Boost"],"picked":"construct:Antimatter","floor":12.0},{"not_picked":["construct:ShiftStrike","construct:VentSteam"],"picked":"construct:Impenetrable","floor":13.0},{"not_picked":["construct:FocusedBeam","construct:ShiftStrike","construct:ScrapCannon"],"picked":"SKIP","floor":14.0}],"player_experience":729297,"relics_obtained":[{"floor":6.0,"key":"Strawberry"},{"floor":9.0,"key":"Juzu Bracelet"},{"floor":13.0,"key":"MawBank"}],"event_choices":[{"damage_healed":0.0,"max_hp_gain":0.0,"max_hp_loss":0.0,"gold_gain":0.0,"cards_transformed":["construct:Strike_Gold"],"event_name":"Living Wall","player_choice":"Change","floor":2.0,"gold_loss":0.0,"damage_taken":0.0,"cards_obtained":["construct:Tumble"]},{"damage_healed":0.0,"max_hp_gain":0.0,"max_hp_loss":0.0,"gold_gain":0.0,"event_name":"FaceTrader","player_choice":"Trade","floor":4.0,"gold_loss":0.0,"damage_taken":0.0,"relics_obtained":["SsserpentHead"]}],"is_beta":false,"boss_relics":[],"items_purged_floors":[],"is_endless":false,"potions_floor_spawned":[3,10,13],"killed_by":"The Guardian","ascension_level":0}}