{"host":"zuc5xqvlhed5q6ad","time":1608561780,"event":{"mods":["BaseMod","Block Reminder","Colored Powertips","Halation","Highlight Path","Mimic Mod","Minty Spire (QoL Compilation)","Permanent Neow","Practice Mode","Quick Restart","Spikes Relics","StSLib","UnlockEverythingMod"],"gold_per_floor":[216,140,140,140,153,153,172,172,211,63,63,63,84,117,117,247,247,271,271,1,1,17,17,17,17,17,17,40,40,40,40],"floor_reached":30,"playtime":1163,"items_purged":[],"score":249,"play_id":"acca2203-c331-48d9-a8a1-86aa037a1e37","local_time":"20201221174300","is_ascension_mode":false,"campfire_choices":[{"data":"Defragment","floor":6,"key":"SMITH"},{"data":"Gash","floor":8,"key":"SMITH"},{"data":"Zap","floor":12,"key":"SMITH"},{"data":"Gash","floor":15,"key":"SMITH"},{"data":"Gash","floor":23,"key":"SMITH"},{"data":"Gash","floor":25,"key":"SMITH"},{"data":"Static Discharge","floor":27,"key":"SMITH"}],"circlet_count":0,"master_deck":["Strike_B","Strike_B","Strike_B","Strike_B","Defend_B","Defend_B","Defend_B","Defend_B","Zap+1","Dualcast","Conserve Battery","Defragment+1","Beam Cell","Gash+1","Gash+1","Self Repair","Capacitor","Gash+1","Static Discharge+1","Gash+1"],"relics":["Cracked Core","halation:EternalFortune","halation:PinkSoulGem","Vajra","Art of War","Golden Idol","Gremlin Horn","Busted Crown","Membership Card","Potion Belt","StoneCalendar","Kunai"],"acts_visited":["Exordium","TheCity"],"potions_floor_usage":[16,16,29],"damage_taken":[{"damage":0,"enemies":"Small Slimes","floor":1,"turns":3},{"damage":1,"enemies":"Jaw Worm","floor":5,"turns":4},{"damage":2,"enemies":"2 Louse","floor":7,"turns":3},{"damage":9,"enemies":"Blue Slaver","floor":9,"turns":5},{"damage":7,"enemies":"Blue Slaver","floor":13,"turns":3},{"damage":21,"enemies":"Gremlin Nob","floor":14,"turns":4},{"damage":32,"enemies":"The Guardian","floor":16,"turns":9},{"damage":10,"enemies":"Chosen","floor":18,"turns":4},{"damage":31,"enemies":"2 Thieves","floor":22,"turns":4},{"damage":35,"enemies":"Centurion and Healer","floor":28,"turns":6},{"damage":18,"enemies":"Colosseum Slavers","floor":29,"turns":2},{"damage":13,"enemies":"3 Cultists","floor":30,"turns":3}],"seed_played":"-8775053558804459618","potions_obtained":[{"floor":1,"key":"EssenceOfSteel"},{"floor":14,"key":"GamblersBrew"},{"floor":28,"key":"Dexterity Potion"}],"is_trial":false,"path_per_floor":["M","$","?","?","M","R","M","R","MIM","$","?","R","M","E","R","B",null,"M","?","$","?","M","R","T","R","T","R","M","?","M"],"character_chosen":"DEFECT","items_purchased":["Defragment","Art of War","Membership Card","Static Discharge","Potion Belt"],"campfire_rested":0,"item_purchase_floors":[2,10,20,20,20],"current_hp_per_floor":[75,75,78,78,77,77,75,75,66,66,66,66,59,38,38,13,78,75,75,75,75,51,51,51,51,51,51,23,5,0,0],"gold":40,"neow_bonus":"HUNDRED_GOLD","is_daily":false,"chose_seed":false,"campfire_upgraded":7,"win_rate":0.0,"timestamp":1608561780,"path_taken":["M","$","?","?","M","R","M","R","MIM","?","?","R","?","E","R","BOSS","M","?","$","?","?","R","?","R","T","R","M","?","M"],"items_purchased_type":["Card","Relic","Relic","Card","Relic"],"build_version":"2020-12-13","purchased_purges":0,"victory":false,"max_hp_per_floor":[75,75,78,78,78,78,78,78,78,78,78,78,78,78,78,78,78,78,78,78,78,78,78,78,78,78,78,78,78,78,78],"card_choices":[{"not_picked":["Chill","Compile Driver"],"picked":"Conserve Battery","floor":1},{"not_picked":["DiskWipe","Streamline"],"picked":"Beam Cell","floor":5},{"not_picked":["Conserve Battery","Compile Driver"],"picked":"Gash","floor":7},{"not_picked":["Fusion","White Noise"],"picked":"Gash","floor":13},{"not_picked":["Reinforced Body","FTL"],"picked":"Self Repair","floor":14},{"not_picked":[],"picked":"Capacitor","floor":18},{"not_picked":[],"picked":"Gash","floor":22},{"not_picked":["Cold Snap"],"picked":"SKIP","floor":28}],"player_experience":135124,"relics_obtained":[{"floor":9,"key":"Vajra"},{"floor":14,"key":"Gremlin Horn"},{"floor":24,"key":"StoneCalendar"},{"floor":26,"key":"Kunai"}],"event_choices":[{"damage_healed":0,"gold_gain":0,"player_choice":"Take Wound","damage_taken":0,"relics_obtained":["Golden Idol"],"max_hp_gain":0,"max_hp_loss":0,"event_name":"Golden Idol","floor":11,"gold_loss":0,"cards_obtained":["Injury"]},{"damage_healed":0,"gold_gain":0,"player_choice":"Read","damage_taken":0,"max_hp_gain":0,"max_hp_loss":0,"event_name":"The Library","floor":19,"gold_loss":0,"cards_obtained":["Gash"]},{"cards_removed":["Injury"],"damage_healed":0,"gold_gain":0,"player_choice":"Purged","damage_taken":0,"max_hp_gain":0,"max_hp_loss":0,"event_name":"Purifier","floor":21,"gold_loss":0},{"damage_healed":0,"gold_gain":0,"player_choice":"Fight","damage_taken":0,"max_hp_gain":0,"max_hp_loss":0,"event_name":"Colosseum","floor":29,"gold_loss":0},{"damage_healed":0,"gold_gain":0,"player_choice":"Fled From Nobs","damage_taken":0,"max_hp_gain":0,"max_hp_loss":0,"event_name":"Colosseum","floor":29,"gold_loss":0}],"is_beta":false,"boss_relics":[{"not_picked":["FrozenCore","Philosopher\u0027s Stone"],"picked":"Busted Crown"}],"items_purged_floors":[],"is_endless":false,"potions_floor_spawned":[1,14,28,29],"killed_by":"3 Cultists","ascension_level":0}}