{"host":"nk1hwk2qadwaubm5","time":1608561307,"event":{"mods":["BaseMod","Hermit","Infinite Spire","Marisa????????","Minty Spire (QoL Compilation)","Replay The Spire","StSLib","The Animator","The Cursed","The Jungle","The Servant 0.9.4"],"gold_per_floor":[113,136,182,182,2,40,64,103,130,166,166,208,233,262,262,367,367,393,96,96,126,156,198,198,238,265,281,331,331,368,380,392,523,535,598,676,748,760,772,784,871,883,895,907,992,462,462,535,535,562],"floor_reached":51,"playtime":5187,"items_purged":["hermit:Strike_Hermit","hermit:Strike_Hermit","hermit:TrackingShot+1","hermit:Midnight+1"],"score":1086,"play_id":"fe4224e9-56ad-49a7-955d-af226458ee0b","local_time":"20201221153507","is_ascension_mode":true,"campfire_choices":[{"floor":15,"key":"DIG"},{"data":"Replay:BasicMightCard","floor":24,"key":"SMITH"},{"data":"hermit:Roughhouse","floor":32,"key":"SMITH"},{"data":"hermit:BodyArmor","floor":40,"key":"SMITH"},{"data":"hermit:WideOpen","floor":42,"key":"SMITH"},{"data":"hermit:SprayPray","floor":44,"key":"SMITH"},{"data":"hermit:GhostlyPresence","floor":47,"key":"SMITH"},{"floor":49,"key":"DIG"}],"circlet_count":0,"master_deck":["hermit:Defend_Hermit","hermit:Defend_Hermit","hermit:Defend_Hermit","hermit:Snapshot","hermit:Covet","hermit:Scavenge","hermit:Headshot","hermit:RoundhouseKick+1","hermit:Scavenge","hermit:GhostlyPresence+1","hermit:Virtue","hermit:CalledShot+1","hermit:Midnight+1","hermit:Scavenge","hermit:WideOpen+1","hermit:Headshot","Replay:BasicMightCard+1","hermit:BodyArmor+1","hermit:Roughhouse+1","hermit:SprayPray+1","hermit:Horror+1","hermit:LuckOfTheDraw+1","hermit:Vantage","hermit:HighCaliber+1","hermit:TakeAim+1","hermit:HighCaliber+1","hermit:Glare+1"],"relics":["Painkiller Herb","hermit:RyeStalk","infinitespire:Cubic Diamond","Blue Doll","ReplayTheSpireMod:TigerMarble","Oddly Smooth Stone","Replay:PocketPolymizer","Bag of Marbles","Pen Nib","Honey Jar","Divine Protection","Counterbalance","Strawberry","Nunchaku","infinitespire:Midas Blood","MawBank","Busted Crown","Empty Cage","infinitespire:EvilPickle","CatCart","Strange Spoon","Dream Catcher","FossilizedHelix","DollysMirror","Prayer Wheel","Mummified Hand"],"acts_visited":["Exordium","TheCity","TheBeyond"],"potions_floor_usage":[27,27],"damage_taken":[{"damage":0,"enemies":"Cultist","floor":1,"turns":4},{"damage":0,"enemies":"2 Louse","floor":2,"turns":3},{"damage":0,"enemies":"3 Sentries","floor":6,"turns":6},{"damage":0,"enemies":"Jaw Worm","floor":7,"turns":2},{"damage":11,"enemies":"Gremlin Nob","floor":8,"turns":5},{"damage":10,"enemies":"Lagavulin","floor":10,"turns":5},{"damage":0,"enemies":"Replay:BlueRogue","floor":12,"turns":5},{"damage":3,"enemies":"Exordium Thugs","floor":13,"turns":6},{"damage":0,"enemies":"Lots of Slimes","floor":14,"turns":3},{"damage":18,"enemies":"Fading Forest","floor":16,"turns":11},{"damage":0,"enemies":"Shell Parasite","floor":18,"turns":3},{"damage":0,"enemies":"Spheric Guardian","floor":21,"turns":3},{"damage":0,"enemies":"Centurion and Healer","floor":22,"turns":6},{"damage":0,"enemies":"Replay:Snechameleon","floor":23,"turns":6},{"damage":18,"enemies":"Book of Stabbing","floor":25,"turns":4},{"damage":0,"enemies":"Snake Plant","floor":27,"turns":1},{"damage":0,"enemies":"Nightmare","floor":28,"turns":6},{"damage":0,"enemies":"Snecko","floor":30,"turns":3},{"damage":0,"enemies":"Pondfish","floor":33,"turns":9},{"damage":0,"enemies":"3 Shapes","floor":35,"turns":1},{"damage":0,"enemies":"3 Darklings","floor":36,"turns":4},{"damage":0,"enemies":"Orin","floor":37,"turns":12},{"damage":0,"enemies":"Spire Growth","floor":41,"turns":3},{"damage":0,"enemies":"Jaw Worm Horde","floor":45,"turns":1},{"damage":0,"enemies":"R_Hoarder","floor":48,"turns":6},{"damage":13,"enemies":"Replay:Hell Engine","floor":50,"turns":10}],"seed_played":"5536054311814769384","potions_obtained":[{"floor":1,"key":"GamblersBrew"},{"floor":2,"key":"Doom Potion"},{"floor":8,"key":"Strength Potion"},{"floor":12,"key":"SpeedPotion"},{"floor":13,"key":"ColorlessPotion"},{"floor":14,"key":"AttackPotion"},{"floor":18,"key":"FearPotion"},{"floor":23,"key":"hermit:Tonic"},{"floor":25,"key":"Adrenaline Potion"},{"floor":36,"key":"EntropicBrew"},{"floor":48,"key":"Fire Potion"}],"is_trial":false,"path_per_floor":["?","?","T","?","T","E","?","E","T","E","?","E","?","?","T","B",null,"?","T","?","?","?","E","T","E","T","?","NM","AVR","?","?","T","B",null,"?","?","?","?","AVR","T","?","T","T","T","?","T","T","E","T","B",null],"character_chosen":"HERMIT","items_purchased":["hermit:RoundhouseKick+1","hermit:Midnight+1","Divine Protection","FossilizedHelix","DollysMirror"],"campfire_rested":0,"item_purchase_floors":[5,19,19,46,46],"current_hp_per_floor":[75,75,75,75,75,75,75,64,64,54,59,59,56,56,56,52,80,80,80,80,80,80,80,80,69,69,69,69,69,69,69,69,69,87,87,87,87,87,87,87,87,87,87,87,87,87,87,87,87,74],"gold":562,"neow_bonus":"BOSS_RELIC","is_daily":false,"chose_seed":false,"campfire_upgraded":6,"win_rate":0.0,"timestamp":1608561307,"path_taken":["?","?","?","?","T","E","?","E","T","E","?","E","?","?","T","BOSS","?","?","?","?","?","E","T","E","T","?","NM","AVR","?","?","T","BOSS","?","?","?","?","AVR","T","?","T","T","T","?","T","T","E","T","BOSS"],"items_purchased_type":["Card","Card","Relic","Relic","Relic"],"build_version":"2020-12-13","purchased_purges":4,"victory":true,"max_hp_per_floor":[75,75,75,75,75,75,75,75,75,75,80,80,80,80,80,80,80,80,80,80,80,80,80,80,87,87,87,87,87,87,87,87,87,87,87,87,87,87,87,87,87,87,87,87,87,87,87,87,87,87],"card_choices":[{"not_picked":["hermit:HighCaliber","hermit:Vantage"],"picked":"hermit:Scavenge","floor":1},{"not_picked":["hermit:Gestalt","hermit:Quickdraw"],"picked":"hermit:Headshot","floor":2},{"not_picked":["hermit:TrackingShot","hermit:BigShot","hermit:Glare"],"picked":"SKIP","floor":6},{"not_picked":["hermit:Shortfuse","hermit:DeadMansHand"],"picked":"hermit:Scavenge","floor":7},{"not_picked":["hermit:Feint","hermit:Grudge","hermit:Misfire"],"picked":"SKIP","floor":8},{"not_picked":["hermit:Quickdraw","hermit:Headshot"],"picked":"hermit:GhostlyPresence","floor":10},{"not_picked":["hermit:Shortfuse","hermit:Feint","hermit:HighCaliber"],"picked":"SKIP","floor":12},{"not_picked":["hermit:Shortfuse","hermit:Feint","hermit:HighCaliber"],"picked":"SKIP","floor":12},{"not_picked":["hermit:ItchyTrigger","hermit:Horror","hermit:BigShot"],"picked":"SKIP","floor":13},{"not_picked":["hermit:HoleUp","hermit:Dive","hermit:Brawl"],"picked":"SKIP","floor":14},{"not_picked":["hermit:Glare","hermit:WideOpen","hermit:DeadMansHand"],"picked":"hermit:CalledShot+1","floor":18},{"not_picked":["hermit:Vantage","hermit:CalledShot+1","hermit:SprayPray"],"picked":"hermit:Scavenge","floor":21},{"not_picked":["hermit:Desperado","hermit:Vantage","hermit:Maintenance"],"picked":"hermit:WideOpen","floor":22},{"not_picked":["hermit:Gambit","hermit:CalledShot+1","hermit:Desperado"],"picked":"hermit:Headshot","floor":23},{"not_picked":["hermit:Spite+1","hermit:FinalCanter","hermit:FullyLoaded"],"picked":"hermit:BodyArmor","floor":25},{"not_picked":["hermit:Cheat","hermit:Snipe+1","hermit:Feint"],"picked":"hermit:Midnight+1","floor":27},{"not_picked":["hermit:LuckOfTheDraw","hermit:HoleUp","hermit:Quickdraw"],"picked":"hermit:Roughhouse","floor":28},{"not_picked":["hermit:ItchyTrigger"],"picked":"hermit:Vantage","floor":30},{"not_picked":["hermit:OverwhelmingPower"],"picked":"hermit:HighNoon","floor":33},{"not_picked":["hermit:Roulette"],"picked":"hermit:TrackingShot+1","floor":35},{"not_picked":["hermit:Cheat"],"picked":"hermit:Horror+1","floor":36},{"not_picked":["hermit:BodyArmor+1"],"picked":"hermit:LuckOfTheDraw+1","floor":37},{"not_picked":["hermit:LowProfile+1"],"picked":"hermit:HighCaliber+1","floor":41},{"not_picked":["hermit:Glare"],"picked":"hermit:TakeAim+1","floor":45},{"not_picked":["hermit:Desperado"],"picked":"hermit:Glare+1","floor":48}],"player_experience":214222,"relics_obtained":[{"floor":3,"key":"hermit:RyeStalk"},{"floor":6,"key":"Blue Doll"},{"floor":8,"key":"ReplayTheSpireMod:TigerMarble"},{"floor":9,"key":"Oddly Smooth Stone"},{"floor":10,"key":"Replay:PocketPolymizer"},{"floor":12,"key":"Bag of Marbles"},{"floor":15,"key":"Pen Nib"},{"floor":23,"key":"Counterbalance"},{"floor":25,"key":"Strawberry"},{"floor":26,"key":"Nunchaku"},{"floor":28,"key":"infinitespire:Midas Blood"},{"floor":37,"key":"CatCart"},{"floor":43,"key":"Dream Catcher"},{"floor":48,"key":"Prayer Wheel"},{"floor":49,"key":"Mummified Hand"}],"event_choices":[{"damage_healed":0,"gold_gain":0,"player_choice":"Donut","damage_taken":0,"max_hp_gain":5,"max_hp_loss":0,"event_name":"Big Fish","floor":11,"gold_loss":0},{"damage_healed":0,"gold_gain":0,"player_choice":"1 cards matched","damage_taken":0,"max_hp_gain":0,"max_hp_loss":0,"event_name":"Match and Keep!","floor":20,"gold_loss":0,"cards_obtained":["Jack Of All Trades"]},{"damage_healed":0,"gold_gain":0,"player_choice":"Ignored","damage_taken":0,"max_hp_gain":0,"max_hp_loss":0,"event_name":"Vampires","floor":31,"gold_loss":0},{"damage_healed":0,"gold_gain":0,"player_choice":"Fight","damage_taken":0,"max_hp_gain":0,"max_hp_loss":0,"event_name":"OrinTheCat","floor":37,"gold_loss":0},{"damage_healed":0,"gold_gain":0,"player_choice":"Ignored","damage_taken":0,"max_hp_gain":0,"max_hp_loss":0,"event_name":"Tomb of Lord Red Mask","floor":38,"gold_loss":0}],"is_beta":false,"boss_relics":[{"not_picked":["SlaversCollar","ChewingGum"],"picked":"Honey Jar"},{"not_picked":["hermit:BartenderGlass","Runic Dome"],"picked":"Empty Cage"}],"items_purged_floors":[5,29,39,46],"is_endless":false,"potions_floor_spawned":[1,2,8,12,13,14,18,23,25,36,48],"ascension_level":1}}