{"host":"ljnkpwbnfujn5lym","time":1608593971,"event":{"mods":["Bard","BaseMod","Better Note","Colored Map","Colored Powertips","Exacting","Googly Eyes","Highlight Path","Infinite Spire","Minty Spire (QoL Compilation)","Permanent Neow","Quick Restart","Relic Sorter","Relic Stats","Replay The Spire","StSLib","The IronCluck","slay the spire mod where everything is the same but ironclad has a cowboy hat"],"gold_per_floor":[111,159,84,31,31,31,31],"floor_reached":6,"playtime":159,"items_purged":[],"score":59,"play_id":"49d3216a-7c82-481a-bef4-656cc759dcb8","local_time":"20201221173931","is_ascension_mode":true,"campfire_choices":[],"circlet_count":0,"master_deck":["AscendersBane","Strike_G","Strike_G","Strike_G","Strike_G","Defend_G","Defend_G","Defend_G","Defend_G","Defend_G","Survivor","Neutralize","infinitespire:Neurotoxin","Slice","Dagger Spray"],"relics":["Ring of the Snake","ReplayTheSpireMod:Lightbulb","Golden Idol"],"acts_visited":["Exordium"],"potions_floor_usage":[6],"damage_taken":[{"damage":6,"enemies":"Cultist","floor":1,"turns":5},{"damage":25,"enemies":"Lagavulin","floor":6,"turns":9}],"seed_played":"-6788126631451181243","potions_obtained":[{"floor":1,"key":"Block Potion"}],"is_trial":false,"path_per_floor":["M","T","?","$","?","E"],"character_chosen":"THE_SILENT","items_purchased":["Dagger Spray"],"campfire_rested":0,"item_purchase_floors":[4],"current_hp_per_floor":[53,53,53,53,53,28,28],"gold":31,"neow_bonus":"ONE_RANDOM_RARE_CARD","is_daily":false,"chose_seed":false,"campfire_upgraded":0,"win_rate":0.0,"timestamp":1608593971,"path_taken":["M","?","?","$","?","E"],"items_purchased_type":["Card"],"build_version":"2020-12-13","purchased_purges":0,"victory":false,"max_hp_per_floor":[66,66,66,66,60,60,60],"relic_stats":{"counters":[2,14],"Golden Idol":0,"obtain_stats":[{"Golden Idol":5,"ReplayTheSpireMod:Lightbulb":2,"Ring of the Snake":0},{"Golden Idol":1,"ReplayTheSpireMod:Lightbulb":1,"Ring of the Snake":0},{"Golden Idol":5,"ReplayTheSpireMod:Lightbulb":5,"Ring of the Snake":0}],"Ring of the Snake":[4]},"card_choices":[{"not_picked":["Underhanded Strike","Bane"],"picked":"Slice","floor":1}],"player_experience":623175,"relics_obtained":[{"floor":2,"key":"ReplayTheSpireMod:Lightbulb"}],"event_choices":[{"cards_removed":["Strike_G"],"damage_healed":0,"gold_gain":0,"player_choice":"Card Removal","damage_taken":0,"max_hp_gain":0,"max_hp_loss":0,"event_name":"The Cleric","floor":3,"gold_loss":75},{"damage_healed":0,"gold_gain":0,"player_choice":"Lose Max HP","damage_taken":0,"relics_obtained":["Golden Idol"],"max_hp_gain":0,"max_hp_loss":6,"event_name":"Golden Idol","floor":5,"gold_loss":0}],"is_beta":false,"boss_relics":[],"items_purged_floors":[],"is_endless":false,"potions_floor_spawned":[1],"killed_by":"Lagavulin","ascension_level":17}}