{"host":"qm4rv4rkpk76sbxu","time":1608509900,"event":{"mods":["BaseMod","Bestiary","Block Reminder","DeckTracker","Filter the Spire","Keyboard Shortcuts","Minty Spire (QoL Compilation)","MonsterHotkey","Potion Indicator Mod","Quick Restart","Random Character Button","Relic Stats","Slay-I","StSLib","ojb\u0027s Better Paths Mod"],"gold_per_floor":[117,130,130,11,21,55,55,71,140,165,165,194,194,207,207,284,284,301,301,312,322,322,348,348,348,348],"floor_reached":25,"playtime":996,"items_purged":["Strike_B"],"score":482,"play_id":"f6a97d97-e87b-41d9-9309-e93fda61e0f4","local_time":"20201221011820","is_ascension_mode":true,"campfire_choices":[{"data":"Zap","floor":7.0,"key":"SMITH"},{"data":"Loop","floor":11.0,"key":"SMITH"},{"floor":13.0,"key":"REST"},{"data":"Dualcast","floor":15.0,"key":"SMITH"},{"floor":24.0,"key":"REST"}],"circlet_count":0,"master_deck":["AscendersBane","Defend_B","Defend_B","Defend_B","Defend_B","Zap+1","Dualcast+1","Cold Snap","Ball Lightning","Loop+1","Beam Cell","Cold Snap","Electrodynamics","Conserve Battery","Aggregate","Static Discharge","Electrodynamics","Auto Shields+1","Echo Form","Cold Snap","Go for the Eyes","BootSequence"],"relics":["Cracked Core","NeowsBlessing","StoneCalendar","Pear","Nunchaku","Blue Candle","Fusion Hammer","Kunai"],"acts_visited":["Exordium","TheCity"],"potions_floor_usage":[25],"damage_taken":[{"damage":0.0,"enemies":"Jaw Worm","floor":1.0,"turns":1.0},{"damage":0.0,"enemies":"Small Slimes","floor":2.0,"turns":1.0},{"damage":0.0,"enemies":"2 Louse","floor":5.0,"turns":1.0},{"damage":13.0,"enemies":"Lagavulin","floor":6.0,"turns":5.0},{"damage":11.0,"enemies":"Red Slaver","floor":8.0,"turns":4.0},{"damage":11.0,"enemies":"3 Sentries","floor":10.0,"turns":5.0},{"damage":27.0,"enemies":"Gremlin Nob","floor":12.0,"turns":4.0},{"damage":0.0,"enemies":"2 Fungi Beasts","floor":14.0,"turns":2.0},{"damage":9.0,"enemies":"The Guardian","floor":16.0,"turns":7.0},{"damage":12.0,"enemies":"Chosen","floor":18.0,"turns":5.0},{"damage":0.0,"enemies":"3 Byrds","floor":20.0,"turns":3.0},{"damage":57.0,"enemies":"Shelled Parasite and Fungi","floor":21.0,"turns":5.0},{"damage":1.0,"enemies":"Gremlin Leader","floor":23.0,"turns":6.0},{"damage":36,"enemies":"Book of Stabbing","floor":25,"turns":5}],"seed_played":"5688997323938435748","potions_obtained":[{"floor":1.0,"key":"FocusPotion"},{"floor":10.0,"key":"LiquidBronze"},{"floor":12.0,"key":"Regen Potion"},{"floor":16.0,"key":"AttackPotion"},{"floor":20.0,"key":"SpeedPotion"},{"floor":23.0,"key":"EssenceOfSteel"}],"is_trial":false,"path_per_floor":["M","M","?","$","M","E","R","M","T","E","R","E","R","M","R","B",null,"M","?","M","M","?","E","R","E"],"character_chosen":"DEFECT","items_purchased":["Loop"],"campfire_rested":2,"item_purchase_floors":[4],"current_hp_per_floor":[64,64,57,57,57,44,44,33,43,32,32,5,29,29,29,20,66,54,54,54,11,11,10,34,0,0],"gold":348,"neow_bonus":"THREE_ENEMY_KILL","is_daily":false,"chose_seed":false,"campfire_upgraded":3,"win_rate":0.0,"timestamp":1608509900,"path_taken":["M","M","?","$","M","E","R","M","T","E","R","E","R","M","R","BOSS","M","?","M","M","?","E","R","E"],"items_purchased_type":["Card"],"build_version":"2020-12-13","purchased_purges":1,"victory":false,"max_hp_per_floor":[71,71,71,71,71,71,71,71,81,81,81,81,81,81,81,81,81,81,81,81,81,81,81,81,81,81],"relic_stats":{"Nunchaku":[4],"counters":[14,53],"Blue Candle":[0],"StoneCalendar":[45],"Kunai":[1],"obtain_stats":[{"Nunchaku":10,"Pear":9,"NeowsBlessing":0,"Blue Candle":12,"StoneCalendar":6,"Fusion Hammer":17,"Kunai":23,"Cracked Core":0},{"Nunchaku":6,"Pear":5,"NeowsBlessing":0,"Blue Candle":7,"StoneCalendar":4,"Fusion Hammer":9,"Kunai":13,"Cracked Core":0},{"Nunchaku":17,"Pear":12,"NeowsBlessing":0,"Blue Candle":21,"StoneCalendar":8,"Fusion Hammer":30,"Kunai":48,"Cracked Core":0}]},"card_choices":[{"not_picked":["White Noise","Beam Cell"],"picked":"Cold Snap","floor":1.0},{"not_picked":["Rebound","Barrage"],"picked":"Ball Lightning","floor":2.0},{"not_picked":["Streamline","Turbo"],"picked":"Beam Cell","floor":5.0},{"not_picked":["Leap","Force Field"],"picked":"Cold Snap","floor":6.0},{"not_picked":["Double Energy","Rebound"],"picked":"Electrodynamics","floor":8.0},{"not_picked":["Compile Driver","Rebound"],"picked":"Conserve Battery","floor":10.0},{"not_picked":["Steam","Conserve Battery"],"picked":"Aggregate","floor":12.0},{"not_picked":["Darkness","Hologram"],"picked":"Static Discharge","floor":14.0},{"not_picked":["Fission","Rainbow"],"picked":"Electrodynamics","floor":16.0},{"not_picked":["Streamline","Capacitor"],"picked":"Auto Shields+1","floor":18.0},{"not_picked":["Streamline+1","Gash"],"picked":"Cold Snap","floor":20.0},{"not_picked":["Beam Cell","Meteor Strike"],"picked":"Go for the Eyes","floor":21.0},{"not_picked":["Loop","Beam Cell+1"],"picked":"BootSequence","floor":23.0}],"player_experience":1082924,"relics_obtained":[{"floor":6.0,"key":"StoneCalendar"},{"floor":9.0,"key":"Pear"},{"floor":10.0,"key":"Nunchaku"},{"floor":12.0,"key":"Blue Candle"},{"floor":23.0,"key":"Kunai"}],"event_choices":[{"cards_removed":["Strike_B"],"damage_healed":0.0,"max_hp_gain":0.0,"max_hp_loss":0.0,"gold_gain":0.0,"event_name":"Golden Wing","player_choice":"Card Removal","floor":3.0,"gold_loss":0.0,"damage_taken":7.0},{"damage_healed":0.0,"max_hp_gain":0.0,"max_hp_loss":0.0,"gold_gain":0.0,"cards_transformed":["Strike_B","Strike_B"],"event_name":"Drug Dealer","player_choice":"Became Test Subject","floor":19.0,"gold_loss":0.0,"damage_taken":0.0,"cards_obtained":["Echo Form","Gash"]},{"cards_removed":["Gash"],"damage_healed":0.0,"max_hp_gain":0.0,"max_hp_loss":0.0,"gold_gain":0.0,"event_name":"Purifier","player_choice":"Purged","floor":22.0,"gold_loss":0.0,"damage_taken":0.0}],"is_beta":false,"boss_relics":[{"not_picked":["Tiny House","Empty Cage"],"picked":"Fusion Hammer"}],"items_purged_floors":[4],"is_endless":false,"potions_floor_spawned":[1,10,12,16,20,23],"killed_by":"Book of Stabbing","ascension_level":20}}