{"host":"q6rs3in4l29iepap","time":1608578277,"event":{"mods":["Aspiration","BaseMod","Colored Map","Downfall","Hermit","Hubris","Infinite Spire","Jorbs\u0027s Wanderer Trilogy","Minty Spire (QoL Compilation)","Replay The Spire","Shade Mod","StSLib","The Construct","The Cursed","The Servant 0.9.4"],"gold_per_floor":[99,99,24,24,24,57,57,386,399,399,410,62,62,62,73,177,177,177,177,177,177,177,196,269,269,62,62,62,62],"floor_reached":27,"playtime":2762,"items_purged":[],"score":263,"play_id":"39fbc1eb-f3ba-44a4-ac3e-283c448ac0ce","local_time":"20201221111757","is_ascension_mode":false,"campfire_choices":[{"floor":1,"key":"RECALL"},{"data":"champ:GutPunch","floor":3,"key":"SMITH"},{"floor":10,"key":"REST"},{"data":"expansioncontent:CaCaw","floor":18,"key":"SMITH"},{"data":"champ:FocusedBerserking","floor":20,"key":"SMITH"},{"data":"Secret Weapon","floor":22,"key":"SMITH"}],"circlet_count":0,"master_deck":["champ:Strike","champ:Strike","champ:Strike","champ:Strike","champ:Defend","champ:Defend","champ:Defend","champ:Defend","champ:Execute+1","champ:GutPunch+1","Neutralize","champ:Encircle","champ:EndlessRage","champ:FocusedBerserking+1","champ:Duel","champ:DeathBlow","champ:PerfectedStrike","champ:Backstep","Secret Weapon+1","expansioncontent:SlimeTackle","expansioncontent:CaCaw+1","champ:AdrenalArmor","champ:SwordThrow","Ghostly","Ghostly","Ghostly","Ghostly","Ghostly","champ:TornadoPunch+1","Writhe","champ:Haymaker","champ:Devastate","champ:CrookedStrike"],"relics":["champ:ChampionCrown","downfall:HeartsMalice","downfall:HeartBlessingRed","hubris:Potato","hubris:BottledRain","Old Coin","Juzu Bracelet","ReplayTheSpireMod:ShopPack","downfall:BrokenWingStatue","aspiration:PoetsPen_weak","Quantum Egg","ReplayTheSpireMod:Shallot"],"acts_visited":["Exordium","TheCity"],"potions_floor_usage":[16,26],"damage_taken":[{"damage":0,"enemies":"Cultist","floor":2,"turns":1},{"damage":0,"enemies":"2 Louse","floor":5,"turns":1},{"damage":0,"enemies":"Gremlin Nob","floor":6,"turns":1},{"damage":35,"enemies":"3 Sentries","floor":8,"turns":7},{"damage":11,"enemies":"Jaw Worm","floor":9,"turns":2},{"damage":0,"enemies":"2 Fungi Beasts","floor":11,"turns":2},{"damage":0,"enemies":"downfall:FleeingMerchant","floor":12,"turns":4},{"damage":0,"enemies":"Large Slime","floor":15,"turns":5},{"damage":72,"enemies":"downfall:Ironclad","floor":16,"turns":7},{"damage":3,"enemies":"Shell Parasite","floor":23,"turns":3},{"damage":0,"enemies":"downfall:FleeingMerchant","floor":26,"turns":4},{"damage":57,"enemies":"Gremlin Leader","floor":27,"turns":6}],"seed_played":"-3450393783983286078","potions_obtained":[{"floor":6,"key":"ColorlessPotion"},{"floor":9,"key":"Fire Potion"},{"floor":16,"key":"Doom Potion"},{"floor":23,"key":"Dexterity Potion"}],"is_trial":false,"path_per_floor":["R_BF","M","R","?","M","E","T","E","M","R","M","$","?","?","M","B",null,"R","?","R","?","R","M","T","?","$","E"],"character_chosen":"THE_CHAMP","items_purchased":["Juzu Bracelet","ReplayTheSpireMod:ShopPack","champ:Backstep","champ:Devastate","champ:CrookedStrike"],"campfire_rested":1,"item_purchase_floors":[12,12,12,26,26],"current_hp_per_floor":[90,90,90,90,90,90,90,66,60,87,89,90,90,90,90,43,90,90,45,45,45,45,45,45,45,45,0,0,0],"gold":62,"neow_bonus":"THREE_ENEMY_KILL","is_daily":false,"chose_seed":false,"campfire_upgraded":4,"win_rate":0.0,"timestamp":1608578277,"path_taken":["R_BF","M","R","?","M","E","T","E","?","R","M","$","?","?","M","BOSS","R","?","R","?","R","M","T","?","?","E"],"items_purchased_type":["Relic","Relic","Card","Card","Card"],"build_version":"2020-12-13","purchased_purges":0,"victory":false,"max_hp_per_floor":[90,90,90,90,90,90,90,90,90,90,90,90,90,90,90,90,90,90,45,45,45,45,45,45,45,45,45,45,45],"card_choices":[{"not_picked":["champ:FaceSlap","champ:FocusedDefense"],"picked":"champ:GutPunch","floor":2},{"not_picked":["champ:EnragedBash","champ:TornadoPunch"],"picked":"champ:Encircle","floor":5},{"not_picked":["champ:Circumvent","champ:FlashCut"],"picked":"champ:EndlessRage","floor":6},{"not_picked":["champ:FocusedGladiator","champ:Circumvent"],"picked":"champ:FocusedBerserking","floor":8},{"not_picked":["champ:EnGarde","champ:TornadoPunch"],"picked":"champ:Duel","floor":9},{"not_picked":["champ:FocusedBerserking","champ:BerserkersShout"],"picked":"champ:DeathBlow","floor":11},{"not_picked":["champ:GladiatorsShout","champ:StrikeOfGenius"],"picked":"champ:PerfectedStrike","floor":12},{"not_picked":["Chrysalis","HandOfGreed"],"picked":"Secret Weapon","floor":12},{"not_picked":["Impatience","PanicButton"],"picked":"expansioncontent:SlimeTackle","floor":12},{"not_picked":["Poisoned Strike","Purity"],"picked":"expansioncontent:CaCaw","floor":12},{"not_picked":["champ:Haymaker","champ:RapidStrikes"],"picked":"champ:AdrenalArmor","floor":15},{"not_picked":["champ:SteelEdge","champ:ShieldSlam"],"picked":"champ:SwordThrow","floor":16},{"not_picked":["champ:BringItOn","champ:BerserkersShout"],"picked":"champ:TornadoPunch+1","floor":23},{"not_picked":["champ:PreciseThrust","champ:EnGarde"],"picked":"champ:Haymaker","floor":26}],"player_experience":59526,"relics_obtained":[{"floor":6,"key":"hubris:Potato"},{"floor":7,"key":"hubris:BottledRain"},{"floor":8,"key":"Old Coin"},{"floor":24,"key":"Quantum Egg"}],"event_choices":[{"cards_removed":["champ:Taunt"],"damage_healed":0,"gold_gain":0,"player_choice":"Took Card","damage_taken":0,"max_hp_gain":0,"max_hp_loss":0,"event_name":"NoteForYourself","floor":4,"gold_loss":0,"cards_obtained":["Neutralize"]},{"damage_healed":0,"gold_gain":0,"player_choice":"Became a Ghost","damage_taken":0,"max_hp_gain":0,"max_hp_loss":45,"event_name":"Ghosts","floor":19,"gold_loss":0,"cards_obtained":["Ghostly","Ghostly","Ghostly","Ghostly","Ghostly"]}],"is_beta":false,"boss_relics":[{"not_picked":["Philosopher\u0027s Stone","Velvet Choker"],"picked":"aspiration:PoetsPen_weak"}],"items_purged_floors":[],"is_endless":false,"potions_floor_spawned":[6,9,16,23],"killed_by":"Gremlin Leader","ascension_level":0}}