{"host":"7l2t4psy44vpcd9q","time":1608576150,"event":{"mods":["AchievementEnabler","BaseMod","DeckTracker","Minty Spire (QoL Compilation)","SuperFastMode"],"gold_per_floor":[112,130,157,168,182,214,214,226,249,249,283,130,139,173,173,260,287,306,356,384,354,373,373,129,129,129,84,108,131,150,178,178,262,262,290,624,678,86,105,105,144,153,153,153,172,199,67,100,100,100],"floor_reached":51,"playtime":3306,"items_purged":["Strike_B","Strike_B"],"score":1444,"play_id":"c3886767-2747-41af-b86b-6fde94945f90","local_time":"20201222034230","is_ascension_mode":true,"campfire_choices":[{"data":"Zap","floor":7.0,"key":"SMITH"},{"floor":13.0,"key":"REST"},{"data":"Coolheaded","floor":15.0,"key":"SMITH"},{"floor":23.0,"key":"REST"},{"data":"Defragment","floor":25.0,"key":"SMITH"},{"floor":32.0,"key":"REST"},{"data":"Apotheosis","floor":40.0,"key":"SMITH"},{"floor":42.0,"key":"REST"},{"floor":44.0,"key":"REST"},{"data":"Capacitor","floor":49.0,"key":"SMITH"}],"circlet_count":0,"master_deck":["AscendersBane","Defend_B+1","Defend_B","Zap+1","Dualcast","Go for the Eyes","Ball Lightning","FTL+1","Ball Lightning","Cold Snap+1","Undo","Coolheaded+1","Defragment+1","Leap","Blizzard","Reboot","Creative AI+1","Conserve Battery+1","Blizzard+1","Coolheaded","Go for the Eyes+1","Capacitor+1","Hologram","Coolheaded","Leap","Seek+1","Stack","Core Surge","Barrage","Cold Snap+1","Apotheosis+1","Force Field","Turbo","Heatsinks+1","Hologram+1","Blizzard+1","Aggregate"],"relics":["Cracked Core","Orichalcum","Dream Catcher","Whetstone","CeramicFish","Matryoshka","Astrolabe","MealTicket","Vajra","Bronze Scales","Sozu","Old Coin","Pen Nib","War Paint","Bag of Marbles","Lantern","Oddly Smooth Stone","Darkstone Periapt","Art of War"],"acts_visited":["Exordium","TheCity","TheBeyond"],"potions_floor_usage":[],"damage_taken":[{"damage":0.0,"enemies":"Cultist","floor":1.0,"turns":3.0},{"damage":2.0,"enemies":"Small Slimes","floor":2.0,"turns":3.0},{"damage":0.0,"enemies":"2 Louse","floor":4.0,"turns":2.0},{"damage":5.0,"enemies":"Red Slaver","floor":5.0,"turns":2.0},{"damage":6.0,"enemies":"3 Sentries","floor":6.0,"turns":6.0},{"damage":11.0,"enemies":"Lots of Slimes","floor":8.0,"turns":3.0},{"damage":2.0,"enemies":"Lagavulin","floor":11.0,"turns":4.0},{"damage":7.0,"enemies":"3 Sentries","floor":14.0,"turns":7.0},{"damage":26.0,"enemies":"The Guardian","floor":16.0,"turns":11.0},{"damage":13.0,"enemies":"2 Thieves","floor":18.0,"turns":5.0},{"damage":15.0,"enemies":"Shell Parasite","floor":20.0,"turns":7.0},{"damage":5.0,"enemies":"Centurion and Healer","floor":22.0,"turns":7.0},{"damage":15.0,"enemies":"3 Cultists","floor":28.0,"turns":5.0},{"damage":11.0,"enemies":"Shelled Parasite and Fungi","floor":29.0,"turns":6.0},{"damage":13.0,"enemies":"Snecko","floor":30.0,"turns":6.0},{"damage":15.0,"enemies":"Sentry and Sphere","floor":31.0,"turns":7.0},{"damage":5.0,"enemies":"Champ","floor":33.0,"turns":14.0},{"damage":36.0,"enemies":"3 Shapes","floor":35.0,"turns":4.0},{"damage":0.0,"enemies":"Mind Bloom Boss Battle","floor":36.0,"turns":7.0},{"damage":0.0,"enemies":"Orb Walker","floor":39.0,"turns":3.0},{"damage":32.0,"enemies":"Reptomancer","floor":41.0,"turns":8.0},{"damage":0.0,"enemies":"Maw","floor":45.0,"turns":8.0},{"damage":0.0,"enemies":"4 Shapes","floor":46.0,"turns":10.0},{"damage":0.0,"enemies":"Giant Head","floor":48.0,"turns":7.0},{"damage":44,"enemies":"Awakened One","floor":50,"turns":17}],"seed_played":"-852021866076728871","potions_obtained":[{"floor":4.0,"key":"Dexterity Potion"},{"floor":8.0,"key":"ColorlessPotion"},{"floor":11.0,"key":"FocusPotion"},{"floor":14.0,"key":"Swift Potion"},{"floor":16.0,"key":"Energy Potion"},{"floor":21.0,"key":"Ancient Potion"},{"floor":21.0,"key":"Regen Potion"},{"floor":29.0,"key":"SteroidPotion"},{"floor":33.0,"key":"EntropicBrew"}],"is_trial":false,"path_per_floor":["M","M","T","M","M","E","R","M","T","?","E","$","R","E","R","B",null,"M","?","M","?","M","R","$","R","T","$","M","M","M","M","R","B",null,"M","?","T","$","M","R","E","R","T","R","M","M","$","E","R","B",null],"character_chosen":"DEFECT","items_purchased":["Defragment","MealTicket","Capacitor","Hologram","Bag of Marbles","Lantern","Apotheosis","Force Field","Aggregate"],"campfire_rested":5,"item_purchase_floors":[12,24,24,27,38,38,38,38,47],"current_hp_per_floor":[64,62,62,62,57,51,51,40,40,40,38,38,59,52,52,26,60,47,47,32,32,27,48,48,48,48,63,60,49,36,21,42,37,63,27,27,27,42,42,42,10,31,31,52,52,52,67,67,67,23],"gold":100,"neow_bonus":"TRANSFORM_CARD","is_daily":false,"chose_seed":false,"campfire_upgraded":5,"win_rate":0.0,"timestamp":1608576150,"path_taken":["M","?","?","M","M","E","R","M","T","?","E","$","R","E","R","BOSS","M","?","M","?","M","R","$","R","T","$","?","M","?","M","R","BOSS","M","?","?","$","M","R","E","R","T","R","?","M","$","E","R","BOSS"],"items_purchased_type":["Card","Relic","Card","Card","Relic","Relic","Card","Card","Card"],"build_version":"2020-12-13","purchased_purges":2,"victory":true,"max_hp_per_floor":[71,71,71,71,71,71,71,71,71,71,71,71,71,71,71,71,71,71,71,71,71,71,71,71,71,71,71,71,71,71,71,71,71,71,71,71,71,71,71,71,71,71,71,71,71,71,71,71,71,71],"card_choices":[{"not_picked":["Skim","Gash"],"picked":"Ball Lightning","floor":1.0},{"not_picked":["Static Discharge","Doom and Gloom"],"picked":"FTL","floor":2.0},{"not_picked":["Compile Driver","Fission"],"picked":"Ball Lightning","floor":4.0},{"not_picked":["Compile Driver","Gash"],"picked":"Cold Snap","floor":5.0},{"not_picked":["Reinforced Body","Gash"],"picked":"Undo","floor":6.0},{"not_picked":["Leap","Gash"],"picked":"Coolheaded","floor":8.0},{"not_picked":["Scrape","Doom and Gloom","All For One"],"picked":"SKIP","floor":11.0},{"not_picked":["Barrage","Doom and Gloom"],"picked":"Leap","floor":13.0},{"not_picked":["Streamline","Double Energy"],"picked":"Blizzard","floor":14.0},{"not_picked":["Creative AI","Amplify"],"picked":"Reboot","floor":16.0},{"not_picked":["Self Repair","Rebound"],"picked":"Coolheaded","floor":18.0},{"not_picked":["Sweeping Beam","Glacier"],"picked":"Go for the Eyes+1","floor":20.0},{"not_picked":["Beam Cell","Tempest","Hello World"],"picked":"SKIP","floor":22.0},{"not_picked":["Compile Driver+1","Gash"],"picked":"Coolheaded","floor":28.0},{"not_picked":["Gash","Self Repair"],"picked":"Leap","floor":29.0},{"not_picked":["Cold Snap","Sunder"],"picked":"Seek","floor":30.0},{"not_picked":["Redo","Darkness+1"],"picked":"Stack","floor":31.0},{"not_picked":["Fission","Biased Cognition"],"picked":"Core Surge","floor":33.0},{"not_picked":["Compile Driver","Blizzard"],"picked":"Barrage","floor":35.0},{"not_picked":["Sweeping Beam","Compile Driver"],"picked":"Cold Snap+1","floor":36.0},{"not_picked":["Streamline+1","Storm"],"picked":"Turbo","floor":39.0},{"not_picked":["Hologram","Barrage"],"picked":"Heatsinks+1","floor":41.0},{"not_picked":["Rip and Tear","Cold Snap"],"picked":"Hologram+1","floor":42.0},{"not_picked":["Echo Form","Cold Snap","Reinforced Body"],"picked":"SKIP","floor":45.0},{"not_picked":["Echo Form","Cold Snap","Reinforced Body"],"picked":"SKIP","floor":45.0},{"not_picked":["Ball Lightning+1","Redo"],"picked":"Blizzard+1","floor":46.0},{"not_picked":["Rebound","Blizzard","Beam Cell"],"picked":"SKIP","floor":48.0}],"player_experience":1122223,"relics_obtained":[{"floor":3.0,"key":"Orichalcum"},{"floor":6.0,"key":"Dream Catcher"},{"floor":9.0,"key":"Whetstone"},{"floor":11.0,"key":"CeramicFish"},{"floor":14.0,"key":"Matryoshka"},{"floor":26.0,"key":"Vajra"},{"floor":26.0,"key":"Bronze Scales"},{"floor":36.0,"key":"Old Coin"},{"floor":37.0,"key":"Pen Nib"},{"floor":37.0,"key":"War Paint"},{"floor":41.0,"key":"Oddly Smooth Stone"},{"floor":43.0,"key":"Darkstone Periapt"},{"floor":48.0,"key":"Art of War"}],"event_choices":[{"damage_healed":0.0,"max_hp_gain":0.0,"max_hp_loss":0.0,"gold_gain":0.0,"event_name":"Scrap Ooze","player_choice":"Fled","floor":10.0,"gold_loss":0.0,"damage_taken":0.0},{"damage_healed":0.0,"max_hp_gain":0.0,"max_hp_loss":0.0,"gold_gain":50.0,"event_name":"Nest","player_choice":"Stole From Cult","floor":19.0,"gold_loss":0.0,"damage_taken":0.0},{"damage_healed":0.0,"max_hp_gain":0.0,"max_hp_loss":0.0,"gold_gain":0.0,"event_name":"The Woman in Blue","player_choice":"Bought 2 Potions","floor":21.0,"gold_loss":0.0,"damage_taken":0.0},{"damage_healed":0.0,"max_hp_gain":0.0,"max_hp_loss":0.0,"gold_gain":0.0,"event_name":"MindBloom","player_choice":"Fight","floor":36.0,"gold_loss":0.0,"damage_taken":0.0}],"is_beta":false,"boss_relics":[{"not_picked":["Nuclear Battery","Tiny House"],"picked":"Astrolabe"},{"not_picked":["Velvet Choker","SlaversCollar"],"picked":"Sozu"}],"items_purged_floors":[12,47],"is_endless":false,"potions_floor_spawned":[4,8,11,14,16,29,30,33,35,36,45,48],"ascension_level":19}}