{"host":"2461dio7vetlq1z3","time":1608525138,"event":{"mods":["2.2 Compatiblity","AchievementEnabler","BaseMod","Better Third Choice","Hermit","Minty Spire (QoL Compilation)","Relic Stats","Spicy Shops","StSLib","Waifu the Spire"],"gold_per_floor":[112,132,151,97,109,123,123,123,123,123,140,165,165,196,196,270,270,225,225,59,74,74,74],"floor_reached":22,"playtime":761,"items_purged":[],"score":388,"play_id":"12a6b260-f2b0-4dea-b89c-ac1bc3c281ca","local_time":"20201221053218","is_ascension_mode":true,"campfire_choices":[{"data":"Static Discharge","floor":7,"key":"SMITH"},{"data":"Sweeping Beam","floor":10,"key":"SMITH"},{"floor":13,"key":"REST"},{"data":"Capacitor","floor":15,"key":"SMITH"}],"circlet_count":0,"master_deck":["AscendersBane","Defend_B","Defend_B","Defend_B","Defend_B","Zap","Dualcast","White Noise","Static Discharge+1","Sweeping Beam+1","Sunder","Glacier","Undo","Echo Form","Capacitor+1","Fission","Glacier","Bite","Bite","Bite","Bite","Bite","Echo Form"],"relics":["Sozu","Tiny Chest","Unceasing Top","Fusion Hammer","DollysMirror"],"acts_visited":["Exordium","TheCity"],"potions_floor_usage":[],"damage_taken":[{"damage":6,"enemies":"Cultist","floor":1,"turns":4},{"damage":7,"enemies":"2 Louse","floor":2,"turns":3},{"damage":2,"enemies":"Jaw Worm","floor":3,"turns":4},{"damage":6,"enemies":"Blue Slaver","floor":5,"turns":3},{"damage":4,"enemies":"2 Fungi Beasts","floor":6,"turns":3},{"damage":0,"enemies":"Exordium Wildlife","floor":11,"turns":3},{"damage":15,"enemies":"3 Sentries","floor":12,"turns":5},{"damage":2,"enemies":"Lagavulin","floor":14,"turns":6},{"damage":22,"enemies":"Hexaghost","floor":16,"turns":10},{"damage":28,"enemies":"2 Thieves","floor":18,"turns":5},{"damage":16,"enemies":"Spheric Guardian","floor":21,"turns":5},{"damage":46,"enemies":"Shelled Parasite and Fungi","floor":22,"turns":2}],"seed_played":"-3193356499686238991","potions_obtained":[],"is_trial":false,"path_per_floor":["M","M","M","?","M","M","R","?","T","R","M","E","R","E","R","B",null,"M","?","$","M","M"],"character_chosen":"DEFECT","items_purchased":["DollysMirror"],"campfire_rested":1,"item_purchase_floors":[20],"current_hp_per_floor":[58,51,49,49,43,39,39,39,39,39,39,24,45,43,43,21,59,31,31,31,27,0,0],"gold":74,"neow_bonus":"BOSS_RELIC","is_daily":false,"chose_seed":false,"campfire_upgraded":3,"win_rate":0.0,"timestamp":1608525138,"path_taken":["M","?","M","?","M","M","R","?","T","R","?","E","R","E","R","BOSS","M","?","$","M","M"],"items_purchased_type":["Relic"],"build_version":"2020-12-13","purchased_purges":0,"victory":false,"max_hp_per_floor":[71,71,71,71,71,71,71,71,71,71,71,71,71,71,71,71,71,71,49,49,49,49,49],"relic_stats":{"Sozu":5,"counters":[12,53],"Tiny Chest":0,"obtain_stats":[{"Sozu":0,"DollysMirror":20,"Tiny Chest":12,"Fusion Hammer":17,"Cracked Core":0,"Unceasing Top":14},{"Sozu":0,"DollysMirror":10,"Tiny Chest":7,"Fusion Hammer":9,"Cracked Core":0,"Unceasing Top":8},{"Sozu":0,"DollysMirror":46,"Tiny Chest":25,"Fusion Hammer":41,"Cracked Core":0,"Unceasing Top":31}],"Unceasing Top":[1]},"card_choices":[{"not_picked":["Chaos","Turbo"],"picked":"White Noise","floor":1},{"not_picked":["Rebound","Barrage"],"picked":"Static Discharge","floor":2},{"not_picked":["Double Energy","Go for the Eyes"],"picked":"Sweeping Beam","floor":3},{"not_picked":["Rebound","Barrage"],"picked":"Sunder","floor":5},{"not_picked":["Reinforced Body","Auto Shields"],"picked":"Glacier","floor":6},{"not_picked":["Go for the Eyes","Rebound"],"picked":"Undo","floor":11},{"not_picked":["Steam","Machine Learning"],"picked":"Echo Form","floor":12},{"not_picked":["Loop","Sweeping Beam"],"picked":"Capacitor","floor":14},{"not_picked":["Buffer","All For One"],"picked":"Fission","floor":16},{"not_picked":["White Noise","Rip and Tear+1"],"picked":"Glacier","floor":18},{"not_picked":["Redo","Lockon","Steam"],"picked":"SKIP","floor":21}],"player_experience":802466,"relics_obtained":[{"floor":12,"key":"Tiny Chest"},{"floor":14,"key":"Unceasing Top"}],"event_choices":[{"damage_healed":0,"gold_gain":0,"player_choice":"Left","damage_taken":0,"max_hp_gain":0,"max_hp_loss":0,"event_name":"betterThird:BetterGoop","floor":4,"gold_loss":54},{"cards_removed":["Strike_B"],"damage_healed":0,"gold_gain":0,"player_choice":"Purged","damage_taken":0,"max_hp_gain":0,"max_hp_loss":0,"event_name":"Purifier","floor":8,"gold_loss":0},{"damage_healed":0,"gold_gain":0,"player_choice":"Became a vampire","damage_taken":0,"max_hp_gain":0,"max_hp_loss":22,"event_name":"Vampires","floor":19,"gold_loss":0,"cards_obtained":["Bite","Bite","Bite","Bite","Bite"]}],"is_beta":false,"boss_relics":[{"not_picked":["Coffee Dripper","Calling Bell"],"picked":"Fusion Hammer"}],"items_purged_floors":[],"is_endless":false,"potions_floor_spawned":[1,2,6,16,21],"killed_by":"Shelled Parasite and Fungi","ascension_level":17}}