{"host":"zxkjcgzis4pm3za5","time":1608523043,"event":{"mods":["AchievementEnabler","BaseMod","Colored Map","Colored Powertips","Minty Spire (QoL Compilation)","Quick Restart","RNG Fix","Random Character Button","StSLib"],"gold_per_floor":[110,120,120,120,131,131,146,177,202,202,236,236,293,70,70,166,216,228,248,260,273,289,316,316,129,129,146,146,21,56,68,68,168,168,185,185,185,198,24,55,55,82,108,108,108,27,44,44,44,44,44,44,44,75,75],"floor_reached":56,"playtime":2623,"items_purged":["Strike_B","Strike_B","Strike_B"],"score":1939,"play_id":"e4a8016f-a72d-4a40-a718-84c53a03284a","local_time":"20201221092723","is_ascension_mode":true,"campfire_choices":[{"data":"Zap","floor":6,"key":"SMITH"},{"data":"Dualcast","floor":10,"key":"SMITH"},{"data":"Skim","floor":15,"key":"SMITH"},{"data":"Fusion","floor":24,"key":"SMITH"},{"data":"Hologram","floor":28,"key":"SMITH"},{"data":"Beam Cell","floor":32,"key":"SMITH"},{"floor":41,"key":"DIG"},{"floor":44,"key":"DIG"},{"floor":49,"key":"RECALL"},{"floor":52,"key":"DIG"}],"circlet_count":0,"master_deck":["Defend_B","Defend_B","Defend_B+1","Zap+1","Dualcast+1","Go for the Eyes","Gash","All For One","Leap","Skim+1","Melter","Rebound","Gash","All For One","Hologram+1","Beam Cell+1","Fusion+1","Self Repair+1","Flash of Steel","Conserve Battery+1","Undo+1","Echo Form","Apotheosis+1","Thinking Ahead+1","Finesse+1","Rip and Tear+1","Secret Technique+1","Flash of Steel","Gash","Stack+1"],"relics":["Cracked Core","Torii","Gremlin Horn","Shuriken","Pen Nib","Oddly Smooth Stone","FossilizedHelix","DollysMirror","Tiny House","Toxic Egg 2","Singing Bowl","Symbiotic Virus","Empty Cage","Shovel","Art of War","Nunchaku","Juzu Bracelet","Kunai","Strawberry"],"acts_visited":["Exordium","TheCity","TheBeyond","TheEnding"],"potions_floor_usage":[8,13,18,19,30,33,55,55,55],"damage_taken":[{"damage":0,"enemies":"Small Slimes","floor":1,"turns":3},{"damage":0,"enemies":"2 Louse","floor":2,"turns":2},{"damage":1,"enemies":"Jaw Worm","floor":5,"turns":3},{"damage":10,"enemies":"3 Louse","floor":7,"turns":3},{"damage":11,"enemies":"3 Sentries","floor":8,"turns":7},{"damage":11,"enemies":"Lagavulin","floor":11,"turns":4},{"damage":8,"enemies":"Gremlin Nob","floor":13,"turns":4},{"damage":0,"enemies":"Slime Boss","floor":16,"turns":5},{"damage":0,"enemies":"Spheric Guardian","floor":18,"turns":3},{"damage":4,"enemies":"3 Byrds","floor":19,"turns":4},{"damage":0,"enemies":"Centurion and Healer","floor":20,"turns":4},{"damage":0,"enemies":"Sentry and Sphere","floor":21,"turns":3},{"damage":26,"enemies":"Snake Plant","floor":22,"turns":3},{"damage":0,"enemies":"Gremlin Leader","floor":23,"turns":4},{"damage":0,"enemies":"Chosen and Byrds","floor":27,"turns":3},{"damage":0,"enemies":"Book of Stabbing","floor":30,"turns":4},{"damage":0,"enemies":"Sentry and Sphere","floor":31,"turns":3},{"damage":1,"enemies":"Collector","floor":33,"turns":5},{"damage":1,"enemies":"Orb Walker","floor":35,"turns":4},{"damage":39,"enemies":"3 Darklings","floor":38,"turns":4},{"damage":0,"enemies":"Nemesis","floor":40,"turns":5},{"damage":0,"enemies":"Reptomancer","floor":42,"turns":2},{"damage":0,"enemies":"Maw","floor":47,"turns":3},{"damage":0,"enemies":"Awakened One","floor":50,"turns":5},{"damage":30,"enemies":"Shield and Spear","floor":54,"turns":4},{"damage":52,"enemies":"The Heart","floor":55,"turns":10}],"seed_played":"-5258990687573094625","potions_obtained":[{"floor":1,"key":"DuplicationPotion"},{"floor":7,"key":"BlessingOfTheForge"},{"floor":16,"key":"SkillPotion"},{"floor":17,"key":"Explosive Potion"},{"floor":20,"key":"EssenceOfSteel"},{"floor":23,"key":"Swift Potion"},{"floor":30,"key":"EntropicBrew"},{"floor":31,"key":"Explosive Potion"},{"floor":40,"key":"Weak Potion"},{"floor":42,"key":"Swift Potion"}],"is_trial":false,"path_per_floor":["M","M","?","T","M","R","M","E","T","R","E","?","?","$","R","B",null,"M","M","M","M","M","E","R","$","T","M","R","$","E","M","R","B",null,"M","?","?","M","$","E","R","E","T","R","?","$","M","?","R","B",null,"R","$","E","B",null],"character_chosen":"DEFECT","items_purchased":["DollysMirror","Flash of Steel","Secret Technique+1","Flash of Steel"],"campfire_rested":0,"item_purchase_floors":[14,25,39,46],"current_hp_per_floor":[68,68,73,73,72,72,62,51,51,51,40,40,32,32,32,32,68,68,64,64,64,38,48,48,48,48,58,58,58,68,70,70,79,80,81,81,71,52,52,64,64,66,66,66,66,66,78,78,78,78,86,86,86,73,31],"gold":75,"neow_bonus":"ONE_RARE_RELIC","is_daily":false,"chose_seed":false,"campfire_upgraded":6,"win_rate":0.0,"timestamp":1608523043,"path_taken":["M","M","?","?","M","R","?","E","T","R","E","?","?","$","R","BOSS","M","M","M","?","M","E","R","$","T","M","R","?","E","M","R","BOSS","M","?","?","?","$","E","R","E","T","R","?","?","M","?","R","BOSS","R","$","E","BOSS"],"items_purchased_type":["Relic","Card","Card","Card"],"build_version":"2020-12-13","purchased_purges":3,"victory":true,"max_hp_per_floor":[68,68,73,73,73,73,73,73,73,73,73,73,73,73,73,73,78,78,78,78,78,78,78,78,78,78,78,78,78,78,80,80,80,80,82,82,82,82,82,84,84,86,86,86,86,86,88,88,88,88,88,88,88,95,95],"card_choices":[{"not_picked":["Turbo","BootSequence"],"picked":"Go for the Eyes","floor":1},{"not_picked":["Conserve Battery","Recycle"],"picked":"Gash","floor":2},{"not_picked":["Compile Driver","Coolheaded"],"picked":"All For One","floor":5},{"not_picked":["Redo","Rip and Tear"],"picked":"Leap","floor":7},{"not_picked":["Barrage","Go for the Eyes"],"picked":"Skim","floor":8},{"not_picked":["Conserve Battery","Defragment"],"picked":"Melter","floor":11},{"not_picked":["Cold Snap","Compile Driver"],"picked":"Rebound","floor":13},{"not_picked":["Creative AI","Multi-Cast"],"picked":"All For One","floor":16},{"not_picked":["Leap","Force Field"],"picked":"Hologram","floor":17},{"not_picked":["Barrage","Ball Lightning","Double Energy"],"picked":"SKIP","floor":18},{"not_picked":["Recycle","Streamline+1"],"picked":"Beam Cell","floor":19},{"not_picked":["Barrage","Storm"],"picked":"Fusion","floor":20},{"not_picked":["Leap","Turbo","Glacier"],"picked":"SKIP","floor":21},{"not_picked":["Darkness","Core Surge"],"picked":"Self Repair+1","floor":22},{"not_picked":["Coolheaded+1","Self Repair","Redo+1"],"picked":"SKIP","floor":23},{"not_picked":["Beam Cell+1","Cold Snap"],"picked":"Conserve Battery+1","floor":27},{"not_picked":["Multi-Cast+1","Force Field+1"],"picked":"Undo+1","floor":30},{"not_picked":["Coolheaded+1","Rebound","Leap+1"],"picked":"Singing Bowl","floor":31},{"not_picked":["Rainbow+1","Electrodynamics"],"picked":"Echo Form","floor":33},{"not_picked":["Ball Lightning","Barrage+1","Aggregate+1"],"picked":"Singing Bowl","floor":35},{"not_picked":["Impatience+1","Enlightenment+1"],"picked":"Apotheosis+1","floor":37},{"not_picked":["Magnetism","Swift Strike"],"picked":"Thinking Ahead+1","floor":37},{"not_picked":["Secret Weapon+1","Mayhem"],"picked":"Finesse+1","floor":37},{"not_picked":["Leap+1","Cold Snap"],"picked":"Rip and Tear+1","floor":38},{"not_picked":["Steam Power+1","Darkness+1","Capacitor"],"picked":"Singing Bowl","floor":40},{"not_picked":["Blizzard","Chaos+1","Conserve Battery+1"],"picked":"Singing Bowl","floor":42},{"not_picked":["Turbo+1","Force Field+1","Streamline+1"],"picked":"Singing Bowl","floor":47},{"not_picked":["Darkness+1","Ball Lightning"],"picked":"Stack+1","floor":54}],"player_experience":120386,"relics_obtained":[{"floor":4,"key":"Gremlin Horn"},{"floor":8,"key":"Shuriken"},{"floor":9,"key":"Pen Nib"},{"floor":11,"key":"Oddly Smooth Stone"},{"floor":13,"key":"FossilizedHelix"},{"floor":23,"key":"Toxic Egg 2"},{"floor":26,"key":"Singing Bowl"},{"floor":30,"key":"Symbiotic Virus"},{"floor":40,"key":"Shovel"},{"floor":41,"key":"Art of War"},{"floor":42,"key":"Nunchaku"},{"floor":44,"key":"Juzu Bracelet"},{"floor":52,"key":"Kunai"},{"floor":54,"key":"Strawberry"}],"event_choices":[{"damage_healed":0,"gold_gain":0,"player_choice":"Donut","damage_taken":0,"max_hp_gain":5,"max_hp_loss":0,"event_name":"Big Fish","floor":3,"gold_loss":0},{"damage_healed":0,"gold_gain":0,"player_choice":"Bought 0 Potions","damage_taken":0,"max_hp_gain":0,"max_hp_loss":0,"event_name":"The Woman in Blue","floor":12,"gold_loss":0},{"damage_healed":0,"gold_gain":0,"player_choice":"Searched \u00271\u0027 times","damage_taken":0,"max_hp_gain":0,"max_hp_loss":0,"event_name":"Dead Adventurer","floor":13,"gold_loss":0},{"damage_healed":0,"gold_gain":0,"player_choice":"Ignored","damage_taken":0,"max_hp_gain":0,"max_hp_loss":0,"event_name":"Tomb of Lord Red Mask","floor":36,"gold_loss":0},{"damage_healed":0,"gold_gain":0,"player_choice":"Memory 3","damage_taken":10,"max_hp_gain":0,"max_hp_loss":0,"event_name":"SensoryStone","floor":37,"gold_loss":0},{"damage_healed":0,"gold_gain":0,"player_choice":"Ignored","damage_taken":0,"max_hp_gain":0,"max_hp_loss":0,"event_name":"SecretPortal","floor":45,"gold_loss":0},{"damage_healed":0,"gold_gain":0,"player_choice":"Copied","damage_taken":0,"max_hp_gain":0,"max_hp_loss":0,"event_name":"Duplicator","floor":48,"gold_loss":0,"cards_obtained":["Gash"]}],"is_beta":false,"boss_relics":[{"not_picked":["FrozenCore","Runic Dome"],"picked":"Tiny House"},{"not_picked":["Philosopher\u0027s Stone","Pandora\u0027s Box"],"picked":"Empty Cage"}],"items_purged_floors":[14,25,29],"is_endless":false,"potions_floor_spawned":[1,7,16,20,23,30,31,40,42,47],"ascension_level":8}}