{"host":"uceopoba4zvqsgiy","time":1608580082,"event":{"mods":["Act Like it!","BaseMod","Better Skull","Better Third Choice","Elementarium","GifTheSpireLib","Hermit","Humility","Infinite Spire","Jorbs\u0027s Wanderer Trilogy","Marked Mod","Minty Spire (QoL Compilation)","Potionbrewer","Replay The Spire","Robot Space Explorer","Shade Mod","Spicy Shops","StSLib","Stuff the Spire","The Blue Laboratory","The Cursed","The Dragon Tamer","The Hierophant","The Judge","The Jungle","Wandering Minibosses"],"gold_per_floor":[118,118,132,102,32,59,59,59,59],"floor_reached":8,"playtime":268,"items_purged":[],"score":103,"play_id":"06921920-9389-4861-a3fe-6d70f5baebe3","local_time":"20201222061802","is_ascension_mode":true,"campfire_choices":[{"data":"Shade:CallWraith","floor":7,"key":"SMITH"}],"circlet_count":0,"master_deck":["Shade:Strike_Shade","Shade:Strike_Shade","Shade:Strike_Shade","Shade:Strike_Shade","Shade:Defend_Shade","Shade:Defend_Shade","Shade:Defend_Shade","Shade:Defend_Shade","Shade:AnimateDead","Shade:CarefulCut","Shade:CommandSoldier","Shade:Bonestorm","Shade:OpenGraves","Shade:CallWraith+1"],"relics":["Shade:YorickSkull","NeowsBlessing","ReplayTheSpireMod:Ring of Exchange","Ring of Peace","betterThird:SlimedRelic","Gremlin Food"],"acts_visited":["Exordium"],"potions_floor_usage":[8],"damage_taken":[{"damage":0,"enemies":"Jaw Worm","floor":1,"turns":1},{"damage":0,"enemies":"2 Louse","floor":3,"turns":1},{"damage":0,"enemies":"Lagavulin","floor":6,"turns":2},{"damage":54,"enemies":"Gremlin Nob","floor":8,"turns":5}],"seed_played":"4242587316299557769","potions_obtained":[{"floor":1,"key":"potionbrewer:DiscountPotion"}],"is_trial":false,"path_per_floor":["M","?","M","?","$","E","R","E"],"character_chosen":"SHADE","items_purchased":["Shade:OpenGraves"],"campfire_rested":0,"item_purchase_floors":[5],"current_hp_per_floor":[59,59,59,48,48,48,48,0,0],"gold":59,"neow_bonus":"THREE_ENEMY_KILL","is_daily":false,"chose_seed":false,"campfire_upgraded":1,"win_rate":0.0,"timestamp":1608580082,"path_taken":["M","?","M","?","?","E","R","E"],"items_purchased_type":["Card"],"build_version":"2020-12-13","purchased_purges":0,"victory":false,"max_hp_per_floor":[65,65,65,65,65,65,65,65,65],"card_choices":[{"not_picked":["Shade:Patience","Shade:SoulToxin"],"picked":"Shade:CommandSoldier","floor":1},{"not_picked":["Shade:FeralStrike","Shade:WallOfFlesh"],"picked":"Shade:Bonestorm","floor":3},{"not_picked":["Shade:Bonestorm","Shade:CommandSoldier"],"picked":"Shade:CallWraith","floor":6}],"player_experience":1562354,"relics_obtained":[{"floor":2,"key":"ReplayTheSpireMod:Ring of Exchange"},{"floor":2,"key":"Ring of Peace"},{"floor":6,"key":"Gremlin Food"}],"event_choices":[{"damage_healed":0,"gold_gain":0,"player_choice":"Slimed","damage_taken":11,"max_hp_gain":0,"max_hp_loss":0,"event_name":"betterThird:BetterGoop","floor":4,"gold_loss":30}],"is_beta":false,"boss_relics":[],"items_purged_floors":[],"is_endless":false,"potions_floor_spawned":[1],"killed_by":"Gremlin Nob","ascension_level":6}}