{"host":"2e3z4r48quhw80cc","time":1608551551,"event":{"mods":["BaseMod","Minty Spire (QoL Compilation)","Quick Restart","StSLib","SuperFastMode"],"gold_per_floor":[114,114,114,131,144,170,170,245,245,245,258,258,272,272,272,401,401,415,458,458,481,494,494,533,552,552,573,44,62,62,87,87,210,210,233,233,599,821,845,845,845,845,872,872,891,911,211,238,238,238],"floor_reached":51,"playtime":2697,"items_purged":["Strike_G","Strike_G"],"score":960,"play_id":"4e367cb0-034c-42c0-b636-f0177451371b","local_time":"20201221205231","is_ascension_mode":true,"campfire_choices":[{"data":"Venomology","floor":7.0,"key":"SMITH"},{"floor":10.0,"key":"REST"},{"floor":15.0,"key":"REST"},{"floor":23.0,"key":"REST"},{"data":"Bullet Time","floor":30.0,"key":"SMITH"},{"data":"Well Laid Plans","floor":32.0,"key":"SMITH"},{"floor":40.0,"key":"REST"},{"data":"After Image","floor":42.0,"key":"SMITH"},{"floor":44.0,"key":"REST"},{"data":"Enlightenment","floor":49.0,"key":"SMITH"}],"circlet_count":0,"master_deck":["Strike_G+1","Strike_G","Defend_G","Defend_G","Survivor+1","Neutralize","Blur+1","Blade Dance","Crippling Poison","Impatience","Well Laid Plans+1","Catalyst","Venomology+1","Backflip","Bullet Time+1","Masterful Stab+1","Heel Hook+1","Heel Hook+1","Terror+1","Escape Plan","Noxious Fumes","Catalyst+1","Cloak And Dagger+1","After Image+1","Madness","Madness","Blur+1","Enlightenment+1","Night Terror"],"relics":["Ring of the Serpent","NeowsBlessing","Letter Opener","Singing Bowl","Golden Idol","Astrolabe","Red Mask","HornCleat","Kunai","Oddly Smooth Stone","Ancient Tea Set","Old Coin","War Paint","Lantern","Bag of Marbles","Frozen Eye","Strawberry"],"acts_visited":["Exordium","TheCity","TheBeyond"],"potions_floor_usage":[50,50,50,50],"damage_taken":[{"damage":0.0,"enemies":"Jaw Worm","floor":1.0,"turns":1.0},{"damage":0.0,"enemies":"2 Louse","floor":4.0,"turns":1.0},{"damage":0.0,"enemies":"Cultist","floor":5.0,"turns":1.0},{"damage":18.0,"enemies":"Lagavulin","floor":6.0,"turns":6.0},{"damage":8.0,"enemies":"Looter","floor":11.0,"turns":4.0},{"damage":0.0,"enemies":"3 Louse","floor":13.0,"turns":3.0},{"damage":15.0,"enemies":"Slime Boss","floor":16.0,"turns":7.0},{"damage":16.0,"enemies":"Spheric Guardian","floor":18.0,"turns":5.0},{"damage":19.0,"enemies":"Masked Bandits","floor":19.0,"turns":5.0},{"damage":0.0,"enemies":"Chosen","floor":21.0,"turns":3.0},{"damage":13.0,"enemies":"Snake Plant","floor":22.0,"turns":4.0},{"damage":4.0,"enemies":"Slavers","floor":24.0,"turns":5.0},{"damage":0.0,"enemies":"Centurion and Healer","floor":25.0,"turns":5.0},{"damage":0.0,"enemies":"3 Cultists","floor":27.0,"turns":5.0},{"damage":2.0,"enemies":"Chosen and Byrds","floor":29.0,"turns":5.0},{"damage":0.0,"enemies":"Centurion and Healer","floor":31.0,"turns":4.0},{"damage":33.0,"enemies":"Collector","floor":33.0,"turns":10.0},{"damage":3.0,"enemies":"3 Darklings","floor":35.0,"turns":6.0},{"damage":13.0,"enemies":"2 Orb Walkers","floor":37.0,"turns":5.0},{"damage":23.0,"enemies":"Orb Walker","floor":39.0,"turns":5.0},{"damage":0.0,"enemies":"Sphere and 2 Shapes","floor":45.0,"turns":5.0},{"damage":0.0,"enemies":"Spire Growth","floor":46.0,"turns":5.0},{"damage":45,"enemies":"Awakened One","floor":50,"turns":20}],"seed_played":"8357977153177767938","potions_obtained":[{"floor":1.0,"key":"PowerPotion"},{"floor":11.0,"key":"Explosive Potion"},{"floor":13.0,"key":"Energy Potion"},{"floor":18.0,"key":"Dexterity Potion"},{"floor":27.0,"key":"LiquidMemories"},{"floor":29.0,"key":"DistilledChaos"},{"floor":31.0,"key":"Fire Potion"},{"floor":39.0,"key":"Swift Potion"}],"is_trial":false,"path_per_floor":["M","?","?","M","M","E","R","?","T","R","M","?","M","?","R","B",null,"M","?","?","M","M","R","E","M","T","M","$","M","R","M","R","B",null,"M","?","?","?","M","R","?","R","T","R","M","M","$","T","R","B",null],"character_chosen":"THE_SILENT","items_purchased":["Noxious Fumes","Oddly Smooth Stone","Ancient Tea Set","Catalyst","Lantern","Bag of Marbles","Frozen Eye","Night Terror"],"campfire_rested":5,"item_purchase_floors":[28,28,28,28,47,47,47,47],"current_hp_per_floor":[63,49,49,49,49,31,31,20,20,41,35,17,17,10,31,16,58,44,25,25,27,16,39,37,39,39,55,55,53,53,55,55,22,70,69,58,47,47,24,51,45,45,45,73,75,77,77,84,84,39],"gold":238,"neow_bonus":"THREE_ENEMY_KILL","is_daily":false,"chose_seed":false,"campfire_upgraded":5,"win_rate":0.0,"timestamp":1608551551,"path_taken":["M","?","?","M","?","E","R","?","T","R","M","?","M","?","R","BOSS","M","?","?","M","M","R","E","M","T","M","$","M","R","M","R","BOSS","M","?","?","?","M","R","?","R","T","R","M","M","$","?","R","BOSS"],"items_purchased_type":["Card","Relic","Relic","Card","Relic","Relic","Relic","Card"],"build_version":"2020-12-13","purchased_purges":2,"victory":true,"max_hp_per_floor":[70,70,70,70,70,70,70,70,70,70,72,72,72,72,72,72,72,74,74,74,76,78,78,80,82,82,84,84,84,84,86,86,86,86,88,88,90,90,90,90,94,94,94,94,96,98,98,105,105,105],"card_choices":[{"not_picked":["Calculated Gamble","Quick Slash"],"picked":"Blur","floor":1.0},{"not_picked":["Underhanded Strike","Quick Slash"],"picked":"Well Laid Plans","floor":4.0},{"not_picked":["Choke","Bane"],"picked":"Catalyst","floor":5.0},{"not_picked":["Night Terror","Dash"],"picked":"Venomology","floor":6.0},{"not_picked":["Choke","All Out Attack","Leg Sweep"],"picked":"Singing Bowl","floor":11.0},{"not_picked":["Backstab","Quick Slash"],"picked":"Backflip","floor":13.0},{"not_picked":["Burst","Doppelganger"],"picked":"Bullet Time","floor":16.0},{"not_picked":["Dagger Throw","Bane","Underhanded Strike"],"picked":"Singing Bowl","floor":18.0},{"not_picked":["Outmaneuver","Blade Dance+1"],"picked":"Terror+1","floor":19.0},{"not_picked":["Slice+1","Dash","Deflect+1"],"picked":"Singing Bowl","floor":21.0},{"not_picked":["Flying Knee","Outmaneuver","Dagger Spray"],"picked":"Singing Bowl","floor":22.0},{"not_picked":["Skewer+1","Unload","Deadly Poison"],"picked":"Singing Bowl","floor":24.0},{"not_picked":["PiercingWail","Flying Knee","Sucker Punch"],"picked":"Singing Bowl","floor":25.0},{"not_picked":["PiercingWail+1","Eviscerate+1","Blade Dance"],"picked":"Singing Bowl","floor":27.0},{"not_picked":["Reflex","Deflect+1"],"picked":"Cloak And Dagger+1","floor":29.0},{"not_picked":["Poisoned Stab","Blur+1","Flying Knee"],"picked":"Singing Bowl","floor":31.0},{"not_picked":["Corpse Explosion","Envenom"],"picked":"After Image","floor":33.0},{"not_picked":["Sucker Punch+1","Underhanded Strike+1","PiercingWail"],"picked":"Singing Bowl","floor":35.0},{"not_picked":["Prepared+1","Outmaneuver","Backflip"],"picked":"Singing Bowl","floor":37.0},{"not_picked":["Riddle With Holes+1","Bouncing Flask"],"picked":"Blur+1","floor":39.0},{"not_picked":["Transmutation","Enlightenment","Mayhem"],"picked":"Singing Bowl","floor":41.0},{"not_picked":["PanicButton","Madness"],"picked":"Enlightenment","floor":41.0},{"not_picked":["Good Instincts","Dramatic Entrance","Secret Technique"],"picked":"Singing Bowl","floor":41.0},{"not_picked":["Skewer","Quick Slash+1","Sucker Punch"],"picked":"Singing Bowl","floor":45.0},{"not_picked":["Acrobatics","Cloak And Dagger","Quick Slash+1"],"picked":"Singing Bowl","floor":46.0}],"player_experience":73064,"relics_obtained":[{"floor":6.0,"key":"Letter Opener"},{"floor":9.0,"key":"Singing Bowl"},{"floor":19.0,"key":"Red Mask"},{"floor":24.0,"key":"HornCleat"},{"floor":26.0,"key":"Kunai"},{"floor":37.0,"key":"Old Coin"},{"floor":43.0,"key":"War Paint"},{"floor":48.0,"key":"Strawberry"}],"event_choices":[{"damage_healed":0.0,"max_hp_gain":0.0,"max_hp_loss":0.0,"gold_gain":0.0,"event_name":"Shining Light","player_choice":"Entered Light","floor":2.0,"gold_loss":0.0,"damage_taken":14.0,"cards_upgraded":["Blur","Strike_G"]},{"damage_healed":0.0,"max_hp_gain":0.0,"max_hp_loss":0.0,"gold_gain":0.0,"event_name":"Match and Keep!","player_choice":"3 cards matched","floor":3.0,"gold_loss":0.0,"damage_taken":0.0,"cards_obtained":["Blade Dance","Crippling Poison","Impatience"]},{"damage_healed":0.0,"max_hp_gain":0.0,"max_hp_loss":0.0,"gold_gain":75.0,"event_name":"World of Goop","player_choice":"Gather Gold","floor":8.0,"gold_loss":0.0,"damage_taken":11.0},{"damage_healed":0.0,"max_hp_gain":0.0,"max_hp_loss":0.0,"gold_gain":0.0,"event_name":"Golden Idol","player_choice":"Take Damage","floor":12.0,"gold_loss":0.0,"damage_taken":18.0,"relics_obtained":["Golden Idol"]},{"cards_removed":["Defend_G"],"damage_healed":0.0,"max_hp_gain":0.0,"max_hp_loss":0.0,"gold_gain":0.0,"event_name":"Golden Wing","player_choice":"Card Removal","floor":14.0,"gold_loss":0.0,"damage_taken":7.0},{"damage_healed":0.0,"max_hp_gain":0.0,"max_hp_loss":0.0,"gold_gain":0.0,"event_name":"Masked Bandits","player_choice":"Fought Bandits","floor":19.0,"gold_loss":0.0,"damage_taken":0.0},{"damage_healed":0.0,"max_hp_gain":0.0,"max_hp_loss":0.0,"gold_gain":0.0,"event_name":"The Library","player_choice":"Read","floor":20.0,"gold_loss":0.0,"damage_taken":0.0,"cards_obtained":["Escape Plan"]},{"damage_healed":0.0,"max_hp_gain":0.0,"max_hp_loss":0.0,"gold_gain":0.0,"event_name":"Winding Halls","player_choice":"Embrace Madness","floor":36.0,"gold_loss":0.0,"damage_taken":11.0,"cards_obtained":["Madness","Madness"]},{"damage_healed":0.0,"max_hp_gain":0.0,"max_hp_loss":0.0,"gold_gain":0.0,"event_name":"Mysterious Sphere","player_choice":"Fight","floor":37.0,"gold_loss":0.0,"damage_taken":0.0},{"damage_healed":0.0,"max_hp_gain":0.0,"max_hp_loss":0.0,"gold_gain":222.0,"event_name":"Tomb of Lord Red Mask","player_choice":"Wore Mask","floor":38.0,"gold_loss":0.0,"damage_taken":0.0},{"damage_healed":0.0,"max_hp_gain":0.0,"max_hp_loss":0.0,"gold_gain":0.0,"event_name":"SensoryStone","player_choice":"Memory 3","floor":41.0,"gold_loss":0.0,"damage_taken":10.0}],"is_beta":false,"boss_relics":[{"not_picked":["Velvet Choker","Fusion Hammer"],"picked":"Astrolabe"},{"not_picked":["Tiny House","Philosopher\u0027s Stone"],"picked":"Ring of the Serpent"}],"items_purged_floors":[28,47],"is_endless":false,"potions_floor_spawned":[1,11,13,18,27,29,31,39],"ascension_level":6}}