{"host":"s2jwg59yskzk2eda","time":1608576273,"event":{"mods":["Act Like it!","Bard","BaseMod","Beaked The Cultist","Better Match","Better Note","Better Sensory Stone","CCEM","Colored Powertips","Conspire","Downfall","Fiend Mod","Halation","Infinite Spire","Menagerie","Minty Spire (QoL Compilation)","Replay The Spire","Spicy Shops","StSLib","The Construct","The Disciple","The Druid","The Factory","The Jungle","The Runesmith"],"gold_per_floor":[99,99,199,231,231,231,280,290,318,318,107,124,124,143,160,257,257,257,290,290,290],"floor_reached":19,"playtime":1076,"items_purged":["Guardian:Strike_Guardian"],"score":251,"play_id":"e7dde05e-bef4-4fc4-abdb-900c05b86f43","local_time":"20201221194433","is_ascension_mode":true,"campfire_choices":[{"data":"Guardian:CurlUp","floor":5.0,"key":"SMITH"},{"data":"Guardian:TwinSlam","floor":10.0,"key":"SMITH"},{"data":"Guardian:Incinerate","floor":18.0,"key":"SMITH"}],"circlet_count":0,"master_deck":["Guardian:Strike_Guardian","Guardian:Strike_Guardian","Guardian:Defend_Guardian","Guardian:Defend_Guardian","Guardian:Defend_Guardian","Guardian:Defend_Guardian","Guardian:CurlUp+1","Guardian:TwinSlam+1","Guardian:Gem_Yellow","Guardian:Gem_White","Guardian:Recover","Guardian:ChargeCore","Guardian:Incinerate+1","Guardian:MultiBeam"],"relics":["Guardian:ModeShifter","downfall:HeartsMalice","Guardian:PickAxe","Strawberry","CCEMRelics:Pendulum","Replay:Bottled Flurry","conspire:Flyswatter","halation:BottledLove","Honey Jar","ReplayTheSpireMod:TigerMarble"],"acts_visited":[],"potions_floor_usage":[],"damage_taken":[{"damage":0.0,"enemies":"Lagavulin","floor":4.0,"turns":1.0},{"damage":0.0,"enemies":"Jaw Worm","floor":6.0,"turns":1.0},{"damage":0.0,"enemies":"Cultist","floor":8.0,"turns":4.0},{"damage":14.0,"enemies":"3 Sentries","floor":9.0,"turns":10.0},{"damage":0.0,"enemies":"downfall:FleeingMerchant","floor":11.0,"turns":4.0},{"damage":0.0,"enemies":"2 Louse","floor":12.0,"turns":2.0},{"damage":10.0,"enemies":"Exordium Thugs","floor":14.0,"turns":4.0},{"damage":13.0,"enemies":"Blue Slaver","floor":15.0,"turns":2.0},{"damage":46.0,"enemies":"downfall:CharBossDefect","floor":16.0,"turns":12.0},{"damage":31.0,"enemies":"Book of Stabbing","floor":19.0,"turns":7.0}],"seed_played":"3133599706450818479","potions_obtained":[{"floor":8.0,"key":"Swift Potion"},{"floor":12.0,"key":"ColorlessPotion"},{"floor":14.0,"key":"Weak Potion"},{"floor":19,"key":"BlessingOfTheForge"}],"is_trial":false,"path_per_floor":["R","?","?","E","R","M","T","M","E","R","$","M","T","M","M","B",null,"R","E"],"character_chosen":"GUARDIAN","items_purchased":["conspire:Flyswatter"],"campfire_rested":0,"item_purchase_floors":[11],"current_hp_per_floor":[80,80,80,87,87,87,87,87,75,75,75,75,75,65,52,6,87,87,56,56,56],"gold":290,"neow_bonus":"THREE_ENEMY_KILL","is_daily":false,"chose_seed":false,"campfire_upgraded":3,"win_rate":0.0,"timestamp":1608576273,"path_taken":["R","?","?","E","R","?","T","M","E","R","?","M","?","M","M","BOSS","R","E"],"items_purchased_type":["Relic"],"build_version":"2020-12-13","purchased_purges":1,"victory":false,"max_hp_per_floor":[80,80,80,87,87,87,87,87,87,87,87,87,87,87,87,87,87,87,87,87,87],"card_choices":[{"not_picked":["Guardian:ShieldCharger","Guardian:Gem_Purple"],"picked":"Guardian:Recover","floor":4.0},{"not_picked":["Guardian:MultiBeam","Guardian:RefractedBeam","Guardian:Repulse"],"picked":"SKIP","floor":6.0},{"not_picked":["Guardian:PolyBeam","Guardian:RefractedBeam","Guardian:Gem_Cyan"],"picked":"SKIP","floor":8.0},{"not_picked":["Guardian:MultiBeam","Guardian:Gem_Red"],"picked":"Guardian:ChargeCore","floor":9.0},{"not_picked":["Guardian:Planning","Guardian:ChargeCore"],"picked":"Guardian:Incinerate","floor":12.0},{"not_picked":["Guardian:ArmoredProtocol","Guardian:PrimingBeam"],"picked":"Guardian:MultiBeam","floor":14.0},{"not_picked":["Guardian:SpikerProtocol","Guardian:BronzeOrb","Guardian:Gem_Cyan"],"picked":"SKIP","floor":15.0},{"not_picked":["Guardian:GemFire","Guardian:ExploitGems"],"picked":"Guardian:Gem_Orange","floor":16.0}],"player_experience":1117783,"relics_obtained":[{"floor":4.0,"key":"Strawberry"},{"floor":7.0,"key":"CCEMRelics:Pendulum"},{"floor":9.0,"key":"Replay:Bottled Flurry"},{"floor":13.0,"key":"halation:BottledLove"},{"floor":19,"key":"ReplayTheSpireMod:TigerMarble"}],"event_choices":[],"is_beta":false,"boss_relics":[{"not_picked":["Kintsugi","Coffee Dripper"],"picked":"Honey Jar"}],"items_purged_floors":[11],"is_endless":false,"potions_floor_spawned":[8,12,14,15,19],"killed_by":"Book of Stabbing","ascension_level":3}}