{"host":"n4oa921u88t6jog9","time":1608592253,"event":{"mods":["AchievementEnabler","BaseMod","DeckTracker","Keyboard Shortcuts","Minty Spire (QoL Compilation)","Quick Restart","StSLib","SuperFastMode"],"gold_per_floor":[14,14,14,114,134,169,180,180,204,218,218,218,25,25,25,126,126,143,30,129,129,144,144,177,206,264,9,27,38,38,38],"floor_reached":30,"playtime":1154,"items_purged":["Defend_B"],"score":322,"play_id":"e6d240ba-e037-423d-9c69-d9d5cbff1ddb","local_time":"20201222081053","is_ascension_mode":true,"campfire_choices":[{"data":"Apotheosis","floor":8.0,"key":"SMITH"},{"floor":11.0,"key":"REST"},{"data":"Self Repair","floor":15.0,"key":"SMITH"},{"data":"Recycle","floor":23,"key":"SMITH"}],"circlet_count":0,"master_deck":["Strike_B","Strike_B","Strike_B+1","Defend_B","Defend_B","Defend_B","Zap","Dualcast","Apotheosis+1","Glacier","Compile Driver+1","Go for the Eyes","Self Repair+1","Amplify","Defragment","Recycle+1","Glacier","Coolheaded+1","Secret Technique+1","Undo+1"],"relics":["Cracked Core","Whetstone","Akabeko","Membership Card","Nuclear Battery","ClockworkSouvenir","MawBank","Toy Ornithopter","Toxic Egg 2"],"acts_visited":["Exordium","TheCity"],"potions_floor_usage":[25,30],"damage_taken":[{"damage":4.0,"enemies":"Jaw Worm","floor":1.0,"turns":3.0},{"damage":4.0,"enemies":"2 Louse","floor":5.0,"turns":3.0},{"damage":31.0,"enemies":"3 Sentries","floor":6.0,"turns":9.0},{"damage":0.0,"enemies":"Cultist","floor":7.0,"turns":3.0},{"damage":3.0,"enemies":"Blue Slaver","floor":10.0,"turns":4.0},{"damage":9.0,"enemies":"Slime Boss","floor":16.0,"turns":12.0},{"damage":17,"enemies":"Spheric Guardian","floor":18,"turns":4},{"damage":7,"enemies":"Chosen","floor":22,"turns":5},{"damage":29,"enemies":"Book of Stabbing","floor":24,"turns":8},{"damage":4,"enemies":"3 Cultists","floor":25,"turns":6},{"damage":2,"enemies":"Cultist and Chosen","floor":28,"turns":5},{"damage":0,"enemies":"Centurion and Healer","floor":29,"turns":6},{"damage":52,"enemies":"Gremlin Leader","floor":30,"turns":10}],"seed_played":"-5916789107460442240","potions_obtained":[{"floor":5.0,"key":"PotionOfCapacity"},{"floor":7.0,"key":"EntropicBrew"},{"floor":16.0,"key":"Block Potion"},{"floor":22,"key":"AttackPotion"},{"floor":29,"key":"CultistPotion"}],"is_trial":false,"path_per_floor":["M","$","?","?","M","E","M","R","T","M","R","?","$","?","R","B",null,"M","$","?","?","M","R","E","M","T","$","M","M","E"],"character_chosen":"DEFECT","items_purchased":["Membership Card","Self Repair","Defragment","ClockworkSouvenir","Toxic Egg 2","Coolheaded+1","Secret Technique+1"],"campfire_rested":1,"item_purchase_floors":[13,13,19,19,27,27,27],"current_hp_per_floor":[64,64,64,64,60,29,29,29,29,26,48,48,48,53,53,54,70,53,53,53,39,52,52,43,49,49,49,67,77,28,28],"gold":38,"neow_bonus":"RANDOM_COLORLESS_2","is_daily":false,"chose_seed":false,"campfire_upgraded":3,"win_rate":0.0,"timestamp":1608592253,"path_taken":["M","$","?","?","M","E","?","R","T","M","R","?","?","?","R","BOSS","M","$","?","?","M","R","E","M","T","?","M","M","E"],"items_purchased_type":["Relic","Card","Card","Relic","Relic","Card","Card"],"build_version":"2020-12-13","purchased_purges":1,"victory":false,"max_hp_per_floor":[75,75,75,75,75,75,75,75,75,75,75,75,75,75,75,75,75,75,75,75,80,80,80,80,80,80,80,80,80,80,80],"card_choices":[{"not_picked":["The Bomb","Thinking Ahead"],"picked":"Apotheosis","floor":0.0},{"not_picked":["Steam","Go for the Eyes"],"picked":"Glacier","floor":1.0},{"not_picked":["Cold Snap","Redo"],"picked":"Compile Driver","floor":5.0},{"not_picked":["Compile Driver","Redo"],"picked":"Go for the Eyes","floor":6.0},{"not_picked":["Steam","Go for the Eyes","Turbo"],"picked":"SKIP","floor":7.0},{"not_picked":["Redo","Gash"],"picked":"Beam Cell","floor":10.0},{"not_picked":["Hyperbeam","Thunder Strike"],"picked":"Amplify","floor":16.0},{"not_picked":["Compile Driver","Rebound+1","Lockon+1"],"picked":"SKIP","floor":18},{"not_picked":["Compile Driver","Rebound+1","Lockon+1"],"picked":"SKIP","floor":18},{"not_picked":["Reprogram","Force Field+1"],"picked":"Recycle","floor":22},{"not_picked":["Leap","Rebound","Doom and Gloom"],"picked":"SKIP","floor":24},{"not_picked":["Stack","Melter"],"picked":"Glacier","floor":25},{"not_picked":["Melter+1","Steam+1","Leap+1"],"picked":"SKIP","floor":28},{"not_picked":["Reinforced Body+1","Steam+1"],"picked":"Undo+1","floor":29}],"player_experience":361962,"relics_obtained":[{"floor":6.0,"key":"Whetstone"},{"floor":9.0,"key":"Akabeko"},{"floor":24,"key":"MawBank"},{"floor":26,"key":"Toy Ornithopter"}],"event_choices":[{"cards_removed":["Strike_B"],"damage_healed":0.0,"max_hp_gain":0.0,"max_hp_loss":0.0,"gold_gain":0.0,"event_name":"Living Wall","player_choice":"Forget","floor":3.0,"gold_loss":0.0,"damage_taken":0.0},{"damage_healed":0.0,"max_hp_gain":0.0,"max_hp_loss":0.0,"gold_gain":100.0,"event_name":"Golden Shrine","player_choice":"Pray","floor":4.0,"gold_loss":0.0,"damage_taken":0.0},{"damage_healed":0.0,"max_hp_gain":0.0,"max_hp_loss":0.0,"gold_gain":0.0,"event_name":"The Woman in Blue","player_choice":"Bought 0 Potions","floor":12.0,"gold_loss":0.0,"damage_taken":0.0},{"cards_removed":["Beam Cell"],"damage_healed":5.0,"max_hp_gain":0.0,"max_hp_loss":0.0,"gold_gain":0.0,"event_name":"Bonfire Elementals","player_choice":"Offered Common","floor":14.0,"gold_loss":0.0,"damage_taken":0.0},{"cards_removed":["Beam Cell"],"damage_healed":5.0,"max_hp_gain":0.0,"max_hp_loss":0.0,"gold_gain":0.0,"event_name":"Bonfire Elementals","player_choice":"Offered Special","floor":14.0,"gold_loss":0.0,"damage_taken":0.0},{"damage_healed":0,"gold_gain":99,"player_choice":"Stole From Cult","damage_taken":0,"max_hp_gain":0,"max_hp_loss":0,"event_name":"Nest","floor":20,"gold_loss":0},{"damage_healed":0,"gold_gain":0,"player_choice":"Shed Blood","damage_taken":19,"max_hp_gain":5,"max_hp_loss":0,"event_name":"Forgotten Altar","floor":21,"gold_loss":0}],"is_beta":false,"boss_relics":[{"not_picked":["Philosopher\u0027s Stone","SacredBark"],"picked":"Nuclear Battery"}],"items_purged_floors":[27],"is_endless":false,"potions_floor_spawned":[5,7,16,22,29],"killed_by":"Gremlin Leader","ascension_level":6}}