{"host":"6qo42zgaknezulyg","time":1608558792,"event":{"mods":["2.2 Compatiblity","BaseMod","Keyboard Shortcuts","Minty Spire (QoL Compilation)","Permanent Neow","Quick Restart","StSLib","SuperFastMode","The Runesmith"],"gold_per_floor":[19,19,19,37,61,61,105,120,120,164,184,359,385,401,401,529,529,547,637,661,661,386,419,440,471,471,264,282,61,75,90,90,210,210,233,233,246,265,114,152,152,29,29,29,29,43,64,83,83,83],"floor_reached":51,"playtime":3404,"items_purged":["Doubt","Runesmith:Strike_RS","Runesmith:Strike_RS","Runesmith:Refine+1"],"score":906,"play_id":"997d2de7-105d-4937-99aa-2aa1337da511","local_time":"20201221225312","is_ascension_mode":false,"campfire_choices":[{"data":"Runesmith:GrandSlam","floor":6.0,"key":"SMITH"},{"data":"Runesmith:MetallurgicalResearch","floor":15.0,"key":"SMITH"},{"data":"Runesmith:LightningRod","floor":32.0,"key":"SMITH"},{"data":"Runesmith:Permafrost","floor":41.0,"key":"SMITH"},{"data":"Runesmith:ReplicatingBarrier","floor":45.0,"key":"SMITH"},{"data":"Runesmith:Attraction","floor":49,"key":"SMITH"}],"circlet_count":0,"master_deck":["Runesmith:Defend_RS","Runesmith:Defend_RS","Runesmith:Defend_RS","Runesmith:CraftFirestone","Runesmith:Fortify","Runesmith:Attraction+1","Runesmith:GrandSlam+1","Runesmith:Superposition","Runesmith:CraftObretio","Runesmith:MetallurgicalResearch+1","Runesmith:Electrocute","Runesmith:Attraction","Runesmith:FrozenChisel","Runesmith:LightningRod+1","Runesmith:BackupBattery","Runesmith:Permafrost+1","Runesmith:Accelerate","Runesmith:CraftPrismatica","Runesmith:HeatedChisel+1","Runesmith:ReplicatingBarrier+1","Runesmith:Supernova","Runesmith:Permafrost+1","Runesmith:Prism+1","Runesmith:CreatorForm+1"],"relics":["Runesmith:BrokenRuby","Golden Idol","Runesmith:EmergencyProvisions","Question Card","Anchor","Happy Flower","Odd Mushroom","Sozu","Membership Card","Oddly Smooth Stone","Ancient Tea Set","Kunai","Mummified Hand","Calipers","Runesmith:Locket","Runic Dome","Pen Nib","Centennial Puzzle","Eternal Feather","Frozen Egg 2"],"acts_visited":["Exordium","TheCity","TheBeyond"],"potions_floor_usage":[50,50],"damage_taken":[{"damage":2.0,"enemies":"Jaw Worm","floor":1.0,"turns":4.0},{"damage":1.0,"enemies":"2 Louse","floor":4.0,"turns":3.0},{"damage":1.0,"enemies":"Small Slimes","floor":5.0,"turns":3.0},{"damage":1.0,"enemies":"Lagavulin","floor":7.0,"turns":6.0},{"damage":0.0,"enemies":"Looter","floor":8.0,"turns":4.0},{"damage":0.0,"enemies":"3 Sentries","floor":10.0,"turns":6.0},{"damage":3.0,"enemies":"Red Slaver","floor":11.0,"turns":3.0},{"damage":13.0,"enemies":"The Mushroom Lair","floor":13.0,"turns":5.0},{"damage":8.0,"enemies":"3 Louse","floor":14.0,"turns":4.0},{"damage":22.0,"enemies":"The Guardian","floor":16.0,"turns":7.0},{"damage":3.0,"enemies":"Spheric Guardian","floor":18.0,"turns":4.0},{"damage":0.0,"enemies":"Shell Parasite","floor":20.0,"turns":4.0},{"damage":6.0,"enemies":"Gremlin Leader","floor":23.0,"turns":6.0},{"damage":2.0,"enemies":"Snake Plant","floor":24.0,"turns":4.0},{"damage":0.0,"enemies":"Book of Stabbing","floor":25.0,"turns":5.0},{"damage":0.0,"enemies":"Cultist and Chosen","floor":28.0,"turns":7.0},{"damage":0.0,"enemies":"Shelled Parasite and Fungi","floor":30.0,"turns":4.0},{"damage":1.0,"enemies":"Centurion and Healer","floor":31.0,"turns":4.0},{"damage":0.0,"enemies":"Collector","floor":33.0,"turns":8.0},{"damage":0.0,"enemies":"Orb Walker","floor":35.0,"turns":2.0},{"damage":0.0,"enemies":"3 Shapes","floor":37.0,"turns":3.0},{"damage":0.0,"enemies":"Maw","floor":38.0,"turns":4.0},{"damage":11.0,"enemies":"Nemesis","floor":40.0,"turns":7.0},{"damage":6,"enemies":"3 Darklings","floor":46,"turns":5},{"damage":3,"enemies":"4 Shapes","floor":47,"turns":11},{"damage":0,"enemies":"Maw","floor":48,"turns":5},{"damage":0,"enemies":"Donu and Deca","floor":50,"turns":8}],"seed_played":"-2374460240892967827","potions_obtained":[{"floor":4.0,"key":"Regen Potion"},{"floor":7.0,"key":"DistilledChaos"},{"floor":8.0,"key":"DistilledChaos"},{"floor":10.0,"key":"Dexterity Potion"}],"is_trial":false,"path_per_floor":["M","?","?","M","M","R","E","M","T","E","M","?","?","M","R","B",null,"M","?","M","?","$","E","M","E","T","$","M","$","M","M","R","B",null,"M","?","M","M","$","E","R","$","T","$","R","M","M","M","R","B",null],"character_chosen":"RUNESMITH_CLASS","items_purchased":["Membership Card","Oddly Smooth Stone","Runesmith:Accelerate","Calipers","Runesmith:Locket","Pen Nib","Eternal Feather"],"campfire_rested":0,"item_purchase_floors":[22,22,22,27,29,39,42],"current_hp_per_floor":[68,65,58,57,56,56,55,55,55,55,52,52,39,31,31,9,65,62,50,50,50,50,44,42,56,56,56,56,56,56,55,55,55,65,65,65,65,65,65,54,54,54,54,54,65,59,56,56,65,65],"gold":83,"neow_bonus":"TRANSFORM_TWO_CARDS","is_daily":false,"chose_seed":false,"campfire_upgraded":6,"win_rate":0.0,"timestamp":1608558792,"path_taken":["M","?","?","M","M","R","E","M","T","E","M","?","?","M","R","BOSS","M","?","?","?","?","E","M","E","T","$","?","$","M","M","R","BOSS","M","?","M","?","$","E","R","$","T","?","R","M","?","M","R","BOSS"],"items_purchased_type":["Relic","Relic","Card","Relic","Relic","Relic","Relic"],"build_version":"2020-12-13","purchased_purges":4,"victory":true,"max_hp_per_floor":[70,65,65,65,65,65,65,65,65,65,65,65,65,65,65,65,65,65,65,65,65,65,65,65,65,65,65,65,65,65,65,65,65,65,65,65,65,65,65,65,65,65,65,65,65,65,65,65,65,65],"card_choices":[{"not_picked":["Runesmith:MakeshiftArmor","Runesmith:RuneHurl","Runesmith:UnstableHammer"],"picked":"SKIP","floor":1.0},{"not_picked":["Runesmith:ShiftingStrike","Runesmith:HeatedChisel"],"picked":"Runesmith:Superposition","floor":4.0},{"not_picked":["Runesmith:ShiftingStrike","Runesmith:Grindstone"],"picked":"Runesmith:CraftObretio","floor":5.0},{"not_picked":["Runesmith:UnstableHammer","Runesmith:ShiftingStrike","Runesmith:EnergizedChisel"],"picked":"SKIP","floor":7.0},{"not_picked":["Runesmith:EnergizedChisel","Runesmith:CraftProtectio","Runesmith:HeatExchange","Runesmith:MakeshiftArmor"],"picked":"SKIP","floor":8.0},{"not_picked":["Runesmith:BackupBattery","Runesmith:Refine","Runesmith:Firestorm"],"picked":"Runesmith:MetallurgicalResearch","floor":10.0},{"not_picked":["Runesmith:HeatExchange","Runesmith:Attraction","Runesmith:CraftSpiculum"],"picked":"Runesmith:Electrocute","floor":11.0},{"not_picked":["Runesmith:ChiselStab","Runesmith:Repurpose","Runesmith:ShiftingStrike"],"picked":"Runesmith:Attraction","floor":13.0},{"not_picked":["Runesmith:HeatedChisel","Runesmith:StaticCage","Runesmith:Supernova"],"picked":"Runesmith:FrozenChisel","floor":14.0},{"not_picked":["Runesmith:CraftMedicinae","Runesmith:GenerateForcefield","Runesmith:Supernova"],"picked":"Runesmith:LightningRod","floor":16.0},{"not_picked":["Runesmith:Terraform","Runesmith:Malloc","Runesmith:PoweredAnvil","Runesmith:RuneHurl"],"picked":"SKIP","floor":18.0},{"not_picked":["Runesmith:StaticCage","Runesmith:UnstableHammer","Runesmith:RunicBlueprint"],"picked":"Runesmith:BackupBattery","floor":20.0},{"not_picked":["Runesmith:EarthShield+1","Runesmith:ShiftingStrike","Runesmith:Firestorm"],"picked":"Runesmith:CraftPrismatica","floor":23.0},{"not_picked":["Runesmith:UnstableHammer","Runesmith:EarthShield","Runesmith:Grindstone"],"picked":"Runesmith:HeatedChisel+1","floor":24.0},{"not_picked":["Runesmith:HammerThrow","Runesmith:StaticCage","Runesmith:UnstableHammer"],"picked":"Runesmith:ReplicatingBarrier","floor":25.0},{"not_picked":["Runesmith:ChiselStab+1","Runesmith:ChargedHammer","Runesmith:Refine","Runesmith:HeatedChisel"],"picked":"SKIP","floor":28.0},{"not_picked":["Runesmith:EarthShield","Runesmith:Empowerment","Runesmith:EnergizedChisel+1","Runesmith:HeatExchange"],"picked":"SKIP","floor":30.0},{"not_picked":["Runesmith:HeatedChisel+1","Runesmith:ShiftingStrike","Runesmith:Reinforce","Runesmith:RuneHurl+1"],"picked":"SKIP","floor":31.0},{"not_picked":["Runesmith:LightningRod","Runesmith:LastStand","Runesmith:ReplicatingBarrier"],"picked":"Runesmith:Supernova","floor":33.0},{"not_picked":["Runesmith:MakeshiftArmor","Runesmith:Overpower","Runesmith:Malloc+1","Runesmith:UnstableHammer"],"picked":"SKIP","floor":35.0},{"not_picked":["Runesmith:HeatedChisel","Runesmith:BackupBattery","Runesmith:Overpower"],"picked":"Runesmith:Refine+1","floor":37.0},{"not_picked":["Runesmith:ChargedHammer+1","Runesmith:LightningRod","Runesmith:Overpower+1"],"picked":"Runesmith:Permafrost+1","floor":38.0},{"not_picked":["Runesmith:Retool","Runesmith:EnergizedChisel+1","Runesmith:Repurpose"],"picked":"Runesmith:Prism+1","floor":40.0},{"not_picked":["Runesmith:ChargedHammer","Runesmith:HammerThrow","Runesmith:MakeshiftArmor","Runesmith:Grindstone"],"picked":"SKIP","floor":46},{"not_picked":["Runesmith:RunicBlueprint+1","Runesmith:StaticCage+1","Runesmith:BackupBattery+1"],"picked":"Runesmith:CreatorForm+1","floor":47},{"not_picked":["Runesmith:StaticCage+1","Runesmith:Refine+1","Runesmith:Terraform","Runesmith:Reinforce+1"],"picked":"SKIP","floor":48}],"player_experience":729297,"relics_obtained":[{"floor":7.0,"key":"Question Card"},{"floor":9.0,"key":"Anchor"},{"floor":10.0,"key":"Happy Flower"},{"floor":13.0,"key":"Odd Mushroom"},{"floor":23.0,"key":"Ancient Tea Set"},{"floor":25.0,"key":"Kunai"},{"floor":26.0,"key":"Mummified Hand"},{"floor":40.0,"key":"Centennial Puzzle"},{"floor":43.0,"key":"Frozen Egg 2"}],"event_choices":[{"damage_healed":0.0,"max_hp_gain":0.0,"max_hp_loss":5.0,"gold_gain":0.0,"event_name":"Golden Idol","player_choice":"Lose Max HP","floor":2.0,"gold_loss":0.0,"damage_taken":0.0,"relics_obtained":["Golden Idol"]},{"damage_healed":0.0,"max_hp_gain":0.0,"max_hp_loss":0.0,"gold_gain":0.0,"event_name":"Scrap Ooze","player_choice":"Success","floor":3.0,"gold_loss":0.0,"damage_taken":7.0,"relics_obtained":["Runesmith:EmergencyProvisions"]},{"damage_healed":0.0,"max_hp_gain":0.0,"max_hp_loss":0.0,"gold_gain":175.0,"event_name":"Liars Game","player_choice":"AGREE","floor":12.0,"gold_loss":0.0,"damage_taken":0.0,"cards_obtained":["Doubt"]},{"damage_healed":0.0,"max_hp_gain":0.0,"max_hp_loss":0.0,"gold_gain":0.0,"event_name":"Mushrooms","player_choice":"Fought Mushrooms","floor":13.0,"gold_loss":0.0,"damage_taken":0.0},{"damage_healed":0.0,"max_hp_gain":0.0,"max_hp_loss":0.0,"gold_gain":90.0,"event_name":"Knowing Skull","player_choice":"GOLD ","floor":19.0,"potions_obtained":[],"gold_loss":0.0,"damage_taken":12.0,"cards_obtained":[]},{"damage_healed":0.0,"max_hp_gain":0.0,"max_hp_loss":0.0,"gold_gain":0.0,"event_name":"The Library","player_choice":"Read","floor":21.0,"gold_loss":0.0,"damage_taken":0.0,"cards_obtained":["Runesmith:Permafrost"]},{"cards_removed":["Runesmith:Defend_RS"],"damage_healed":0.0,"max_hp_gain":0.0,"max_hp_loss":0.0,"gold_gain":0.0,"event_name":"Purifier","player_choice":"Purged","floor":36.0,"gold_loss":0.0,"damage_taken":0.0}],"is_beta":false,"boss_relics":[{"not_picked":["SacredBark","Runesmith:PocketReactor"],"picked":"Sozu"},{"not_picked":["Astrolabe","Empty Cage"],"picked":"Runic Dome"}],"items_purged_floors":[22,27,29,39],"is_endless":false,"potions_floor_spawned":[4,7,8,10,14,23,28,30,31,33,37,40,48],"ascension_level":0}}