{"host":"gzk4gkgy3zij1c51","time":1608573801,"event":{"mods":["BaseMod","Colored Map","Downfall","Highlight Path","Infinite Spire","Minty Spire (QoL Compilation)","Relic Stats","StSLib","everything is the same but u backflip on backflip"],"gold_per_floor":[99,99,24,55,155,155,203,229,242,271,371,382,401,55,67,170,170,20,52,52,52,82,82,107,134,150,150,9,27,47,47,60,158,158,158,158,173,448,477,488,533,93,93,125,141,156,216,231,243,243,243,278,38,38,38],"floor_reached":56,"playtime":5102,"items_purged":["Shame","Regret"],"score":1628,"play_id":"4055667e-1b2a-46e5-82e0-d0eb3ab150c9","local_time":"20201221180321","is_ascension_mode":true,"campfire_choices":[{"floor":1.0,"key":"RECALL"},{"data":"champ:Taunt","floor":3.0,"key":"SMITH"},{"data":"champ:Control","floor":18.0,"key":"SMITH"},{"data":"champ:IgnorePain","floor":20.0,"key":"SMITH"},{"data":"champ:FocusedDefense","floor":21.0,"key":"SMITH"},{"data":"expansioncontent:Chronoboost","floor":23.0,"key":"SMITH"},{"data":"champ:EnchantShield","floor":27.0,"key":"SMITH"},{"data":"champ:StrikeOfGenius","floor":35.0,"key":"SMITH"},{"data":"champ:Balance","floor":43.0,"key":"SMITH"},{"data":"champ:DefensiveStyle","floor":54,"key":"SMITH"}],"circlet_count":0,"master_deck":["champ:Strike","champ:Strike","champ:Strike","champ:Strike","champ:Defend","champ:Defend","champ:Defend","champ:Defend","champ:Execute","champ:Taunt+1","champ:Circumvent","champ:PerfectedStrike","champ:Control+1","champ:RapidStrikes","champ:FlashCut","champ:EnchantShield+1","champ:HoldFirm","champ:FocusedDefense+1","champ:EndlessRage","expansioncontent:Chronoboost+1","champ:DefensiveShout","champ:IgnorePain+1","champ:ShieldSlam","champ:ShieldThrow","champ:RisingSlash","champ:Backstep","champ:BringItOn+1","champ:IgnorePain+1","champ:DefensiveStyle+1","champ:StrikeOfGenius+1","champ:IronFortress+1","champ:Backstep+1","Clumsy","champ:ArenaPreparation+1","champ:Balance+1","champ:ShieldSigil","champ:MurderStrike","champ:SwordSigil+1","champ:Control+1","Metamorphosis","champ:Haymaker+1","champ:SkillfulDodge+1"],"relics":["champ:ChampionCrown","downfall:HeartsMalice","StrikeDummy","downfall:HeartBlessingRed","champ:DefensiveTrainingManual","WingedGreaves","Ornamental Fan","Lantern","Cursed Key","downfall:HeartBlessingGreen","downfall:HeartBlessingBlue","Boot","Art of War","Ancient Tea Set","Darkstone Periapt","Coffee Dripper","Happy Flower","Centennial Puzzle","Blue Candle","Oddly Smooth Stone","Shuriken","Mummified Hand"],"acts_visited":["Exordium","TheCity","TheBeyond","TheEnding"],"potions_floor_usage":[48,52,52,55,55],"damage_taken":[{"damage":0.0,"enemies":"Lagavulin","floor":4.0,"turns":1.0},{"damage":0.0,"enemies":"Jaw Worm","floor":6.0,"turns":1.0},{"damage":0.0,"enemies":"Gremlin Nob","floor":8.0,"turns":1.0},{"damage":0.0,"enemies":"2 Louse","floor":9.0,"turns":2.0},{"damage":15.0,"enemies":"3 Sentries","floor":10.0,"turns":4.0},{"damage":0.0,"enemies":"Small Slimes","floor":12.0,"turns":2.0},{"damage":9.0,"enemies":"Exordium Thugs","floor":13.0,"turns":4.0},{"damage":0.0,"enemies":"downfall:FleeingMerchant","floor":14.0,"turns":5.0},{"damage":10.0,"enemies":"Gremlin Gang","floor":15.0,"turns":3.0},{"damage":58.0,"enemies":"downfall:Defect","floor":16.0,"turns":9.0},{"damage":25.0,"enemies":"Gremlin Leader","floor":19.0,"turns":8.0},{"damage":5.0,"enemies":"Slavers","floor":22.0,"turns":6.0},{"damage":19.0,"enemies":"Gremlin Leader","floor":25.0,"turns":9.0},{"damage":11.0,"enemies":"Chosen","floor":26.0,"turns":4.0},{"damage":0.0,"enemies":"downfall:FleeingMerchant","floor":28.0,"turns":4.0},{"damage":6.0,"enemies":"Shell Parasite","floor":29.0,"turns":3.0},{"damage":18.0,"enemies":"Chosen and Byrds","floor":30.0,"turns":6.0},{"damage":0.0,"enemies":"Snake Plant","floor":32.0,"turns":2.0},{"damage":5.0,"enemies":"downfall:Watcher","floor":33.0,"turns":9.0},{"damage":30.0,"enemies":"3 Shapes","floor":37.0,"turns":4.0},{"damage":26.0,"enemies":"Reptomancer","floor":39.0,"turns":9.0},{"damage":0.0,"enemies":"Orb Walker","floor":40.0,"turns":3.0},{"damage":7.0,"enemies":"downfall:FleeingMerchant","floor":42.0,"turns":5.0},{"damage":10.0,"enemies":"Nemesis","floor":44.0,"turns":5.0},{"damage":6.0,"enemies":"Maw","floor":45.0,"turns":6.0},{"damage":5,"enemies":"Writhing Mass","floor":46,"turns":2},{"damage":0,"enemies":"downfall:FleeingMerchant","floor":47,"turns":3},{"damage":48,"enemies":"3 Darklings","floor":48,"turns":6},{"damage":6,"enemies":"Jaw Worm Horde","floor":49,"turns":3},{"damage":36,"enemies":"downfall:Ironclad","floor":50,"turns":10},{"damage":94,"enemies":"downfall:CharBossMerchant","floor":52,"turns":10},{"damage":93,"enemies":"downfall:NeowBoss","floor":55,"turns":22}],"seed_played":"-7895730888912513541","potions_obtained":[{"floor":8.0,"key":"sneckomod:MuddlingPotion"},{"floor":9.0,"key":"SmokeBomb"},{"floor":10.0,"key":"SpeedPotion"},{"floor":13.0,"key":"hexamod:EctoCoolerPotion"},{"floor":16.0,"key":"FearPotion"},{"floor":22.0,"key":"champ:OpenerPotion"},{"floor":25.0,"key":"champ:TechniquePotion"},{"floor":32.0,"key":"champ:OpenerPotion"},{"floor":40.0,"key":"BlessingOfTheForge"},{"floor":44.0,"key":"Energy Potion"},{"floor":48,"key":"SteroidPotion"},{"floor":52,"key":"Energy Potion"}],"is_trial":false,"path_per_floor":["R","?","R","E","?","M","T","E","M","E","?","M","M","$","M","B",null,"R","E","R","R","E","R","T","E","M","R","$","M","M","?","M","B",null,"R","?","M","?","E","M","T","$","R","E","M","M","$","M","M","B",null,"E","$","R","B",null],"character_chosen":"THE_CHAMP","items_purchased":["champ:FocusedDefense","champ:EndlessRage","Lantern","expansioncontent:Chronoboost","champ:Backstep","champ:Balance","champ:ShieldSigil","Regen Potion","Blue Candle","Metamorphosis","Mummified Hand"],"campfire_rested":0,"item_purchase_floors":[14,14,14,14,28,42,42,42,42,47,53],"current_hp_per_floor":[90,83,83,83,83,83,83,83,83,73,73,73,64,64,64,6,90,100,80,80,80,80,80,80,67,61,61,61,55,37,37,37,38,100,100,100,87,93,68,68,74,82,82,82,96,96,96,68,67,79,112,51,51,51,31],"gold":38,"neow_bonus":"THREE_ENEMY_KILL","is_daily":false,"chose_seed":false,"campfire_upgraded":9,"win_rate":0.0,"timestamp":1608573801,"path_taken":["R","?","R","E","?","M","T","E","M","E","?","M","?","$","M","BOSS","R","E","R","R","E","R","T","E","?","R","$","M","M","?","M","BOSS","R","?","M","?","E","M","T","$","R","E","?","M","$","M","M","BOSS","E","$","R","BOSS"],"items_purchased_type":["Card","Card","Relic","Card","Card","Card","Card","Potion","Relic","Card","Relic"],"build_version":"2020-12-13","purchased_purges":2,"victory":true,"max_hp_per_floor":[90,90,90,90,90,90,90,90,90,90,90,90,90,90,90,90,90,100,100,100,100,100,100,100,100,100,100,100,100,100,100,100,100,100,100,100,100,106,106,106,112,112,112,112,112,112,112,112,112,112,112,112,112,112,112],"relic_stats":{"Darkstone Periapt":12,"Centennial Puzzle":[27],"Happy Flower":[25],"counters":[32,168],"Ornamental Fan":[164],"Shuriken":[10],"Mummified Hand":[8],"Blue Candle":[5],"Art of War":[19],"Cursed Key":2,"Boot":[44],"obtain_stats":[{"Darkstone Periapt":25,"Lantern":14,"downfall:HeartBlessingRed":3,"Happy Flower":39,"Blue Candle":42,"Oddly Smooth Stone":44,"champ:ChampionCrown":0,"downfall:HeartsMalice":0,"downfall:HeartBlessingGreen":18,"Cursed Key":17,"Boot":19,"Ancient Tea Set":24,"Centennial Puzzle":41,"champ:DefensiveTrainingManual":4,"Ornamental Fan":10,"downfall:HeartBlessingBlue":18,"Shuriken":52,"Mummified Hand":53,"WingedGreaves":8,"Art of War":22,"Coffee Dripper":34,"StrikeDummy":2},{"Darkstone Periapt":13,"Lantern":8,"downfall:HeartBlessingRed":0,"Happy Flower":21,"Blue Candle":23,"Oddly Smooth Stone":24,"champ:ChampionCrown":0,"downfall:HeartsMalice":0,"downfall:HeartBlessingGreen":10,"Cursed Key":10,"Boot":11,"Ancient Tea Set":12,"Centennial Puzzle":22,"champ:DefensiveTrainingManual":1,"Ornamental Fan":5,"downfall:HeartBlessingBlue":10,"Shuriken":31,"Mummified Hand":31,"WingedGreaves":3,"Art of War":12,"Coffee Dripper":19,"StrikeDummy":0},{"Darkstone Periapt":52,"Lantern":17,"downfall:HeartBlessingRed":0,"Happy Flower":93,"Blue Candle":101,"Oddly Smooth Stone":106,"champ:ChampionCrown":0,"downfall:HeartsMalice":0,"downfall:HeartBlessingGreen":29,"Cursed Key":29,"Boot":37,"Ancient Tea Set":43,"Centennial Puzzle":96,"champ:DefensiveTrainingManual":0,"Ornamental Fan":6,"downfall:HeartBlessingBlue":29,"Shuriken":146,"Mummified Hand":146,"WingedGreaves":0,"Art of War":43,"Coffee Dripper":80,"StrikeDummy":0}]},"card_choices":[{"not_picked":["champ:ShieldWall","champ:FocusedGladiator"],"picked":"champ:Circumvent","floor":4.0},{"not_picked":["champ:Lariat","champ:HeartStrike"],"picked":"champ:PerfectedStrike","floor":6.0},{"not_picked":["champ:AdrenalArmor","champ:StanceDance"],"picked":"champ:Control","floor":8.0},{"not_picked":["champ:StanceDance","champ:FanOfKnives"],"picked":"champ:RapidStrikes","floor":9.0},{"not_picked":["champ:BringItOn","champ:Aggression"],"picked":"champ:FlashCut","floor":10.0},{"not_picked":["champ:BerserkersShout","champ:DefensiveShout"],"picked":"champ:EnchantShield","floor":12.0},{"not_picked":["champ:Riposte","champ:FlashCut","champ:GladiatorStyle"],"picked":"SKIP","floor":13.0},{"not_picked":["champ:ShieldSigil","champ:DeathBlow"],"picked":"champ:HoldFirm","floor":14.0},{"not_picked":["champ:BringItOn","champ:Haymaker"],"picked":"champ:DefensiveShout","floor":15.0},{"not_picked":["champ:SwordThrow","champ:DancingMaster"],"picked":"champ:IgnorePain","floor":16.0},{"not_picked":["champ:RecklessLeap","champ:GladiatorsShout"],"picked":"champ:ShieldSlam","floor":19.0},{"not_picked":["champ:EnragedBash","champ:Haymaker"],"picked":"champ:ShieldThrow","floor":22.0},{"not_picked":["champ:StanceDance","champ:FlashCut","champ:EnragedBash"],"picked":"SKIP","floor":25.0},{"not_picked":["champ:Encircle","champ:SwordSigil","champ:EnGarde"],"picked":"SKIP","floor":26.0},{"not_picked":["champ:StanceDance","champ:ShieldWall"],"picked":"champ:RisingSlash","floor":28.0},{"not_picked":["champ:SwordSigil","champ:HeartStrike"],"picked":"champ:BringItOn+1","floor":29.0},{"not_picked":["champ:StanceDance+1","champ:FlashCut+1","champ:CrookedStrike"],"picked":"SKIP","floor":30.0},{"not_picked":["champ:Aggression","champ:StanceDance+1"],"picked":"champ:DefensiveStyle","floor":32.0},{"not_picked":["champ:ShieldSlam","champ:LastStand"],"picked":"champ:StrikeOfGenius","floor":33.0},{"not_picked":["champ:BerserkersShout","champ:RageSigil+1","champ:RapidStrikes+1"],"picked":"SKIP","floor":37.0},{"not_picked":["champ:BerserkersShout","champ:Riposte+1"],"picked":"champ:IronFortress+1","floor":39.0},{"not_picked":["champ:AdrenalArmor+1","champ:BringItOn+1"],"picked":"champ:Backstep+1","floor":40.0},{"not_picked":["champ:DefensiveShout+1","champ:FlashCut+1"],"picked":"champ:ArenaPreparation+1","floor":42.0},{"not_picked":["champ:FlashCut+1","champ:Lariat","champ:PreciseThrust"],"picked":"SKIP","floor":44.0},{"not_picked":["champ:DefensiveShout+1","champ:BerserkersShout+1"],"picked":"champ:MurderStrike","floor":45},{"not_picked":["champ:RageSigil+1","champ:FocusedGladiator"],"picked":"champ:SwordSigil+1","floor":46},{"not_picked":["champ:DefensiveShout","champ:Encircle+1"],"picked":"champ:Control+1","floor":47},{"not_picked":["champ:BerserkersShout","champ:RapidStrikes+1"],"picked":"champ:Haymaker+1","floor":48},{"not_picked":["champ:AdrenalArmor","champ:HoldFirm"],"picked":"champ:SkillfulDodge+1","floor":49},{"not_picked":["champ:FocusedBerserking+1","champ:ShieldSigil","champ:Backstep+1"],"picked":"SKIP","floor":52}],"player_experience":944684,"relics_obtained":[{"floor":4.0,"key":"champ:DefensiveTrainingManual"},{"floor":8.0,"key":"WingedGreaves"},{"floor":10.0,"key":"Ornamental Fan"},{"floor":19.0,"key":"Boot"},{"floor":22.0,"key":"Art of War"},{"floor":24.0,"key":"Ancient Tea Set"},{"floor":25.0,"key":"Darkstone Periapt"},{"floor":39.0,"key":"Happy Flower"},{"floor":41.0,"key":"Centennial Puzzle"},{"floor":44.0,"key":"Oddly Smooth Stone"},{"floor":52,"key":"Shuriken"}],"event_choices":[{"damage_healed":0.0,"max_hp_gain":0.0,"max_hp_loss":0.0,"gold_gain":0.0,"event_name":"Scrap Ooze","player_choice":"Success","floor":2.0,"gold_loss":0.0,"damage_taken":7.0,"relics_obtained":["StrikeDummy"]},{"damage_healed":0.0,"max_hp_gain":0.0,"max_hp_loss":0.0,"gold_gain":0.0,"event_name":"Duplicator","player_choice":"Copied","floor":31.0,"gold_loss":0.0,"damage_taken":0.0,"cards_obtained":["champ:IgnorePain"]}],"is_beta":false,"boss_relics":[{"not_picked":["Calling Bell","Fusion Hammer"],"picked":"Cursed Key"},{"not_picked":["Tiny House","Runic Pyramid"],"picked":"Coffee Dripper"}],"items_purged_floors":[28,47],"is_endless":false,"potions_floor_spawned":[8,9,10,13,16,22,25,32,40,44,48,49,52],"ascension_level":3}}