{"host":"cvi30shpqg1ukvbr","time":1608552601,"event":{"mods":["Act Like it!","BaseMod","Better Altar","Better Match","Better Note","Better Sensory Stone","Better Skull","Better Third Choice","Conspire","GifTheSpireLib","Hubris","Infinite Spire","Minty Spire (QoL Compilation)","Relic Stats","Replay The Spire","Shop Mod","Spicy Shops","StSLib","Stuff the Spire"],"gold_per_floor":[20,37,37,48,60,94,94,105,105,105,123,141,168,184,184,285,285,304,304,323,343,30,56,56,86,86,103,138,138,31,45,45,144,144,154,171,171,171,189,189,189,189,189,224,224,224,239,274,293,293,293,293],"floor_reached":53,"playtime":2456,"items_purged":[],"score":906,"play_id":"0772cd33-7336-4271-9af5-0ecbe1f546d4","local_time":"20201221211001","is_ascension_mode":true,"campfire_choices":[{"data":"Armaments","floor":7.0,"key":"SMITH"},{"data":"Uppercut","floor":10.0,"key":"SMITH"},{"data":"StuffTheSpire:Resist","floor":15.0,"key":"SMITH"},{"data":"Berserk","floor":24.0,"key":"SMITH"},{"data":"Brutality","floor":29.0,"key":"SMITH"},{"data":"Rage","floor":32.0,"key":"SMITH"},{"floor":40,"key":"RECALL"},{"data":"StuffTheSpire:Slingshot","floor":43,"key":"SMITH"},{"data":"StuffTheSpire:Resist","floor":46,"key":"SMITH"},{"floor":51,"key":"REST"}],"circlet_count":0,"master_deck":["Strike_R+1","Strike_R","Strike_R","Strike_R","Strike_R","Defend_R","Defend_R","Defend_R","Defend_R","Bash","Rampage","Armaments+1","Poisoned Strike","conspire:ExplosiveBarrier","Feed","Uppercut+1","StuffTheSpire:Resist+1","Headbutt","Dropkick","Rage+1","StuffTheSpire:Slingshot+1","Brutality+1","Cleave","Heavy Blade","Disarm+1","Berserk+1","Reckless Charge+1","Bloodletting","hubris:ReadiedAction","Power Through","Spot Weakness+1","StuffTheSpire:Resist+1","ReplayTheSpireMod:Limb From Limb+1","Spot Weakness","Berserk","StuffTheSpire:BloodClot+1","StuffTheSpire:Incineration+1","StuffTheSpire:BrainWave","infinitespire:TheBestDefense","Parasite","Rupture+1","Headbutt+1","Entrench+1","Body Slam+1","StuffTheSpire:Resist","StuffTheSpire:BrainWave","Headbutt+1"],"relics":["Burning Blood","InkBottle","Torii","Dream Catcher","conspire:SpecialSausage","hubris:ScarierMask","Red Skull","MealTicket","Whetstone","Molten Egg 2","StuffTheSpire:HeavyRock","Painkiller Herb","infinitespire:CursedDice","Vajra","infinitespire:Bottled Soul","conspire:TopHat"],"acts_visited":["Exordium","TheCity","TheBeyond"],"potions_floor_usage":[33,52,52,52],"damage_taken":[{"damage":1.0,"enemies":"Jaw Worm","floor":1.0,"turns":3.0},{"damage":14.0,"enemies":"infinitespire:Voidling","floor":2.0,"turns":5.0},{"damage":5.0,"enemies":"Cultist","floor":4.0,"turns":4.0},{"damage":0.0,"enemies":"Large Slime","floor":5.0,"turns":4.0},{"damage":0.0,"enemies":"Replay:BlueRogue","floor":6.0,"turns":7.0},{"damage":14.0,"enemies":"conspire:2 RoseBushes","floor":8.0,"turns":5.0},{"damage":2.0,"enemies":"2 Fungi Beasts","floor":11.0,"turns":4.0},{"damage":6.0,"enemies":"Large Slime","floor":12.0,"turns":8.0},{"damage":27.0,"enemies":"Gremlin Nob","floor":13.0,"turns":4.0},{"damage":13.0,"enemies":"3 Louse","floor":14.0,"turns":3.0},{"damage":39.0,"enemies":"The Guardian","floor":16.0,"turns":9.0},{"damage":13.0,"enemies":"conspire:FuzzyDice","floor":18.0,"turns":6.0},{"damage":39.0,"enemies":"Spheric Guardian","floor":20.0,"turns":6.0},{"damage":2.0,"enemies":"Snecko","floor":21.0,"turns":3.0},{"damage":5.0,"enemies":"Replay:Snechameleon","floor":23.0,"turns":5.0},{"damage":18.0,"enemies":"conspire:SneckoGhost","floor":25.0,"turns":7.0},{"damage":8.0,"enemies":"conspire:HollyBat","floor":27.0,"turns":7.0},{"damage":5.0,"enemies":"conspire:Head Lice","floor":28.0,"turns":6.0},{"damage":17.0,"enemies":"Centurion and Healer","floor":31.0,"turns":4.0},{"damage":34,"enemies":"Automaton","floor":33,"turns":10},{"damage":20,"enemies":"Orb Walker","floor":35,"turns":4},{"damage":14,"enemies":"3 Shapes","floor":36,"turns":4},{"damage":18,"enemies":"Writhing Mass","floor":39,"turns":6},{"damage":16,"enemies":"Giant Head","floor":44,"turns":7},{"damage":1,"enemies":"Maw","floor":47,"turns":6},{"damage":24,"enemies":"Reptomancer","floor":48,"turns":6},{"damage":3,"enemies":"Sphere and 2 Shapes","floor":49,"turns":3},{"damage":65,"enemies":"Awakened One","floor":52,"turns":11}],"seed_played":"1073465335543166891","potions_obtained":[{"floor":5.0,"key":"GamblersBrew"},{"floor":6.0,"key":"conspire:TimeTravelPotion"},{"floor":12.0,"key":"Toxic Potion"},{"floor":14.0,"key":"Languid Potion"},{"floor":21.0,"key":"Explosive Potion"},{"floor":23.0,"key":"Adrenaline Potion"},{"floor":25.0,"key":"Adrenaline Potion"},{"floor":31.0,"key":"Weak Potion"},{"floor":33,"key":"Dexterity Potion"}],"is_trial":false,"path_per_floor":["M","M","?","M","M","E","R","M","T","R","M","M","E","M","R","B",null,"M","AVR","M","M","$","E","R","E","T","M","E","R","$","M","R","B",null,"?","?","?","AVR","?","T","PTL","PTL","T","E","T","T","?","E","?","?","T","B",null],"character_chosen":"IRONCLAD","items_purchased":["Berserk","Reckless Charge","MealTicket","StuffTheSpire:Resist","ReplayTheSpireMod:Limb From Limb+1"],"campfire_rested":1,"item_purchase_floors":[22,22,22,30,30],"current_hp_per_floor":[80,72,72,73,79,80,80,75,75,75,83,86,86,79,79,46,90,87,87,54,58,58,62,62,50,50,48,52,52,67,56,56,28,100,86,78,78,78,66,66,66,66,66,56,56,56,61,43,46,46,73,14],"gold":293,"neow_bonus":"RANDOM_COLORLESS_2","is_daily":false,"chose_seed":false,"campfire_upgraded":8,"win_rate":0.0,"timestamp":1608552601,"path_taken":["M","M","?","M","M","E","R","M","T","R","M","M","E","M","R","BOSS","M","AVR","M","M","$","E","R","E","T","?","E","R","?","M","R","BOSS","?","?","?","AVR","?","T","PTL","PTL","T","E","T","T","?","E","?","?","T","BOSS"],"items_purchased_type":["Card","Card","Relic","Card","Card"],"build_version":"2020-12-13","purchased_purges":0,"victory":true,"max_hp_per_floor":[80,80,80,80,80,80,80,83,83,83,87,90,90,90,90,90,90,94,94,94,94,94,97,97,97,97,97,100,100,100,100,100,100,100,100,100,100,100,100,100,100,100,100,100,100,100,100,100,100,90,90,90],"relic_stats":{"Dream Catcher":1,"Torii":36,"counters":[28,157],"MealTicket":15,"Whetstone":["Reckless Charge","Strike_R"],"obtain_stats":[{"Torii":9,"infinitespire:CursedDice":38,"Vajra":44,"conspire:SpecialSausage":17,"Painkiller Herb":34,"Whetstone":25,"Burning Blood":0,"conspire:TopHat":48,"Dream Catcher":13,"infinitespire:Bottled Soul":45,"StuffTheSpire:HeavyRock":28,"hubris:ScarierMask":19,"MealTicket":22,"Molten Egg 2":26,"hubris:TenFootPole":23,"InkBottle":6,"Red Skull":19},{"Torii":6,"infinitespire:CursedDice":22,"Vajra":24,"conspire:SpecialSausage":11,"Painkiller Herb":20,"Whetstone":16,"Burning Blood":0,"conspire:TopHat":26,"Dream Catcher":9,"infinitespire:Bottled Soul":24,"StuffTheSpire:HeavyRock":18,"hubris:ScarierMask":12,"MealTicket":14,"Molten Egg 2":16,"hubris:TenFootPole":15,"InkBottle":5,"Red Skull":12},{"Torii":28,"infinitespire:CursedDice":118,"Vajra":131,"conspire:SpecialSausage":56,"Painkiller Herb":110,"Whetstone":83,"Burning Blood":0,"conspire:TopHat":143,"Dream Catcher":44,"infinitespire:Bottled Soul":131,"StuffTheSpire:HeavyRock":96,"hubris:ScarierMask":62,"MealTicket":71,"Molten Egg 2":83,"hubris:TenFootPole":76,"InkBottle":23,"Red Skull":62}],"Burning Blood":158,"InkBottle":[49]},"card_choices":[{"not_picked":["Crow Ritual","Transmutation"],"picked":"Midas Touch","floor":0.0},{"not_picked":["Sword Boomerang","Reckless Charge"],"picked":"Rampage","floor":1.0},{"not_picked":["Body Slam","Second Wind"],"picked":"Armaments","floor":2.0},{"not_picked":["Warcry","Body Slam"],"picked":"conspire:ExplosiveBarrier","floor":4.0},{"not_picked":["Warcry","Thunderclap"],"picked":"Feed","floor":5.0},{"not_picked":["Intimidate","Replay:Undeath\u0027s Touch"],"picked":"Uppercut","floor":6.0},{"not_picked":["ReplayTheSpireMod:Strike From Hell","Havoc"],"picked":"StuffTheSpire:Resist","floor":8.0},{"not_picked":["Thunderclap","Life Link"],"picked":"Headbutt","floor":11.0},{"not_picked":["Thunderclap","Flex"],"picked":"Dropkick","floor":12.0},{"not_picked":["Burning Pact","Disarm"],"picked":"Rage","floor":13.0},{"not_picked":["Pommel Strike","Armaments"],"picked":"StuffTheSpire:Slingshot","floor":14.0},{"not_picked":["Juggernaut","StuffTheSpire:TitanForm"],"picked":"Brutality","floor":16.0},{"not_picked":["ReplayTheSpireMod:Strike From Hell","Warcry+1"],"picked":"Cleave","floor":18.0},{"not_picked":["Seeing Red","Clash+1"],"picked":"Heavy Blade","floor":20.0},{"not_picked":["ReplayTheSpireMod:Strike From Hell","Shockwave"],"picked":"Disarm+1","floor":21.0},{"not_picked":["Rampage","Heavy Blade"],"picked":"Bloodletting","floor":23.0},{"not_picked":["Thunderclap","Sentinel"],"picked":"hubris:ReadiedAction","floor":25.0},{"not_picked":["Feel No Pain","ReplayTheSpireMod:Limb From Limb+1"],"picked":"Power Through","floor":27.0},{"not_picked":["Offering","Burning Pact"],"picked":"Spot Weakness+1","floor":28.0},{"not_picked":["Iron Wave+1","Thunderclap+1"],"picked":"Spot Weakness","floor":31.0},{"not_picked":["Eclipse","Replay:Many Hands"],"picked":"Berserk","floor":33},{"not_picked":["hubris:ReadiedAction","Rage+1"],"picked":"StuffTheSpire:BloodClot+1","floor":35},{"not_picked":["Abandon","Wild Strike+1"],"picked":"StuffTheSpire:Incineration+1","floor":36},{"not_picked":["StuffTheSpire:Brawn","StuffTheSpire:Perfection"],"picked":"StuffTheSpire:BrainWave","floor":37},{"not_picked":["Demon Form","Heavy Blade+1"],"picked":"Rupture+1","floor":39},{"not_picked":["ReplayTheSpireMod:Strike From Hell+1","Havoc+1"],"picked":"Headbutt+1","floor":44},{"not_picked":["ReplayTheSpireMod:Strike From Hell+1","Sword Boomerang+1"],"picked":"Entrench+1","floor":47},{"not_picked":["Iron Wave+1","conspire:ExplosiveBarrier"],"picked":"Body Slam+1","floor":48},{"not_picked":["Body Slam+1","Run Through+1"],"picked":"StuffTheSpire:Resist","floor":49},{"not_picked":["ReplayTheSpireMod:Strike From Hell+1","True Grit"],"picked":"Headbutt+1","floor":51}],"player_experience":1762403,"relics_obtained":[{"floor":6.0,"key":"InkBottle"},{"floor":9.0,"key":"Torii"},{"floor":13.0,"key":"Dream Catcher"},{"floor":23.0,"key":"hubris:TenFootPole"},{"floor":25.0,"key":"Whetstone"},{"floor":26.0,"key":"Molten Egg 2"},{"floor":28.0,"key":"StuffTheSpire:HeavyRock"},{"floor":44,"key":"Vajra"},{"floor":45,"key":"infinitespire:Bottled Soul"},{"floor":48,"key":"conspire:TopHat"}],"event_choices":[{"damage_healed":0.0,"max_hp_gain":0.0,"max_hp_loss":0.0,"gold_gain":0.0,"cards_transformed":["Midas Touch"],"event_name":"Transmorgrifier","player_choice":"Transformed","floor":3.0,"gold_loss":0.0,"damage_taken":0.0,"cards_obtained":["Poisoned Strike"]}],"is_beta":false,"boss_relics":[{"not_picked":["Snecko Eye","Abe\u0027s Treasure"],"picked":"conspire:SpecialSausage"},{"not_picked":["Snecko Heart","hubris:RunicObelisk"],"picked":"Painkiller Herb"}],"items_purged_floors":[],"is_endless":false,"potions_floor_spawned":[5,6,12,14,21,23,25,28,31,33,39,47,49],"ascension_level":1}}