{"host":"cjmwurvrz00ml9vd","time":1608581924,"event":{"mods":["2.2 Compatiblity","AchievementEnabler","Act Like it!","Aspiration","BaseMod","Beaked The Cultist","Better Third Choice","BetterRewards","Colored Powertips","Conspire","Downfall","Energized Spire","Marisa????????","Marked Mod","Minty Spire (QoL Compilation)","Replay The Spire","Say the Spire","StSLib","The Blackbeard","The Cursed","The Disciple","The Hierophant","The Jungle","The Necromancer","The Servant 0.9.4","TheFirefly","vexMod"],"gold_per_floor":[110,139,139,139,151,151,151],"floor_reached":6,"playtime":213,"items_purged":[],"score":44,"play_id":"dd51c93e-075b-4293-9b0d-29280e469099","local_time":"20201221211844","is_ascension_mode":true,"campfire_choices":[],"circlet_count":0,"master_deck":["Strike_MRS","Strike_MRS","Strike_MRS","Strike_MRS","Defend_MRS","Defend_MRS","Defend_MRS","Defend_MRS","MasterSpark","UpSweep","Singularity","UnstableBomb+1"],"relics":["MiniHakkero","vexMod:CardConverter","ReplayTheSpireMod:Lightbulb"],"acts_visited":["Exordium"],"potions_floor_usage":[2,2,6],"damage_taken":[{"damage":7,"enemies":"Jaw Worm","floor":1,"turns":3},{"damage":14,"enemies":"conspire:MimicChest","floor":2,"turns":4},{"damage":0,"enemies":"Small Slimes","floor":5,"turns":3},{"damage":25,"enemies":"Lagavulin","floor":6,"turns":5}],"seed_played":"378633455627607435","potions_obtained":[{"floor":5,"key":"Reflective Coating"}],"is_trial":false,"path_per_floor":["M","?","?","$","M","E"],"character_chosen":"MARISA","items_purchased":["vexMod:CardConverter","Singularity","UnstableBomb","PowerPotion","Energy Potion"],"campfire_rested":0,"item_purchase_floors":[0,0,0,0,0],"current_hp_per_floor":[38,24,24,24,24,0,0],"gold":151,"neow_bonus":"","is_daily":false,"chose_seed":false,"campfire_upgraded":0,"win_rate":0.0,"timestamp":1608581924,"path_taken":["M","?","?","$","?","E"],"items_purchased_type":["Relic","Card","Card","Potion","Potion"],"build_version":"2020-12-13","purchased_purges":0,"victory":false,"max_hp_per_floor":[79,79,79,79,79,79,79],"card_choices":[{"not_picked":["MagicAbsorber","Acceleration","OortCloud"],"picked":"SKIP","floor":1},{"not_picked":["Acceleration","Orbital","DC"],"picked":"SKIP","floor":5},{"not_picked":["Acceleration","Orbital","DC"],"picked":"SKIP","floor":5}],"player_experience":622648,"relics_obtained":[{"floor":2,"key":"ReplayTheSpireMod:Lightbulb"}],"event_choices":[{"damage_healed":0,"gold_gain":0,"player_choice":"Upgraded","damage_taken":0,"max_hp_gain":0,"max_hp_loss":0,"event_name":"Upgrade Shrine","floor":3,"gold_loss":0,"cards_upgraded":["UnstableBomb"]}],"is_beta":false,"boss_relics":[],"items_purged_floors":[],"is_endless":false,"potions_floor_spawned":[5],"killed_by":"Lagavulin","ascension_level":6}}