{"host":"g4ab9t1gz8ec047l","time":1608576808,"event":{"mods":["AchievementEnabler","BaseMod","Block Reminder","Colored Map","Colored Powertips","Displayed Cursed Tome","Highlight Path","Minty Spire (QoL Compilation)","Relic Stats","StSLib","SuperFastMode"],"gold_per_floor":[112,131,131,59,9,39,56,56,56,56,82,82,98,129,129,233,233,252,252,222,240,260,294,50,60,60,60,93,113,143,161,161,257,257,270,289,289,289,337,337,637,663,663,452,225,225,242,267,267,267,267,267,41,69,69],"floor_reached":56,"playtime":4628,"items_purged":["Defend_G","Defend_G"],"score":1740,"play_id":"e64c858b-04f5-41ab-8e26-e6aacf1b5dea","local_time":"20201222025328","is_ascension_mode":true,"campfire_choices":[{"data":"Neutralize","floor":8.0,"key":"SMITH"},{"data":"Sucker Punch","floor":12.0,"key":"SMITH"},{"data":"Footwork","floor":15.0,"key":"SMITH"},{"data":"Adrenaline","floor":32.0,"key":"SMITH"},{"data":"Secret Technique","floor":40.0,"key":"SMITH"},{"floor":46.0,"key":"RECALL"},{"data":"Cloak And Dagger","floor":49.0,"key":"SMITH"},{"data":"Panacea","floor":52.0,"key":"SMITH"}],"circlet_count":0,"master_deck":["Defend_G","Defend_G","Defend_G","Survivor+1","Neutralize+1","Backflip","Endless Agony","Footwork+1","Quick Slash","Sucker Punch+1","Heel Hook","Escape Plan","Adrenaline+1","Expertise+1","Bite","Bite","Bite","Bite","Bite","PiercingWail+1","Deflect+1","Backflip+1","Writhe","Dodge and Roll+1","PiercingWail+1","Heel Hook","Tools of the Trade","CurseOfTheBell","Backflip","Flash of Steel","Secret Technique+1","Flash of Steel","Slice+1","Panacea+1","Cloak And Dagger+1","Footwork","Slice","Escape Plan","Terror+1","Caltrops","Impatience","Blade Dance+1"],"relics":["Ring of the Snake","NeowsBlessing","Mummified Hand","Snake Skull","Bag of Marbles","Du-Vu Doll","Nunchaku","Centennial Puzzle","Philosopher\u0027s Stone","Matryoshka","Kunai","Paper Crane","PreservedInsect","Pantograph","Vajra","War Paint","Calling Bell","Orichalcum","Sundial","Turnip","Tough Bandages","Bag of Preparation","Old Coin","Bronze Scales","Dream Catcher","Membership Card","Toy Ornithopter"],"acts_visited":["Exordium","TheCity","TheBeyond","TheEnding"],"potions_floor_usage":[55],"damage_taken":[{"damage":0.0,"enemies":"Cultist","floor":1.0,"turns":1.0},{"damage":0.0,"enemies":"Small Slimes","floor":2.0,"turns":1.0},{"damage":0.0,"enemies":"Lagavulin","floor":6.0,"turns":1.0},{"damage":1.0,"enemies":"Jaw Worm","floor":7.0,"turns":4.0},{"damage":10.0,"enemies":"3 Sentries","floor":11.0,"turns":7.0},{"damage":4.0,"enemies":"Looter","floor":13.0,"turns":3.0},{"damage":6.0,"enemies":"Gremlin Nob","floor":14.0,"turns":4.0},{"damage":19.0,"enemies":"The Guardian","floor":16.0,"turns":16.0},{"damage":2.0,"enemies":"2 Thieves","floor":18.0,"turns":3.0},{"damage":3.0,"enemies":"Shell Parasite","floor":21.0,"turns":5.0},{"damage":20.0,"enemies":"Sentry and Sphere","floor":22.0,"turns":8.0},{"damage":12.0,"enemies":"Slavers","floor":23.0,"turns":8.0},{"damage":6.0,"enemies":"Snake Plant","floor":25.0,"turns":7.0},{"damage":23.0,"enemies":"Gremlin Leader","floor":28.0,"turns":7.0},{"damage":0.0,"enemies":"Shelled Parasite and Fungi","floor":29.0,"turns":4.0},{"damage":0.0,"enemies":"Slavers","floor":30.0,"turns":5.0},{"damage":0.0,"enemies":"3 Cultists","floor":31.0,"turns":5.0},{"damage":12.0,"enemies":"Champ","floor":33.0,"turns":17.0},{"damage":5.0,"enemies":"3 Darklings","floor":35.0,"turns":5.0},{"damage":0.0,"enemies":"3 Shapes","floor":36.0,"turns":3.0},{"damage":18.0,"enemies":"2 Orb Walkers","floor":39.0,"turns":6.0},{"damage":10.0,"enemies":"Nemesis","floor":42.0,"turns":5.0},{"damage":3.0,"enemies":"Maw","floor":47.0,"turns":7.0},{"damage":0.0,"enemies":"Giant Head","floor":48.0,"turns":6.0},{"damage":1.0,"enemies":"Awakened One","floor":50.0,"turns":14.0},{"damage":22.0,"enemies":"Shield and Spear","floor":54.0,"turns":8.0},{"damage":44,"enemies":"The Heart","floor":55,"turns":11}],"seed_played":"-2067896309673373686","potions_obtained":[{"floor":2.0,"key":"BlessingOfTheForge"},{"floor":7.0,"key":"Strength Potion"},{"floor":11.0,"key":"Strength Potion"},{"floor":20.0,"key":"AttackPotion"},{"floor":20.0,"key":"GamblersBrew"},{"floor":23.0,"key":"SteroidPotion"},{"floor":28.0,"key":"LiquidMemories"},{"floor":30.0,"key":"SpeedPotion"},{"floor":31.0,"key":"Dexterity Potion"},{"floor":39.0,"key":"SneckoOil"},{"floor":42.0,"key":"Weak Potion"}],"is_trial":false,"path_per_floor":["M","M","?","$","?","E","M","R","T","?","E","R","M","E","R","B",null,"M","?","?","M","M","E","$","M","T","?","E","M","E","M","R","B",null,"M","M","?","?","?","R","T","E","T","$","$","R","M","E","R","B",null,"R","$","E","B",null],"character_chosen":"THE_SILENT","items_purchased":["Footwork","Kunai","Panacea","Cloak And Dagger","Footwork","Slice","Membership Card","Caltrops","Impatience"],"campfire_rested":0,"item_purchase_floors":[4,24,44,44,45,45,53,53,53],"current_hp_per_floor":[63,63,63,63,63,63,62,62,62,55,45,45,41,35,35,16,57,55,49,49,49,39,47,47,49,49,49,34,44,49,49,49,49,49,49,49,39,39,35,35,35,39,39,39,39,39,49,49,49,49,49,49,49,45,26],"gold":69,"neow_bonus":"THREE_ENEMY_KILL","is_daily":false,"chose_seed":false,"campfire_upgraded":7,"win_rate":0.0,"timestamp":1608576808,"path_taken":["M","?","?","$","?","E","M","R","T","?","E","R","?","E","R","BOSS","M","?","?","?","M","E","$","?","T","?","E","M","E","M","R","BOSS","M","M","?","?","?","R","?","E","T","?","$","R","M","E","R","BOSS","R","$","E","BOSS"],"items_purchased_type":["Card","Relic","Card","Card","Card","Card","Relic","Card","Card"],"build_version":"2020-12-13","purchased_purges":2,"victory":true,"max_hp_per_floor":[70,70,70,70,70,70,70,70,70,70,70,70,70,70,70,70,70,70,49,49,49,49,49,49,49,49,49,49,49,49,49,49,49,49,49,49,49,49,49,49,49,49,49,49,49,49,49,49,49,49,49,49,49,49,49],"relic_stats":{"counters":[27,171],"Snake Skull":[0],"PreservedInsect":327,"Bag of Preparation":[12],"War Paint":["Survivor","Expertise"],"Orichalcum":[6],"Nunchaku":[59],"Centennial Puzzle":[46],"Tough Bandages":[114],"Dream Catcher":0,"Mummified Hand":[40],"Sundial":[10],"Pantograph":4,"Bronze Scales":[282],"Turnip":[5],"Kunai":[118],"obtain_stats":[{"Vajra":28,"Snake Skull":6,"Bag of Preparation":41,"Old Coin":41,"Nunchaku":11,"Centennial Puzzle":14,"Tough Bandages":39,"Dream Catcher":48,"Matryoshka":23,"Mummified Hand":3,"Sundial":34,"Pantograph":27,"Philosopher\u0027s Stone":17,"Kunai":24,"Ring of the Snake":0,"NeowsBlessing":0,"PreservedInsect":26,"Paper Crane":26,"War Paint":30,"Orichalcum":34,"Du-Vu Doll":10,"Calling Bell":34,"Bronze Scales":42,"Turnip":34,"Bag of Marbles":9,"Membership Card":53,"Toy Ornithopter":54},{"Vajra":14,"Snake Skull":3,"Bag of Preparation":21,"Old Coin":21,"Nunchaku":5,"Centennial Puzzle":7,"Tough Bandages":21,"Dream Catcher":24,"Matryoshka":12,"Mummified Hand":2,"Sundial":18,"Pantograph":13,"Philosopher\u0027s Stone":8,"Kunai":12,"Ring of the Snake":0,"NeowsBlessing":0,"PreservedInsect":13,"Paper Crane":13,"War Paint":16,"Orichalcum":18,"Du-Vu Doll":4,"Calling Bell":18,"Bronze Scales":22,"Turnip":18,"Bag of Marbles":4,"Membership Card":25,"Toy Ornithopter":26},{"Vajra":75,"Snake Skull":3,"Bag of Preparation":120,"Old Coin":120,"Nunchaku":14,"Centennial Puzzle":21,"Tough Bandages":120,"Dream Catcher":138,"Matryoshka":61,"Mummified Hand":2,"Sundial":106,"Pantograph":68,"Philosopher\u0027s Stone":37,"Kunai":61,"Ring of the Snake":0,"NeowsBlessing":0,"PreservedInsect":68,"Paper Crane":68,"War Paint":84,"Orichalcum":106,"Du-Vu Doll":7,"Calling Bell":106,"Bronze Scales":125,"Turnip":106,"Bag of Marbles":7,"Membership Card":152,"Toy Ornithopter":160}],"Toy Ornithopter":0,"Ring of the Snake":[55]},"card_choices":[{"not_picked":["Dodge and Roll","Concentrate"],"picked":"Backflip","floor":1.0},{"not_picked":["Backflip","Bouncing Flask"],"picked":"Endless Agony","floor":2.0},{"not_picked":["Backflip","Prepared"],"picked":"Heel Hook","floor":6.0},{"not_picked":["Backstab","Blade Dance"],"picked":"Quick Slash","floor":7.0},{"not_picked":["Bane","Deadly Poison"],"picked":"Sucker Punch","floor":11.0},{"not_picked":["Crippling Poison","Leg Sweep"],"picked":"Heel Hook","floor":13.0},{"not_picked":["Bane","Caltrops"],"picked":"Escape Plan","floor":14.0},{"not_picked":["Storm of Steel","Grand Finale"],"picked":"Adrenaline","floor":16.0},{"not_picked":["Bane","Slice+1"],"picked":"Expertise","floor":18.0},{"not_picked":["Quick Slash+1","Reflex"],"picked":"PiercingWail+1","floor":21.0},{"not_picked":["Blade Dance","Outmaneuver","Sucker Punch"],"picked":"SKIP","floor":22.0},{"not_picked":["Backstab","Masterful Stab"],"picked":"Deflect+1","floor":23.0},{"not_picked":["Heel Hook","Expertise+1"],"picked":"Backflip+1","floor":25.0},{"not_picked":["Poisoned Stab","Phantasmal Killer"],"picked":"Dodge and Roll+1","floor":28.0},{"not_picked":["Eviscerate","Slice"],"picked":"PiercingWail+1","floor":29.0},{"not_picked":["Caltrops","Dodge and Roll+1"],"picked":"Heel Hook","floor":30.0},{"not_picked":["Dash","Bane","Predator"],"picked":"SKIP","floor":31.0},{"not_picked":["Glass Knife","Corpse Explosion"],"picked":"Tools of the Trade","floor":33.0},{"not_picked":["Flying Knee","Sucker Punch","Predator"],"picked":"SKIP","floor":35.0},{"not_picked":["Deflect+1","Setup"],"picked":"Backflip","floor":36.0},{"not_picked":["Impatience","Secret Technique"],"picked":"Flash of Steel","floor":37.0},{"not_picked":["Dramatic Entrance","Master of Strategy"],"picked":"Secret Technique","floor":37.0},{"not_picked":["Madness","HandOfGreed"],"picked":"Flash of Steel","floor":37.0},{"not_picked":["Flying Knee","PiercingWail"],"picked":"Slice+1","floor":39.0},{"not_picked":["Corpse Explosion","Deadly Poison+1","Tactician"],"picked":"SKIP","floor":42.0},{"not_picked":["Outmaneuver","Dagger Throw+1"],"picked":"Escape Plan","floor":47.0},{"not_picked":["Underhanded Strike+1","Malaise"],"picked":"Terror+1","floor":48.0},{"not_picked":["Acrobatics+1","Quick Slash"],"picked":"Blade Dance+1","floor":54}],"player_experience":722176,"relics_obtained":[{"floor":6.0,"key":"Snake Skull"},{"floor":9.0,"key":"Bag of Marbles"},{"floor":11.0,"key":"Nunchaku"},{"floor":14.0,"key":"Centennial Puzzle"},{"floor":23.0,"key":"Matryoshka"},{"floor":26.0,"key":"Paper Crane"},{"floor":26.0,"key":"PreservedInsect"},{"floor":28.0,"key":"Vajra"},{"floor":30.0,"key":"War Paint"},{"floor":34.0,"key":"Orichalcum"},{"floor":34.0,"key":"Sundial"},{"floor":34.0,"key":"Turnip"},{"floor":39.0,"key":"Tough Bandages"},{"floor":41.0,"key":"Bag of Preparation"},{"floor":41.0,"key":"Old Coin"},{"floor":42.0,"key":"Bronze Scales"},{"floor":48.0,"key":"Dream Catcher"},{"floor":54,"key":"Toy Ornithopter"}],"event_choices":[{"damage_healed":0.0,"max_hp_gain":0.0,"max_hp_loss":0.0,"gold_gain":0.0,"event_name":"Big Fish","player_choice":"Box","floor":3.0,"gold_loss":0.0,"damage_taken":0.0,"relics_obtained":["Mummified Hand"],"cards_obtained":["Regret"]},{"cards_removed":["Regret"],"damage_healed":0.0,"max_hp_gain":0.0,"max_hp_loss":0.0,"gold_gain":0.0,"event_name":"The Cleric","player_choice":"Card Removal","floor":5.0,"gold_loss":50.0,"damage_taken":0.0},{"damage_healed":0.0,"max_hp_gain":0.0,"max_hp_loss":0.0,"gold_gain":0.0,"event_name":"Scrap Ooze","player_choice":"Success","floor":10.0,"gold_loss":0.0,"damage_taken":7.0,"relics_obtained":["Du-Vu Doll"]},{"damage_healed":0.0,"max_hp_gain":0.0,"max_hp_loss":21.0,"gold_gain":0.0,"event_name":"Vampires","player_choice":"Became a vampire","floor":19.0,"gold_loss":0.0,"damage_taken":0.0,"cards_obtained":["Bite","Bite","Bite","Bite","Bite"]},{"damage_healed":0.0,"max_hp_gain":0.0,"max_hp_loss":0.0,"gold_gain":0.0,"event_name":"The Woman in Blue","player_choice":"Bought 2 Potions","floor":20.0,"gold_loss":0.0,"damage_taken":0.0},{"damage_healed":0.0,"max_hp_gain":0.0,"max_hp_loss":0.0,"gold_gain":0.0,"event_name":"The Mausoleum","player_choice":"Opened","floor":27.0,"gold_loss":0.0,"damage_taken":0.0,"relics_obtained":["Pantograph"],"cards_obtained":["Writhe"]},{"damage_healed":0.0,"max_hp_gain":0.0,"max_hp_loss":0.0,"gold_gain":0.0,"event_name":"SensoryStone","player_choice":"Memory 3","floor":37.0,"gold_loss":0.0,"damage_taken":10.0},{"cards_removed":["Heel Hook"],"damage_healed":0.0,"max_hp_gain":0.0,"max_hp_loss":0.0,"gold_gain":0.0,"event_name":"Falling","player_choice":"Removed Attack","floor":38.0,"gold_loss":0.0,"damage_taken":0.0},{"damage_healed":0.0,"max_hp_gain":0.0,"max_hp_loss":0.0,"gold_gain":0.0,"event_name":"Mysterious Sphere","player_choice":"Fight","floor":39.0,"gold_loss":0.0,"damage_taken":0.0}],"is_beta":false,"boss_relics":[{"not_picked":["Fusion Hammer","Snecko Eye"],"picked":"Philosopher\u0027s Stone"},{"not_picked":["Ring of the Serpent","HoveringKite"],"picked":"Calling Bell"}],"items_purged_floors":[44,45],"is_endless":false,"potions_floor_spawned":[2,7,11,23,25,28,30,31,39,42,48],"ascension_level":6}}