{"host":"zjc1tzo4ovig5lll","time":1608571919,"event":{"mods":["AchievementEnabler","Aspiration","BaseMod","Beaked The Cultist","Better Altar","Better Match","Better Note","Better Sensory Stone","Colored Map","Colored Powertips","Conspire","Energized Spire","Friendly Minions","GifTheSpireLib","Halation","Hermit","Hubris","Minty Spire (QoL Compilation)","Rare Cards Sparkle","Replay The Spire","Spikes Relics","StSLib","Stuff the Spire","The Bug Knight","The Construct","The Jungle","The Servant 0.9.4","everything is the same but u backflip on backflip","vexMod"],"gold_per_floor":[112,112,0,19,29,29,29,48,48,64,64,64],"floor_reached":11,"playtime":371,"items_purged":[],"score":64,"play_id":"2db2e38c-f271-458e-a297-477504446512","local_time":"20201221193159","is_ascension_mode":false,"campfire_choices":[],"circlet_count":0,"master_deck":["Strike_B","Strike_B","Strike_B","Strike_B","Defend_B","Defend_B","Defend_B","Defend_B","Zap","Dualcast","White Noise","Storm","BasicCrystalCard","BasicCrystalCard","Conserve Battery","Consume"],"relics":["Cracked Core","NeowsBlessing","Frozen Egg 2","Spirit Poop"],"acts_visited":["Exordium"],"potions_floor_usage":[11,11],"damage_taken":[{"damage":0,"enemies":"Small Slimes","floor":1,"turns":1},{"damage":0,"enemies":"Cultist","floor":4,"turns":1},{"damage":0,"enemies":"2 Louse","floor":5,"turns":1},{"damage":34,"enemies":"Gremlin Gang","floor":8,"turns":7},{"damage":10,"enemies":"Large Slime","floor":10,"turns":7},{"damage":63,"enemies":"Gremlin Nob","floor":11,"turns":4}],"seed_played":"-1453052733475635866","potions_obtained":[{"floor":2,"key":"ColorlessPotion"},{"floor":2,"key":"Strength Potion"},{"floor":2,"key":"SmokeBomb"}],"is_trial":false,"path_per_floor":["M","?","$","M","M","?","?","M","T","M","E"],"character_chosen":"DEFECT","items_purchased":["Storm","BasicCrystalCard"],"campfire_rested":0,"item_purchase_floors":[3,3],"current_hp_per_floor":[75,75,75,75,75,75,75,41,41,31,0,0],"gold":64,"neow_bonus":"THREE_ENEMY_KILL","is_daily":false,"chose_seed":false,"campfire_upgraded":0,"win_rate":0.0,"timestamp":1608571919,"path_taken":["M","?","$","?","?","?","?","M","T","?","E"],"items_purchased_type":["Card","Card"],"build_version":"2020-12-13","purchased_purges":0,"victory":false,"max_hp_per_floor":[75,75,75,75,75,75,75,75,75,75,75,75],"card_choices":[{"not_picked":["Hologram","Undo"],"picked":"White Noise","floor":1},{"not_picked":["Leap","Gash"],"picked":"Conserve Battery","floor":4},{"not_picked":["Fusion","Gash","Sweeping Beam"],"picked":"SKIP","floor":5},{"not_picked":["Redo","Cold Snap"],"picked":"Consume","floor":8},{"not_picked":["BasicCrystalCard","hubris:Ukulele","Hologram"],"picked":"SKIP","floor":10}],"player_experience":567453,"relics_obtained":[],"event_choices":[{"damage_healed":0,"gold_gain":0,"player_choice":"Got Potions","damage_taken":0,"max_hp_gain":0,"max_hp_loss":0,"event_name":"Lab","floor":2,"gold_loss":0},{"cards_removed":["Injury"],"damage_healed":0,"gold_gain":0,"player_choice":"Offered Curse","damage_taken":0,"relics_obtained":["Spirit Poop"],"max_hp_gain":0,"max_hp_loss":0,"event_name":"Bonfire Elementals","floor":7,"gold_loss":0}],"is_beta":false,"boss_relics":[],"items_purged_floors":[],"is_endless":false,"potions_floor_spawned":[4,5,10],"killed_by":"Gremlin Nob","ascension_level":0}}