{"host":"hqvh779b89tfrjxy","time":1608560581,"event":{"mods":["Act Like it!","BaseMod","Better Third Choice","Downfall","Elementarium","Filter the Spire","GifTheSpireLib","Marked Mod","Minty Spire (QoL Compilation)","Replay The Spire","Spicy Shops","StSLib"],"gold_per_floor":[113,124,135,155,165,195,195,228,251,251,18,18,36,53,53,151,151,170,170,186,186,203,203,231,231,231,231,243,268,279,314,314,314,314],"floor_reached":33,"playtime":1738,"items_purged":["Clumsy"],"score":479,"play_id":"cbd495d1-455a-4586-9e54-5e1807e59ffa","local_time":"20201221152301","is_ascension_mode":true,"campfire_choices":[{"data":"expansioncontent:DarkVoid","floor":7.0,"key":"SMITH"},{"data":"Vigilance","floor":10.0,"key":"SMITH"},{"floor":15.0,"key":"REST"},{"data":"Vault","floor":23.0,"key":"SMITH"},{"floor":25.0,"key":"REST"},{"floor":27.0,"key":"REST"},{"floor":32,"key":"REST"}],"circlet_count":0,"master_deck":["AscendersBane","Strike_P","Strike_P","Strike_P","Strike_P+1","Defend_P","Defend_P","Defend_P","Defend_P+1","Eruption","Vigilance+1","expansioncontent:DarkVoid+1","MarkedMod:PinPointDefense","Halt","ThirdEye","Meditate","FollowUp","SashWhip","Tantrum","expansioncontent:Flail","expansioncontent:Corrupt+1","Finesse","CutThroughFate+1","Vault+1","Vault","SignatureMove","Consecrate","Swivel","Protect"],"relics":["PureWater","Strawberry","Nunchaku","ReplayTheSpireMod:Lightbulb","Gremlin Food","ReplayTheSpireMod:ShopPack","Sozu","Oddly Smooth Stone","Onion Ring","Bag of Preparation","Replay:Rubber Ducky"],"acts_visited":["Exordium","TheCity"],"potions_floor_usage":[33],"damage_taken":[{"damage":0.0,"enemies":"Cultist","floor":1.0,"turns":3.0},{"damage":0.0,"enemies":"Jaw Worm","floor":2.0,"turns":4.0},{"damage":2.0,"enemies":"Small Slimes","floor":3.0,"turns":4.0},{"damage":0.0,"enemies":"2 Fungi Beasts","floor":4.0,"turns":4.0},{"damage":1.0,"enemies":"Gremlin Gang","floor":5.0,"turns":4.0},{"damage":37.0,"enemies":"Lagavulin","floor":6.0,"turns":5.0},{"damage":16.0,"enemies":"3 Sentries","floor":8.0,"turns":8.0},{"damage":9.0,"enemies":"3 Louse","floor":13.0,"turns":2.0},{"damage":0.0,"enemies":"Large Slime","floor":14.0,"turns":2.0},{"damage":23.0,"enemies":"Fading Forest","floor":16.0,"turns":11.0},{"damage":23.0,"enemies":"2 Thieves","floor":18.0,"turns":5.0},{"damage":0.0,"enemies":"Shell Parasite","floor":20.0,"turns":5.0},{"damage":0.0,"enemies":"3 Cultists","floor":22.0,"turns":3.0},{"damage":13.0,"enemies":"Book of Stabbing","floor":24.0,"turns":5.0},{"damage":10.0,"enemies":"Centurion and Healer","floor":28.0,"turns":3.0},{"damage":16.0,"enemies":"Gremlin Leader","floor":29.0,"turns":3.0},{"damage":23,"enemies":"Snake Plant","floor":30,"turns":3},{"damage":13,"enemies":"Book of Stabbing","floor":31,"turns":6},{"damage":53,"enemies":"Automaton","floor":33,"turns":8}],"seed_played":"1373644465630814612","potions_obtained":[{"floor":4.0,"key":"BlessingOfTheForge"},{"floor":5.0,"key":"Swift Potion"},{"floor":6.0,"key":"SteroidPotion"},{"floor":8.0,"key":"champ:CounterPotion"},{"floor":14.0,"key":"Guardian:BlockOnCardUsePotion"}],"is_trial":false,"path_per_floor":["M","M","M","M","M","E","R","E","T","R","$","?","M","M","R","B",null,"M","?","M","?","M","R","E","R","T","R","M","E","M","E","R","B"],"character_chosen":"WATCHER","items_purchased":["Gremlin Food","ReplayTheSpireMod:ShopPack","Tantrum"],"campfire_rested":4,"item_purchase_floors":[11,11,11],"current_hp_per_floor":[65,65,63,63,62,32,32,16,16,16,16,16,7,7,30,15,63,40,40,40,40,40,40,27,50,50,73,63,47,24,11,34,0,0],"gold":314,"neow_bonus":"RANDOM_COLORLESS","is_daily":false,"chose_seed":false,"campfire_upgraded":3,"win_rate":0.0,"timestamp":1608560581,"path_taken":["M","M","M","M","?","E","R","E","T","R","$","?","M","M","R","BOSS","M","?","?","?","M","R","E","R","T","R","?","E","M","E","R","BOSS"],"items_purchased_type":["Relic","Relic","Card"],"build_version":"2020-12-13","purchased_purges":1,"victory":false,"max_hp_per_floor":[72,72,72,72,72,79,79,79,79,79,79,79,79,79,79,79,79,79,79,79,79,79,79,79,79,79,79,79,79,79,79,79,79,79],"card_choices":[{"not_picked":["Discovery","Swift Strike"],"picked":"expansioncontent:DarkVoid","floor":0.0},{"not_picked":["MarkedMod:FirstStrike","Crescendo"],"picked":"MarkedMod:PinPointDefense","floor":1.0},{"not_picked":["ThirdEye","Adaptation"],"picked":"Halt","floor":2.0},{"not_picked":["Collect","Replay:Cycle"],"picked":"ThirdEye","floor":3.0},{"not_picked":["MarkedMod:GentlePulse","Replay:Vibes"],"picked":"Meditate","floor":4.0},{"not_picked":["DeceiveReality","Replay:ManipulateFuture","MarkedMod:Acupuncture"],"picked":"SKIP","floor":5.0},{"not_picked":["Swivel","FlyingSleeves"],"picked":"FollowUp","floor":6.0},{"not_picked":["MentalFortress","Establishment"],"picked":"SashWhip","floor":8.0},{"not_picked":["expansioncontent:DarkVoid","expansioncontent:CaCaw"],"picked":"expansioncontent:Flail","floor":11.0},{"not_picked":["Sadistic Nature","Crow Ritual"],"picked":"expansioncontent:Corrupt","floor":11.0},{"not_picked":["Replay:SS_forest_5","expansioncontent:AwakenDeath"],"picked":"Finesse","floor":11.0},{"not_picked":["Meditate","FlurryOfBlows","ClearTheMind"],"picked":"SKIP","floor":13.0},{"not_picked":["Weave","FlurryOfBlows"],"picked":"CutThroughFate","floor":14.0},{"not_picked":["ConjureBlade","Establishment"],"picked":"Vault","floor":16.0},{"not_picked":["Replay:ManipulateFuture","FlurryOfBlows","FollowUp"],"picked":"SKIP","floor":18.0},{"not_picked":["Replay:Hum","ForeignInfluence"],"picked":"SignatureMove","floor":20.0},{"not_picked":["MarkedMod:OneThousandNeedles","TalkToTheHand"],"picked":"Consecrate","floor":22.0},{"not_picked":["MarkedMod:GentlePulse","JustLucky","ClearTheMind+1"],"picked":"SKIP","floor":24.0},{"not_picked":["CutThroughFate+1","DeusExMachina","Replay:ManipulateFuture"],"picked":"SKIP","floor":28.0},{"not_picked":["EmptyBody","Crescendo"],"picked":"Swivel","floor":29.0},{"not_picked":["Replay:AtTheReady+1","MarkedMod:GentlePulse"],"picked":"Protect","floor":30},{"not_picked":["MarkedMod:FirstStrike","Replay:Hum+1","CarveReality"],"picked":"SKIP","floor":31}],"player_experience":156927,"relics_obtained":[{"floor":6.0,"key":"Strawberry"},{"floor":8.0,"key":"Nunchaku"},{"floor":9.0,"key":"ReplayTheSpireMod:Lightbulb"},{"floor":24.0,"key":"Oddly Smooth Stone"},{"floor":26.0,"key":"Onion Ring"},{"floor":29.0,"key":"Bag of Preparation"},{"floor":31,"key":"Replay:Rubber Ducky"}],"event_choices":[{"damage_healed":16.0,"max_hp_gain":0.0,"max_hp_loss":79.0,"gold_gain":0.0,"event_name":"betterThird:BetterShining","player_choice":"Leave","floor":12.0,"gold_loss":0.0,"damage_taken":0.0},{"damage_healed":0.0,"max_hp_gain":0.0,"max_hp_loss":0.0,"gold_gain":0.0,"event_name":"Duplicator","player_choice":"Copied","floor":19.0,"gold_loss":0.0,"damage_taken":0.0,"cards_obtained":["Vault"]},{"damage_healed":0.0,"max_hp_gain":0.0,"max_hp_loss":0.0,"gold_gain":0.0,"event_name":"The Woman in Blue","player_choice":"Bought 0 Potions","floor":21.0,"gold_loss":0.0,"damage_taken":0.0}],"is_beta":false,"boss_relics":[{"not_picked":["Snecko Eye","Replay:Ancient Bell"],"picked":"Sozu"}],"items_purged_floors":[11],"is_endless":false,"potions_floor_spawned":[4,5,6,8,14,18,29],"killed_by":"Automaton","ascension_level":10}}