{"host":"wdiovb6uv7szux0m","time":1608530116,"event":{"mods":["BaseMod","Minty Spire (QoL Compilation)","StSLib","The Bug Knight","The Druid"],"gold_per_floor":[113,28,103,103,122,122,149,149,176,209,209,223,237,247,247,352,352,365,379,201,219,19,19,36,36,36,36,63,63,90,90,90,90,90],"floor_reached":33,"playtime":2085,"items_purged":["Defend_B","Strike_B"],"score":293,"play_id":"ee112269-71be-4b93-8939-89ed683fe61f","local_time":"20201220205516","is_ascension_mode":false,"campfire_choices":[{"data":"Zap","floor":6,"key":"SMITH"},{"floor":8,"key":"REST"},{"data":"Sunder","floor":11,"key":"SMITH"},{"floor":15,"key":"REST"},{"data":"Hologram","floor":23,"key":"SMITH"},{"data":"Reprogram","floor":25,"key":"SMITH"},{"data":"Beam Cell","floor":27,"key":"SMITH"},{"floor":29,"key":"REST"},{"floor":32,"key":"REST"}],"circlet_count":0,"master_deck":["Defend_B","Defend_B","Zap+1","Dualcast","Core Surge","Gash","Gash","Sunder","Go for the Eyes","Machine Learning","Sunder+1","Hologram+1","Beam Cell+1","Core Surge","Lockon+1","Undo+1","Sweeping Beam+1","Rebound","Melter","Sweeping Beam","Reprogram+1","FTL","Hologram+1"],"relics":["Cracked Core","Smiling Mask","Strawberry","Matryoshka","Astrolabe","Vajra","HollowMod:PaleOreRelic","Toxic Egg 2","Singing Bowl","Potion Belt"],"acts_visited":["Exordium","TheCity"],"potions_floor_usage":[7,10,16,16,24,28],"damage_taken":[{"damage":1,"enemies":"Jaw Worm","floor":1,"turns":4},{"damage":0,"enemies":"Cultist","floor":5,"turns":2},{"damage":33,"enemies":"HollowMod:MossKnight","floor":7,"turns":10},{"damage":16,"enemies":"Lagavulin","floor":10,"turns":7},{"damage":15,"enemies":"Small Slimes","floor":12,"turns":2},{"damage":4,"enemies":"3 Louse","floor":13,"turns":3},{"damage":0,"enemies":"Blue Slaver","floor":14,"turns":2},{"damage":20,"enemies":"Hexaghost","floor":16,"turns":8},{"damage":4,"enemies":"3 Byrds","floor":18,"turns":4},{"damage":10,"enemies":"Shell Parasite","floor":19,"turns":6},{"damage":12,"enemies":"3 Cultists","floor":21,"turns":4},{"damage":2,"enemies":"Centurion and Healer","floor":24,"turns":4},{"damage":37,"enemies":"Slavers","floor":28,"turns":3},{"damage":32,"enemies":"HollowMod:Nosk","floor":30,"turns":6},{"damage":34,"enemies":"Champ","floor":33,"turns":5}],"seed_played":"-9089880734600216664","potions_obtained":[{"floor":5,"key":"ColorlessPotion"},{"floor":7,"key":"DuplicationPotion"},{"floor":12,"key":"AttackPotion"},{"floor":13,"key":"SkillPotion"},{"floor":21,"key":"Explosive Potion"},{"floor":24,"key":"Strength Potion"},{"floor":28,"key":"PotionOfCapacity"}],"is_trial":false,"path_per_floor":["M","$","?","?","M","R","E","R","T","E","R","M","M","M","R","B",null,"M","M","$","M","$","R","M","R","T","R","E","R","E","?","R","B"],"character_chosen":"DEFECT","items_purchased":["Gash","Sunder","Melter","Sweeping Beam","Vajra"],"campfire_rested":4,"item_purchase_floors":[2,2,20,20,22],"current_hp_per_floor":[74,74,63,63,63,63,30,52,59,43,43,28,24,24,48,28,82,78,68,68,56,56,56,54,54,54,54,17,41,9,9,33,0,0],"gold":90,"neow_bonus":"ONE_RANDOM_RARE_CARD","is_daily":false,"chose_seed":false,"campfire_upgraded":5,"win_rate":0.0,"timestamp":1608530116,"path_taken":["M","$","?","?","M","R","E","R","T","E","R","M","?","?","R","BOSS","M","M","$","M","$","R","M","R","T","R","E","R","E","?","R","BOSS"],"items_purchased_type":["Card","Card","Card","Card","Relic"],"build_version":"2020-12-13","purchased_purges":2,"victory":false,"max_hp_per_floor":[75,75,75,75,75,75,75,75,82,82,82,82,82,82,82,82,82,82,82,82,82,82,82,82,82,82,82,82,82,82,82,82,82,82],"card_choices":[{"not_picked":["Go for the Eyes","Sweeping Beam"],"picked":"Gash","floor":1},{"not_picked":["Compile Driver","Steam"],"picked":"Go for the Eyes","floor":5},{"not_picked":["Redo","Chill"],"picked":"Machine Learning","floor":7},{"not_picked":["Static Discharge","Blizzard"],"picked":"Sunder","floor":10},{"not_picked":["Ball Lightning","Tempest","Consume"],"picked":"SKIP","floor":12},{"not_picked":["Aggregate","Ball Lightning"],"picked":"Hologram","floor":13},{"not_picked":["Blizzard","Hello World"],"picked":"Beam Cell","floor":14},{"not_picked":["Electrodynamics","Buffer"],"picked":"Core Surge","floor":16},{"not_picked":["Hello World","Cold Snap","Storm"],"picked":"SKIP","floor":18},{"not_picked":["Compile Driver","Redo"],"picked":"Rebound","floor":19},{"not_picked":["Turbo","Ball Lightning","Coolheaded"],"picked":"SKIP","floor":21},{"not_picked":["Compile Driver","Streamline"],"picked":"Reprogram","floor":24},{"not_picked":["Rainbow+1","Darkness+1"],"picked":"FTL","floor":28},{"not_picked":["Auto Shields+1","Aggregate+1"],"picked":"Hologram+1","floor":30}],"player_experience":1526358,"relics_obtained":[{"floor":7,"key":"Smiling Mask"},{"floor":9,"key":"Strawberry"},{"floor":10,"key":"Matryoshka"},{"floor":26,"key":"HollowMod:PaleOreRelic"},{"floor":26,"key":"Toxic Egg 2"},{"floor":28,"key":"Singing Bowl"},{"floor":30,"key":"Potion Belt"}],"event_choices":[{"damage_healed":0,"gold_gain":75,"player_choice":"Gather Gold","damage_taken":11,"max_hp_gain":0,"max_hp_loss":0,"event_name":"World of Goop","floor":3,"gold_loss":0},{"cards_removed":["Strike_B"],"damage_healed":0,"gold_gain":0,"player_choice":"Purged","damage_taken":0,"max_hp_gain":0,"max_hp_loss":0,"event_name":"Purifier","floor":4,"gold_loss":0},{"damage_healed":0,"gold_gain":0,"player_choice":"Ignored","damage_taken":0,"max_hp_gain":0,"max_hp_loss":0,"event_name":"Cursed Tome","floor":31,"gold_loss":0}],"is_beta":false,"boss_relics":[{"not_picked":["Black Star","Runic Dome"],"picked":"Astrolabe"}],"items_purged_floors":[20,22],"is_endless":false,"potions_floor_spawned":[5,7,12,13,21,24,28],"killed_by":"Champ","ascension_level":0}}