{"host":"anox4050deqdcqoh","time":1608569859,"event":{"mods":["BaseMod","Colored Map","Minty Spire (QoL Compilation)"],"gold_per_floor":[116,116,134,150,170,170,188,188,213,213,213,238,199,22,22,118,118,128,147,160,173,173,173,198,198,198,215,235,235,2,14,14,109,109,129,147,157,168,218,218,229,241,295,305,305,315,329,37,37,37,37],"floor_reached":50,"playtime":2621,"items_purged":["Strike_R"],"score":497,"play_id":"119f3f1c-021e-4882-99da-b80714b1039b","local_time":"20201221115739","is_ascension_mode":false,"campfire_choices":[{"data":"Thunderclap","floor":6,"key":"SMITH"},{"floor":8,"key":"RECALL"},{"data":"Bash","floor":10,"key":"SMITH"},{"floor":15,"key":"REST"},{"data":"Seeing Red","floor":23,"key":"SMITH"},{"floor":25,"key":"REST"},{"floor":29,"key":"REST"},{"data":"Apotheosis","floor":32,"key":"SMITH"},{"floor":40,"key":"REST"},{"floor":45,"key":"REST"},{"data":"Infernal Blade","floor":49,"key":"SMITH"}],"circlet_count":0,"master_deck":["Strike_R","Strike_R","Strike_R","Strike_R","Defend_R","Defend_R","Defend_R","Bash+1","Seeing Red+1","Twin Strike","Thunderclap+1","Headbutt","Heavy Blade","Anger","Immolate","Cleave","Intimidate+1","Pommel Strike","Shrug It Off+1","Ghostly Armor+1","Clothesline+1","Spot Weakness","Flex","Apotheosis+1","Rage","Feed","Headbutt+1","Flame Barrier","Armaments+1","Dropkick","Cleave","Immolate","Bloodletting+1","Infernal Blade+1","Parasite","Flex+1"],"relics":["Burning Blood","Happy Flower","Toy Ornithopter","Philosopher\u0027s Stone","Centennial Puzzle","SacredBark","Thread and Needle","Smiling Mask","Pantograph"],"acts_visited":["TheCity","TheBeyond"],"potions_floor_usage":[12,12,16,20,24,24,24,33,41,41,50,50,50],"damage_taken":[{"damage":6.0,"enemies":"Jaw Worm","floor":1.0,"turns":3.0},{"damage":7.0,"enemies":"Small Slimes","floor":3.0,"turns":3.0},{"damage":1,"enemies":"Cultist","floor":4,"turns":3},{"damage":14,"enemies":"3 Louse","floor":5,"turns":3},{"damage":15,"enemies":"Looter","floor":7,"turns":3},{"damage":31,"enemies":"3 Sentries","floor":12,"turns":6},{"damage":23,"enemies":"Slime Boss","floor":16,"turns":9},{"damage":12,"enemies":"Chosen","floor":18,"turns":3},{"damage":11,"enemies":"Spheric Guardian","floor":19,"turns":3},{"damage":38,"enemies":"Snake Plant","floor":20,"turns":3},{"damage":6,"enemies":"Snecko","floor":21,"turns":3},{"damage":41,"enemies":"Book of Stabbing","floor":24,"turns":4},{"damage":27,"enemies":"Centurion and Healer","floor":27,"turns":4},{"damage":11,"enemies":"Chosen and Byrds","floor":28,"turns":5},{"damage":7,"enemies":"Cultist and Chosen","floor":31,"turns":4},{"damage":32,"enemies":"Automaton","floor":33,"turns":8},{"damage":0,"enemies":"Orb Walker","floor":35,"turns":3},{"damage":16,"enemies":"3 Shapes","floor":36,"turns":2},{"damage":42,"enemies":"Writhing Mass","floor":37,"turns":9},{"damage":0,"enemies":"Jaw Worm Horde","floor":38,"turns":1},{"damage":18,"enemies":"Mind Bloom Boss Battle","floor":39,"turns":8},{"damage":4,"enemies":"Spire Growth","floor":41,"turns":3},{"damage":15,"enemies":"Maw","floor":42,"turns":8},{"damage":28,"enemies":"Jaw Worm Horde","floor":44,"turns":4},{"damage":10,"enemies":"Transient","floor":46,"turns":5},{"damage":12,"enemies":"Writhing Mass","floor":47,"turns":4},{"damage":101,"enemies":"Awakened One","floor":50,"turns":12}],"seed_played":"-5249265747939880910","potions_obtained":[{"floor":4,"key":"LiquidBronze"},{"floor":5,"key":"AttackPotion"},{"floor":7,"key":"ColorlessPotion"},{"floor":16,"key":"Ancient Potion"},{"floor":20,"key":"Fruit Juice"},{"floor":21,"key":"SteroidPotion"},{"floor":31,"key":"DistilledChaos"},{"floor":36,"key":"DuplicationPotion"},{"floor":37,"key":"Fire Potion"},{"floor":38,"key":"LiquidBronze"},{"floor":47,"key":"GamblersBrew"}],"is_trial":false,"path_per_floor":["M","$","M","M","M","R","M","R","T","R","?","E","?","$","R","B",null,"M","M","M","M","?","R","E","R","T","M","M","R","$","M","R","B",null,"M","M","M","M","?","R","M","M","T","M","R","M","M","$","R","B"],"character_chosen":"IRONCLAD","items_purchased":["BloodPotion","SteroidPotion","Flex","Apotheosis","SteroidPotion","Pantograph"],"campfire_rested":5,"item_purchase_floors":[14,14,30,30,48,48],"current_hp_per_floor":[80,80,79,80,72,72,63,63,63,63,63,38,38,38,62,50,80,74,69,47,47,47,47,44,69,69,48,43,68,68,67,67,46,85,85,75,39,45,33,58,73,64,64,42,68,64,58,58,58,0,0],"gold":37,"neow_bonus":"REMOVE_CARD","is_daily":false,"chose_seed":false,"campfire_upgraded":5,"win_rate":0.0,"timestamp":1608569859,"path_taken":["M","$","M","M","M","R","M","R","T","R","?","E","?","$","R","BOSS","M","M","M","M","?","R","E","R","T","M","M","R","$","M","R","BOSS","M","M","M","M","?","R","M","M","T","M","R","M","M","$","R","BOSS"],"items_purchased_type":["Potion","Potion","Card","Card","Potion","Relic"],"build_version":"2020-12-13","purchased_purges":1,"victory":false,"max_hp_per_floor":[80,80,80,80,80,80,80,80,80,80,80,80,80,80,80,80,80,80,80,85,85,85,85,85,85,85,85,85,85,85,85,85,85,85,85,85,85,85,85,85,88,88,88,88,88,88,88,88,88,88,88],"card_choices":[{"not_picked":["Shrug It Off","Body Slam"],"picked":"Seeing Red","floor":1.0},{"not_picked":["Sever Soul","Second Wind"],"picked":"Twin Strike","floor":3},{"not_picked":["Pommel Strike","Second Wind"],"picked":"Thunderclap","floor":4},{"not_picked":["Pommel Strike","Sword Boomerang"],"picked":"Headbutt","floor":5},{"not_picked":["Searing Blow","Sword Boomerang"],"picked":"Heavy Blade","floor":7},{"not_picked":["Body Slam","Barricade"],"picked":"Anger","floor":12},{"not_picked":["Brutality","Feed"],"picked":"Immolate","floor":16},{"not_picked":["Sentinel","Rupture"],"picked":"Cleave","floor":18},{"not_picked":["Clothesline","Anger"],"picked":"Intimidate+1","floor":19},{"not_picked":["Entrench+1","True Grit+1"],"picked":"Pommel Strike","floor":20},{"not_picked":["Hemokinesis","Pommel Strike"],"picked":"Shrug It Off+1","floor":21},{"not_picked":["Sever Soul+1","Thunderclap+1"],"picked":"Ghostly Armor+1","floor":24},{"not_picked":["Hemokinesis","Burning Pact+1"],"picked":"Clothesline+1","floor":27},{"not_picked":["Perfected Strike","Feed"],"picked":"Spot Weakness","floor":28},{"not_picked":["Body Slam","Thunderclap"],"picked":"Rage","floor":31},{"not_picked":["Barricade","Fiend Fire"],"picked":"Feed","floor":33},{"not_picked":["Sentinel+1","Havoc+1"],"picked":"Headbutt+1","floor":35},{"not_picked":["Sever Soul","Iron Wave+1"],"picked":"Flame Barrier","floor":36},{"not_picked":["Twin Strike+1","Dark Embrace"],"picked":"Armaments+1","floor":37},{"not_picked":["Pommel Strike","True Grit"],"picked":"Dropkick","floor":38},{"not_picked":["Armaments+1","Sword Boomerang"],"picked":"Cleave","floor":39},{"not_picked":["Entrench","Burning Pact"],"picked":"Immolate","floor":41},{"not_picked":["Body Slam","Flex"],"picked":"Bloodletting+1","floor":42},{"not_picked":["Iron Wave","Anger"],"picked":"Infernal Blade","floor":44},{"not_picked":["Shrug It Off","Heavy Blade+1","Thunderclap"],"picked":"SKIP","floor":46},{"not_picked":["Intimidate","Dark Embrace+1"],"picked":"Flex+1","floor":47}],"player_experience":144531,"relics_obtained":[{"floor":9,"key":"Happy Flower"},{"floor":12,"key":"Toy Ornithopter"},{"floor":24,"key":"Centennial Puzzle"},{"floor":39,"key":"Thread and Needle"},{"floor":43,"key":"Smiling Mask"}],"event_choices":[{"damage_healed":0,"gold_gain":0,"player_choice":"Ignored","damage_taken":0,"max_hp_gain":0,"max_hp_loss":0,"event_name":"Liars Game","floor":11,"gold_loss":0},{"damage_healed":0,"gold_gain":0,"player_choice":"Left Gold","damage_taken":0,"max_hp_gain":0,"max_hp_loss":0,"event_name":"World of Goop","floor":13,"gold_loss":39},{"damage_healed":0,"gold_gain":0,"player_choice":"Ignored","damage_taken":0,"max_hp_gain":0,"max_hp_loss":0,"event_name":"Ghosts","floor":22,"gold_loss":0},{"damage_healed":0,"gold_gain":0,"player_choice":"Fight","damage_taken":0,"max_hp_gain":0,"max_hp_loss":0,"event_name":"MindBloom","floor":39,"gold_loss":0}],"is_beta":false,"boss_relics":[{"not_picked":["Snecko Eye","Runic Cube"],"picked":"Philosopher\u0027s Stone"},{"not_picked":["Pandora\u0027s Box","Fusion Hammer"],"picked":"SacredBark"}],"items_purged_floors":[14],"is_endless":false,"potions_floor_spawned":[4,5,7,16,20,21,31,36,37,38,47],"killed_by":"Awakened One","ascension_level":0}}