{"host":"Moondoggy","time":1608586758,"event":{"mods":["2.2 Compatiblity","AchievementEnabler","Act Like it!","Aspiration","Bard","BaseMod","Beaked The Cultist","Better Altar","Better Match","Better Note","Better Sensory Stone","Better Skull","Better Third Choice","BetterRewards","Block Reminder","CapriCore","Colored Map","Colored Powertips","Downfall","Duelist Mod","Ekko","Elementarium","Gensokyo","GifTheSpireLib","Glutton Mod","GungeonMod","Halation","Hallownest","Hermit","Hero for Fun","Highlight Path","Hubris","Jorbs\u0027s Wanderer Trilogy","KinomotoSakuraMod(木之本?)","Koishi","Lobotomy","LobotomyExtend","Luminous","Mad Scientist","Magitek Elite","Marisa（霧雨　魔理沙）","Melee Mod","Menagerie","Mimic Mod","Minty Spire (QoL Compilation)","Railgun Mod","Rare Cards Sparkle","Reimu（博??梦）","Remilia（蕾米莉?）","Replay The Spire","Robot Space Explorer","Shade Mod","Spicy Shops","StSLib","Td1madao Mod","The Administrix","The Alterego","The Animator","The Blackbeard","The Bug Knight","The Construct","The Cursed","The Disciple","The Dragon Tamer","The Factory","The Forsaken","The Gatherer","The Hierophant","The Immortal","The Judge","The Kombatant","The Marked","The Mystic","The Necromancer","The Poker Player","The Runesmith","The Senshi","The Servant 0.9.4","The Wild Card","The Witch","TheSwordswoman","Unceasing Turn Reminder","Wandering Minibosses","WarShipGirlsR/??少女R mod","Yuri Mod"],"gold_per_floor":[118,131,145,160,3,39,39,39,118,186,200,200,40,66,66,172,172,188,202,202,230,155,155,155,155],"floor_reached":24,"playtime":2362,"items_purged":[],"score":198,"play_id":"868f24e6-5629-480c-8e85-c887d0dd6f68","local_time":"20201221163918","is_ascension_mode":false,"campfire_choices":[{"floor":8.0,"key":"REST"},{"floor":15.0,"key":"REST"},{"floor":23,"key":"REST"}],"circlet_count":0,"master_deck":["DemoMod:Strike_Huntress","DemoMod:Strike_Huntress","DemoMod:Strike_Huntress","DemoMod:Defend_Huntress","DemoMod:Defend_Huntress","DemoMod:Defend_Huntress","DemoMod:Defend_Huntress","DemoMod:Roll","DemoMod:ManualReload","DemoMod:RustySidearm","DemoMod:CrossBow","DemoMod:DoubleSwitch","DemoMod:BoxingGlove","DemoMod:BulletBore","DemoMod:HuntsMan","DemoMod:GunShield","DemoMod:HungryBullets","DemoMod:HuntsMan","DemoMod:DirectionalPad","Doubt","DemoMod:TeaPot","DemoMod:ShadowBullets","DemoMod:ShadowBullets","DemoMod:FortunesFavor","DemoMod:GunstockTap","DemoMod:BlankBullets","Elementarium:StickyTar","DemoMod:MachoBrace+1","DemoMod:AWP+1","DemoMod:Evolver","Replay:BasicMightCard+1","DemoMod:Gungine+1"],"relics":["DemoMod:Dog","NeowsBlessing","LetterFromLob","halation:SelfBoilingWater","DemoMod:SerJunkan","theForsaken:Kindling","Gem_Box"],"acts_visited":["Exordium","Hallownest:Greenpath"],"potions_floor_usage":[21,21,24],"damage_taken":[{"damage":0.0,"enemies":"Hallownest:2_MossCreeps","floor":1.0,"turns":1.0},{"damage":0.0,"enemies":"Hallownest:monsterHuskWarrior","floor":2.0,"turns":1.0},{"damage":2.0,"enemies":"Hallownest:2_Tiktiks_and_1_Crawlid","floor":3.0,"turns":2.0},{"damage":12.0,"enemies":"Hallownest:Wandering_and_Horned","floor":4.0,"turns":5.0},{"damage":23.0,"enemies":"Hallownest:eliteMossKnight","floor":6.0,"turns":16.0},{"damage":0.0,"enemies":"Hallownest:monsterMossCharger","floor":11.0,"turns":3.0},{"damage":11.0,"enemies":"Hallownest:MossCreep_and_Mosskin","floor":14.0,"turns":4.0},{"damage":4.0,"enemies":"Hallownest:BossBrokenVessel","floor":16.0,"turns":11.0},{"damage":0,"enemies":"Elementarium:MUD_AND_TAR_GOLEMS","floor":18,"turns":5},{"damage":3,"enemies":"Elementarium:Cyclone","floor":19,"turns":6},{"damage":34,"enemies":"Elementarium:3_ELEMENTALS","floor":21,"turns":4},{"damage":84,"enemies":"Elementarium:ElementalPortal","floor":24,"turns":9}],"seed_played":"78103200120704581","potions_obtained":[{"floor":3.0,"key":"DemoMod:LeadSkinPotion"},{"floor":4.0,"key":"Energy Potion"},{"floor":6.0,"key":"SpeedPotion"},{"floor":16.0,"key":"Adrenaline Potion"},{"floor":21,"key":"SkillPotion"}],"is_trial":false,"path_per_floor":["M","M","M","M","$","E","?","R","T","T","M","?","$","M","R","B",null,"M","M","?","M","?","R","E"],"character_chosen":"HUNTRESS","items_purchased":["DemoMod:GunShield","DemoMod:HungryBullets","DemoMod:HuntsMan","DemoMod:ShadowBullets","DemoMod:FortunesFavor"],"campfire_rested":3,"item_purchase_floors":[5,5,5,13,13],"current_hp_per_floor":[70,70,68,56,56,33,33,54,54,54,54,54,54,43,69,65,75,75,72,75,41,41,68,0,0],"gold":155,"neow_bonus":"THREE_ENEMY_KILL","is_daily":false,"chose_seed":false,"campfire_upgraded":0,"win_rate":0.0,"timestamp":1608586758,"path_taken":["M","?","M","M","$","E","?","R","T","?","?","?","?","M","R","BOSS","M","M","?","M","?","R","E"],"items_purchased_type":["Card","Card","Card","Card","Card"],"build_version":"2020-12-18","purchased_purges":0,"victory":false,"max_hp_per_floor":[70,70,70,70,70,70,70,70,70,70,70,70,70,70,75,75,75,75,75,75,75,75,80,80,80],"card_choices":[{"not_picked":["DemoMod:AC15","DemoMod:CursedBullets"],"picked":"DemoMod:DoubleSwitch","floor":1.0},{"not_picked":["DemoMod:BattleInHaste","DemoMod:LifeOrb"],"picked":"DemoMod:BoxingGlove","floor":2.0},{"not_picked":["DemoMod:Ejector","DemoMod:DirectionalPad"],"picked":"DemoMod:BulletBore","floor":3.0},{"not_picked":["DemoMod:PotionOfGunFriendShip","DemoMod:SAA"],"picked":"DemoMod:HuntsMan","floor":4.0},{"not_picked":["DemoMod:HardPowerCard","DemoMod:ChanceBullets"],"picked":"DemoMod:DirectionalPad","floor":6.0},{"not_picked":["DemoMod:ConditionalReflex","DemoMod:JK47"],"picked":"DemoMod:TeaPot","floor":11.0},{"not_picked":["DemoMod:PotionOfGunFriendShip","DemoMod:Desperate"],"picked":"DemoMod:GunstockTap","floor":14.0},{"not_picked":["DemoMod:FullFirepower","DemoMod:DoubleVision"],"picked":"DemoMod:BlankBullets","floor":16.0},{"not_picked":["DemoMod:Unmoved","DemoMod:PotionOfGunFriendShip"],"picked":"DemoMod:MachoBrace+1","floor":18},{"not_picked":["DemoMod:AC15","DemoMod:HighKaliber"],"picked":"DemoMod:AWP+1","floor":19},{"not_picked":["DemoMod:ZorGun","DemoMod:TeaPot"],"picked":"DemoMod:Evolver","floor":21},{"not_picked":["Blind+1","Finesse+1"],"picked":"Replay:BasicMightCard+1","floor":22},{"not_picked":["DemoMod:Slinger+1","DemoMod:BulletBore+1"],"picked":"DemoMod:Gungine+1","floor":22}],"player_experience":283200,"relics_obtained":[{"floor":1.0,"key":"LetterFromLob"},{"floor":6.0,"key":"halation:SelfBoilingWater"},{"floor":9.0,"key":"DemoMod:SerJunkan"}],"event_choices":[{"damage_healed":0,"gold_gain":0,"player_choice":"2","damage_taken":0,"max_hp_gain":0,"max_hp_loss":0,"event_name":"betterMatch:BetterMatch","floor":22,"gold_loss":0,"cards_obtained":["betterMatch:ColorlessUncommonCard","betterMatch:RareCard"]}],"is_beta":true,"boss_relics":[{"not_picked":["Tiny House","Replay:Ancient Bell"],"picked":"Gem_Box"}],"items_purged_floors":[],"is_endless":false,"potions_floor_spawned":[3,4,6,16,21],"killed_by":"Elementarium:ElementalPortal","ascension_level":0}}