{"host":"g53g9qlo34vrqi92","time":1608534773,"event":{"mods":["Aspiration","Bard","BaseMod","Beaked The Cultist","BetterRewards","Colored Map","Conspire","Energized Spire","Fiend Mod","GifTheSpireLib","Googly Eyes","Gremlin Skip","Halation","Hermit","Hubris","Infinite Spire","Jedi Mod","Minty Spire (QoL Compilation)","Permanent Neow","Quick Restart","Relic Filter","Replay The Spire","Spikes Relics","StSLib","Stuff the Spire","Synergy Search","The Bladedancer","The Bug Knight","The Construct","The Cursed","The Factory","The Forsaken","The Jungle","The Necromancer","The Spell Scribe","The Trickster","Trackpad","slay the spire mod where everything is the same but ironclad has a cowboy hat","vexMod"],"gold_per_floor":[111,124,134,151,18,50,50,77,129,109,124,124,142,142,142,245,245,260,260,278,292,1,1,27,27,50,50,63,63,63,63,63,165,165,183,44,55,55,68,98,98,109,109,119,152,164,189,201,201,201],"floor_reached":51,"playtime":3359,"items_purged":[],"score":894,"play_id":"153ea4d6-f99d-42e4-b1b8-cd801869ccf3","local_time":"20201220231253","is_ascension_mode":false,"campfire_choices":[{"floor":7.0,"key":"REST"},{"floor":15.0,"key":"REST"},{"data":"Capacitor","floor":23.0,"key":"SMITH"},{"floor":25.0,"key":"REST"},{"floor":30.0,"key":"REST"},{"floor":32.0,"key":"REST"},{"floor":41.0,"key":"REST"},{"floor":49.0,"key":"REST"}],"circlet_count":0,"master_deck":["Strike_B+1","Strike_B+1","Strike_B+1","Strike_B+1","Defend_B+1","Defend_B+1","Defend_B+1","Defend_B+1","Zap+1","Dualcast","Pot Of Greed","jedi:spotbugs","Beam Cell","Pot Of Greed","Leap","Core Surge+1","Beam Cell+1","Genetic Algorithm","Genetic Algorithm","Melter","StuffTheSpire:LaunchingStrike","ReplaySort","Conserve Battery+1","Barrage","Steam Power","Double Energy+1","Redo+1","jedi:sharpshooter","Pot Of Greed","Cold Snap","jedi:sharpshooter+1","Capacitor+1","Core Surge","hubris:SpecializedCircuitry","Steam","Beam Cell","Panic Button+1","jedi:BurstFrost+1","Auto Shields+1","Pot Of Greed","Buffer","jedi:studyfrost","Amplify","ReplaySort","Self Repair","Rip and Tear+1","Reprogram","RefreshScreen","ReplayTheSpireMod:System Scan","Genetic Algorithm","Rebound+1","Coolheaded+1","Streamline+1","jedi:BurstLightning+1","Pot Of Greed","BasicCrystalCard+1","jedi:BurstLightning+1","Sweeping Beam+1","jedi:reiji+1","Steam Power","Leap","StuffTheSpire:Synthwave","Stack","Genetic Algorithm+1","ReplayGash+1","Buffer","Streamline+1","Pot Of Greed","Cold Snap","Compile Driver","Leap+1"],"relics":["Cracked Core","MealTicket","aspiration:EnhancedActuators","Grinning Jar","jedi:cryingmask","War Paint","Garlic","Gremlin Food","jedi:fakemustache","energizedSpire:StickyHand","hubris:EmptyBottle","Shuriken","halation:PromiseList","energizedSpire:MagnifyingGlass","hubris:BundleOfHerbs","jedi:heavyjacket","hubris:Spice","vexMod:FocusSash"],"acts_visited":["Exordium","TheCity","TheBeyond"],"potions_floor_usage":[50,50],"damage_taken":[{"damage":0.0,"enemies":"2 Louse","floor":1.0,"turns":2.0},{"damage":1.0,"enemies":"Cultist","floor":2.0,"turns":3.0},{"damage":1.0,"enemies":"Jaw Worm","floor":3.0,"turns":2.0},{"damage":9.0,"enemies":"Exordium Wildlife","floor":4.0,"turns":3.0},{"damage":7.0,"enemies":"3 Sentries","floor":6.0,"turns":8.0},{"damage":21.0,"enemies":"Gremlin Nob","floor":8.0,"turns":4.0},{"damage":3.0,"enemies":"Gremlin Gang","floor":11.0,"turns":4.0},{"damage":0.0,"enemies":"Red Slaver","floor":13.0,"turns":2.0},{"damage":39.0,"enemies":"Hexaghost","floor":16.0,"turns":11.0},{"damage":0.0,"enemies":"Shell Parasite","floor":18.0,"turns":5.0},{"damage":0.0,"enemies":"3 Byrds","floor":20.0,"turns":5.0},{"damage":0.0,"enemies":"Sentry and Sphere","floor":21.0,"turns":3.0},{"damage":35.0,"enemies":"Gremlin Leader","floor":24.0,"turns":6.0},{"damage":14.0,"enemies":"Centurion and Healer","floor":28.0,"turns":5.0},{"damage":49.0,"enemies":"Champ","floor":33.0,"turns":8.0},{"damage":17.0,"enemies":"3 Darklings","floor":35.0,"turns":5.0},{"damage":0.0,"enemies":"Orb Walker","floor":37.0,"turns":2.0},{"damage":9.0,"enemies":"4 Shapes","floor":39.0,"turns":6.0},{"damage":25.0,"enemies":"Nemesis","floor":40.0,"turns":7.0},{"damage":0.0,"enemies":"3 Darklings","floor":42.0,"turns":9.0},{"damage":0.0,"enemies":"Transient","floor":44.0,"turns":5.0},{"damage":0.0,"enemies":"Reptomancer","floor":45.0,"turns":7.0},{"damage":7.0,"enemies":"Jaw Worm Horde","floor":46.0,"turns":3.0},{"damage":48.0,"enemies":"Giant Head","floor":47.0,"turns":8.0},{"damage":0.0,"enemies":"Sphere and 2 Shapes","floor":48.0,"turns":5.0},{"damage":14,"enemies":"Awakened One","floor":50,"turns":13}],"seed_played":"-4555909107961558191","potions_obtained":[{"floor":1.0,"key":"SteroidPotion"},{"floor":2.0,"key":"ColorlessPotion"},{"floor":10.0,"key":"FairyPotion"},{"floor":35.0,"key":"Languid Potion"},{"floor":40.0,"key":"AttackPotion"},{"floor":47.0,"key":"Weak Potion"}],"is_trial":false,"path_per_floor":["M","M","M","M","$","E","R","E","T","?","M","T","M","$","R","B",null,"M","?","M","M","$","R","E","R","T","$","M","?","R","?","R","B",null,"M","$","M","?","M","E","R","M","T","M","E","M","E","M","R","B",null],"character_chosen":"DEFECT","items_purchased":["MealTicket","aspiration:EnhancedActuators","Grinning Jar","jedi:spotbugs","Block Potion","Genetic Algorithm","Melter","Gremlin Food","jedi:fakemustache","Core Surge","hubris:EmptyBottle","Reprogram","RefreshScreen"],"campfire_rested":7,"item_purchase_floors":[0,0,0,0,0,5,5,14,14,22,22,36,36],"current_hp_per_floor":[40,39,38,29,44,37,59,38,38,38,35,35,35,25,47,8,75,75,75,75,75,75,75,40,62,62,75,61,61,75,61,80,31,80,63,80,80,80,78,53,77,80,88,88,96,89,48,55,83,76],"gold":201,"neow_bonus":"","is_daily":false,"chose_seed":false,"campfire_upgraded":1,"win_rate":0.0,"timestamp":1608534773,"path_taken":["M","M","M","M","$","E","R","E","T","?","?","?","M","?","R","BOSS","M","?","M","M","$","R","E","R","T","$","M","?","R","?","R","BOSS","M","$","M","?","M","E","R","?","T","M","E","?","E","M","R","BOSS"],"items_purchased_type":["Relic","Relic","Relic","Card","Potion","Card","Card","Relic","Relic","Card","Relic","Card","Card"],"build_version":"2020-12-13","purchased_purges":0,"victory":true,"max_hp_per_floor":[75,75,75,75,75,75,75,75,75,75,75,75,75,75,75,75,75,75,75,75,75,75,75,75,75,75,75,75,75,75,80,80,80,80,80,80,80,80,80,80,80,80,88,88,96,96,96,96,96,96],"card_choices":[{"not_picked":["Stack","aspiration:Polymerization"],"picked":"Beam Cell","floor":1.0},{"not_picked":["Undo","Beam Cell"],"picked":"Leap","floor":2.0},{"not_picked":["Static Discharge","Steam"],"picked":"Core Surge","floor":3.0},{"not_picked":["Panic Button","Static Discharge"],"picked":"Beam Cell","floor":4.0},{"not_picked":["Beam Cell","Streamline"],"picked":"StuffTheSpire:LaunchingStrike","floor":6.0},{"not_picked":["jedi:bruteforce","Stack"],"picked":"ReplaySort","floor":8.0},{"not_picked":["aspiration:Polymerization","Compile Driver"],"picked":"Conserve Battery","floor":11.0},{"not_picked":["Gash","conspire:SharedLibrary"],"picked":"Barrage","floor":13.0},{"not_picked":["ReplayTheSpireMod:Dual Polarity","Compile Driver","StuffTheSpire:GlassShard"],"picked":"SKIP","floor":18.0},{"not_picked":["Redo+1","jedi:sharpshooter"],"picked":"Double Energy+1","floor":20.0},{"not_picked":["Cold Snap","jedi:sharpshooter"],"picked":"Capacitor","floor":21.0},{"not_picked":["Steam","Beam Cell"],"picked":"hubris:SpecializedCircuitry","floor":24.0},{"not_picked":["Panic Button+1","Auto Shields+1"],"picked":"jedi:BurstFrost+1","floor":28.0},{"not_picked":["Buffer","Amplify"],"picked":"jedi:studyfrost","floor":33.0},{"not_picked":["ReplaySort","Rip and Tear+1"],"picked":"Self Repair","floor":35.0},{"not_picked":["ReplayTheSpireMod:System Scan","Genetic Algorithm"],"picked":"Rebound+1","floor":37.0},{"not_picked":["Coolheaded+1","jedi:BurstLightning+1"],"picked":"Streamline+1","floor":39.0},{"not_picked":["StuffTheSpire:ShieldGenerator+1","Redo","jedi:overflow"],"picked":"SKIP","floor":40.0},{"not_picked":["BasicCrystalCard+1","jedi:BurstLightning+1"],"picked":"Sweeping Beam+1","floor":42.0},{"not_picked":["ReplayRNGCard","Conserve Battery","StuffTheSpire:SnapShoot"],"picked":"SKIP","floor":44.0},{"not_picked":["jedi:reiji+1","Steam Power"],"picked":"Leap","floor":45.0},{"not_picked":["Stack","Genetic Algorithm+1"],"picked":"StuffTheSpire:Synthwave","floor":46.0},{"not_picked":["ReplayGash+1","Streamline+1"],"picked":"Buffer","floor":47.0},{"not_picked":["Compile Driver","Leap"],"picked":"Cold Snap","floor":48.0}],"player_experience":1021136,"relics_obtained":[{"floor":6.0,"key":"jedi:cryingmask"},{"floor":8.0,"key":"War Paint"},{"floor":12.0,"key":"Garlic"},{"floor":24.0,"key":"Shuriken"},{"floor":26.0,"key":"halation:PromiseList"},{"floor":40.0,"key":"jedi:heavyjacket"},{"floor":43.0,"key":"hubris:Spice"},{"floor":45.0,"key":"hubris:Spice"},{"floor":47.0,"key":"vexMod:FocusSash"}],"event_choices":[{"damage_healed":0.0,"max_hp_gain":0.0,"max_hp_loss":0.0,"gold_gain":0.0,"event_name":"The Woman in Blue","player_choice":"Bought 1 Potion","floor":10.0,"gold_loss":0.0,"damage_taken":0.0},{"damage_healed":0.0,"max_hp_gain":0.0,"max_hp_loss":0.0,"gold_gain":0.0,"event_name":"The Library","player_choice":"Read","floor":19.0,"gold_loss":0.0,"damage_taken":0.0,"cards_obtained":["Steam Power"]},{"damage_healed":0.0,"max_hp_gain":0.0,"max_hp_loss":0.0,"gold_gain":0.0,"event_name":"Back to Basics","player_choice":"Simplicity","floor":29.0,"gold_loss":0.0,"damage_taken":0.0,"cards_upgraded":["Strike_B","Strike_B","Strike_B","Defend_B","Defend_B","Defend_B"]},{"damage_healed":0.0,"max_hp_gain":5.0,"max_hp_loss":0.0,"gold_gain":0.0,"event_name":"Forgotten Altar","player_choice":"Shed Blood","floor":31.0,"gold_loss":0.0,"damage_taken":19.0},{"damage_healed":0.0,"max_hp_gain":0.0,"max_hp_loss":0.0,"gold_gain":0.0,"event_name":"WeMeetAgain","player_choice":"Gave Potion","floor":38.0,"gold_loss":0.0,"damage_taken":0.0,"relics_obtained":["hubris:BundleOfHerbs"]}],"is_beta":false,"boss_relics":[{"not_picked":["hubris:BlackHole","hubris:Stopwatch"],"picked":"energizedSpire:StickyHand"},{"not_picked":["Coffee Dripper","Snecko Eye"],"picked":"energizedSpire:MagnifyingGlass"}],"items_purged_floors":[],"is_endless":false,"potions_floor_spawned":[1,2,11,20,24,28,35,40,46,47],"ascension_level":0}}