{"host":"sq65xgedotq5nei3","time":1608520702,"event":{"mods":["AchievementEnabler","BaseMod","Colored Powertips","Duelist Mod","Minty Spire (QoL Compilation)","Permanent Neow","Rare Cards Sparkle","StSLib","SuperFastMode"],"gold_per_floor":[117,137,137,149,149,176,176,176,222,237,261,261,290,58,58,134,134,144,59,59,109,109],"floor_reached":21,"playtime":1035,"items_purged":["Strike_R"],"score":357,"play_id":"b02e07aa-40f3-47b9-ae5f-fa327e290a13","local_time":"20201221141822","is_ascension_mode":true,"campfire_choices":[{"data":"Metallicize","floor":7.0,"key":"SMITH"},{"floor":12.0,"key":"REST"},{"data":"Entrench","floor":15.0,"key":"SMITH"}],"circlet_count":0,"master_deck":["AscendersBane","Strike_R","Strike_R","Strike_R","Defend_R","Defend_R","Defend_R+1","Defend_R","Bash","The Bomb+1","Metallicize+1","Dropkick","Entrench+1"],"relics":["Burning Blood","War Paint","PreservedInsect","Odd Mushroom","InkBottle","MealTicket","SlaversCollar","Bag of Marbles","SsserpentHead"],"acts_visited":["Exordium","TheCity"],"potions_floor_usage":[],"damage_taken":[{"damage":1.0,"enemies":"Cultist","floor":1.0,"turns":4.0},{"damage":0.0,"enemies":"2 Louse","floor":2.0,"turns":3.0},{"damage":19.0,"enemies":"Small Slimes","floor":4.0,"turns":3.0},{"damage":14.0,"enemies":"3 Sentries","floor":6.0,"turns":4.0},{"damage":17.0,"enemies":"3 Louse","floor":10.0,"turns":6.0},{"damage":26.0,"enemies":"The Mushroom Lair","floor":11.0,"turns":4.0},{"damage":0.0,"enemies":"Lagavulin","floor":13.0,"turns":5.0},{"damage":14.0,"enemies":"Slime Boss","floor":16.0,"turns":7.0},{"damage":39.0,"enemies":"Spheric Guardian","floor":18.0,"turns":6.0},{"damage":44,"enemies":"Shell Parasite","floor":21,"turns":7}],"seed_played":"5743589349814592842","potions_obtained":[{"floor":1.0,"key":"DuplicationPotion"},{"floor":6.0,"key":"GamblersBrew"},{"floor":11.0,"key":"Block Potion"}],"is_trial":false,"path_per_floor":["M","M","?","M","?","E","R","?","T","M","?","R","E","$","R","B",null,"M","?","?","M"],"character_chosen":"IRONCLAD","items_purchased":["MealTicket"],"campfire_rested":1,"item_purchase_floors":[14],"current_hp_per_floor":[68,68,73,60,53,45,45,45,45,34,14,35,41,41,41,33,63,30,30,30,0,0],"gold":109,"neow_bonus":"RANDOM_COLORLESS_2","is_daily":false,"chose_seed":false,"campfire_upgraded":2,"win_rate":0.0,"timestamp":1608520702,"path_taken":["M","M","?","M","?","E","R","?","T","M","?","R","E","$","R","BOSS","M","?","?","?"],"items_purchased_type":["Relic"],"build_version":"2020-12-13","purchased_purges":1,"victory":false,"max_hp_per_floor":[68,68,73,73,73,73,73,73,73,73,73,73,73,73,73,73,73,73,73,73,73,73],"card_choices":[{"not_picked":["Secret Technique","Sadistic Nature"],"picked":"The Bomb","floor":0.0},{"not_picked":["Clash","Uppercut"],"picked":"Metallicize","floor":1.0},{"not_picked":["Blood for Blood","Anger"],"picked":"Dropkick","floor":2.0},{"not_picked":["Sword Boomerang","Cleave","Rupture"],"picked":"SKIP","floor":4.0},{"not_picked":["Warcry","Uppercut","Wild Strike"],"picked":"SKIP","floor":6.0},{"not_picked":["Evolve","Searing Blow","Armaments"],"picked":"SKIP","floor":10.0},{"not_picked":["Exhume","Burning Pact"],"picked":"Entrench","floor":13.0},{"not_picked":["Iron Wave","Hemokinesis","Sword Boomerang"],"picked":"SKIP","floor":18.0}],"player_experience":753677,"relics_obtained":[{"floor":6.0,"key":"War Paint"},{"floor":9.0,"key":"PreservedInsect"},{"floor":11.0,"key":"Odd Mushroom"},{"floor":13.0,"key":"InkBottle"}],"event_choices":[{"damage_healed":0.0,"max_hp_gain":5.0,"max_hp_loss":0.0,"gold_gain":0.0,"event_name":"Big Fish","player_choice":"Donut","floor":3.0,"gold_loss":0.0,"damage_taken":0.0},{"cards_removed":["Strike_R"],"damage_healed":0.0,"max_hp_gain":0.0,"max_hp_loss":0.0,"gold_gain":0.0,"event_name":"Golden Wing","player_choice":"Card Removal","floor":5.0,"gold_loss":0.0,"damage_taken":7.0},{"damage_healed":0.0,"max_hp_gain":0.0,"max_hp_loss":0.0,"gold_gain":0.0,"event_name":"Liars Game","player_choice":"Ignored","floor":8.0,"gold_loss":0.0,"damage_taken":0.0},{"damage_healed":0.0,"max_hp_gain":0.0,"max_hp_loss":0.0,"gold_gain":0.0,"event_name":"Mushrooms","player_choice":"Fought Mushrooms","floor":11.0,"gold_loss":0.0,"damage_taken":0.0},{"damage_healed":0.0,"max_hp_gain":0.0,"max_hp_loss":0.0,"gold_gain":0.0,"event_name":"Addict","player_choice":"Obtained Relic","floor":19.0,"gold_loss":85.0,"damage_taken":0.0,"relics_obtained":["Bag of Marbles"]},{"damage_healed":0.0,"max_hp_gain":0.0,"max_hp_loss":0.0,"gold_gain":0.0,"event_name":"FaceTrader","player_choice":"Trade","floor":20.0,"gold_loss":0.0,"damage_taken":0.0,"relics_obtained":["SsserpentHead"]}],"is_beta":false,"boss_relics":[{"not_picked":["Runic Cube","Snecko Eye"],"picked":"SlaversCollar"}],"items_purged_floors":[14],"is_endless":false,"potions_floor_spawned":[1,6,11,13],"killed_by":"Shell Parasite","ascension_level":14}}