{"host":"llpusn9usp8rznkj","time":1608530295,"event":{"mods":["2.2 Compatiblity","BaseMod","Colored Map","Colored Powertips","Conspire","Downfall","Hubris","Minty Spire (QoL Compilation)","Rare Cards Sparkle","Replay The Spire","StSLib","The Cursed"],"gold_per_floor":[109,129,129,129,129,158,174,187,262,262,273,273,290,26,26,100,100,115,115,115,10,10,10,44,64,64,99,114,214,139,165,165,242,242,254,254,254,554,572,572,605,622,646,671,689,689,702,486,486,486,486],"floor_reached":52,"playtime":3050,"items_purged":["Strike_G+1","Noxious Fumes+1"],"score":2736,"play_id":"d867ea64-a85d-4408-abee-3fd731e1136a","local_time":"20201221005815","is_ascension_mode":true,"campfire_choices":[{"data":"Prepared","floor":10.0,"key":"SMITH"},{"data":"Hidden Blade","floor":12.0,"key":"SMITH"},{"data":"Noxious Fumes","floor":15.0,"key":"SMITH"},{"floor":23.0,"key":"REST"},{"data":"Expertise","floor":32.0,"key":"SMITH"},{"data":"Acrobatics","floor":40.0,"key":"SMITH"},{"data":"Hidden Blade","floor":46.0,"key":"SMITH"},{"data":"Madness","floor":49.0,"key":"SMITH"}],"circlet_count":0,"master_deck":["AscendersBane","Strike_G+1","Strike_G+1","Defend_G+1","Defend_G+1","Defend_G+1","Defend_G+1","Defend_G+1","Survivor","Neutralize","PiercingWail","ReplayTheSpireMod:Scrap Shanks","Hidden Blade+1","ReplayTheSpireMod:Scrap Shanks","Adrenaline+1","Acrobatics","Necronomicurse","Accuracy","Acrobatics+1","Expertise+1","ReplayTheSpireMod:Scrap Shanks","Madness+1","Madness","hubris:Sniper","Tactician","Phantasmal Killer","Hidden Blade+1","hubris:DuctTapeCard"],"relics":["Ring of the Snake","NeowsBlessing","ReplayTheSpireMod:TigerMarble","Replay:Rubber Ducky","hubris:AncientText","Meat on the Bone","hubris:DuctTape","conspire:SpecialSausage","Necronomicon","Bronze Scales","Ginger","Unceasing Top","hubris:DisguiseKit","Tiny Chest","HoveringKite","Boot","Happy Flower","hubris:Spice","BargainBundle"],"acts_visited":["Exordium","TheCity","TheBeyond"],"potions_floor_usage":[],"damage_taken":[{"damage":0.0,"enemies":"2 Louse","floor":1.0,"turns":1.0},{"damage":0.0,"enemies":"Small Slimes","floor":2.0,"turns":1.0},{"damage":0.0,"enemies":"Lagavulin","floor":6.0,"turns":1.0},{"damage":0.0,"enemies":"Jaw Worm","floor":7.0,"turns":7.0},{"damage":1.0,"enemies":"Lots of Slimes","floor":8.0,"turns":5.0},{"damage":11.0,"enemies":"Exordium Thugs","floor":11.0,"turns":5.0},{"damage":0.0,"enemies":"Blue Slaver","floor":13.0,"turns":4.0},{"damage":19.0,"enemies":"Slime Boss","floor":16.0,"turns":10.0},{"damage":0.0,"enemies":"Spheric Guardian","floor":18.0,"turns":3.0},{"damage":0.0,"enemies":"Replay:Snechameleon","floor":24.0,"turns":3.0},{"damage":0.0,"enemies":"Shell Parasite","floor":25.0,"turns":1.0},{"damage":1.0,"enemies":"Book of Stabbing","floor":27.0,"turns":3.0},{"damage":0.0,"enemies":"Snake Plant","floor":28.0,"turns":2.0},{"damage":0.0,"enemies":"Colosseum Slavers","floor":29.0,"turns":5.0},{"damage":0.0,"enemies":"Colosseum Nobs","floor":29.0,"turns":3.0},{"damage":0.0,"enemies":"conspire:SneckoGhost","floor":31.0,"turns":4.0},{"damage":16.0,"enemies":"Pondfish","floor":33.0,"turns":3.0},{"damage":10.0,"enemies":"3 Shapes","floor":35.0,"turns":2.0},{"damage":0.0,"enemies":"Orb Walker","floor":39.0,"turns":2.0},{"damage":0.0,"enemies":"Reptomancer","floor":41.0,"turns":3.0},{"damage":16.0,"enemies":"4 Shapes","floor":42.0,"turns":4.0},{"damage":6.0,"enemies":"R_Hoarder","floor":44.0,"turns":4.0},{"damage":0.0,"enemies":"Writhing Mass","floor":45.0,"turns":3.0},{"damage":1.0,"enemies":"Transient","floor":47.0,"turns":6.0},{"damage":44.0,"enemies":"hubris:GrandSnecko","floor":50.0,"turns":9.0},{"damage":0.0,"enemies":"Awakened One","floor":51.0,"turns":3.0}],"seed_played":"-7679369718241958670","potions_obtained":[{"floor":1.0,"key":"hexamod:EctoCoolerPotion"},{"floor":6.0,"key":"PowerPotion"},{"floor":13.0,"key":"SkillPotion"},{"floor":16.0,"key":"ColorlessPotion"},{"floor":25.0,"key":"Fire Potion"},{"floor":27.0,"key":"SpeedPotion"},{"floor":29.0,"key":"Elixir"},{"floor":39.0,"key":"Strength Potion"},{"floor":45.0,"key":"Adrenaline Potion"},{"floor":47.0,"key":"sneckomod:MuddlingPotion"}],"is_trial":false,"path_per_floor":["M","M","?","?","T","E","M","M","T","R","M","R","M","$","R","B",null,"M","?","?","$","?","R","E","M","T","E","M","?","$","E","R","B",null,"M","?","?","?","M","R","E","M","T","E","M","R","M","$","R","B","B",null],"character_chosen":"THE_SILENT","items_purchased":["hubris:DuctTape","Accuracy","Acrobatics","BargainBundle","SkillPotion"],"campfire_rested":1,"item_purchase_floors":[14,21,21,48,48],"current_hp_per_floor":[59,59,54,47,47,47,47,46,46,46,35,35,35,35,35,28,57,57,36,36,36,36,55,55,55,55,54,54,54,54,54,54,38,59,49,37,37,37,38,38,38,34,34,48,48,48,51,51,51,19,31],"gold":486,"neow_bonus":"THREE_ENEMY_KILL","is_daily":false,"chose_seed":false,"campfire_upgraded":7,"win_rate":0.0,"timestamp":1608530295,"path_taken":["M","M","?","?","?","E","M","M","T","R","?","R","M","$","R","BOSS","M","?","?","$","?","R","E","?","T","E","M","?","$","E","R","BOSS","M","?","?","?","M","R","E","M","T","E","M","R","M","$","R","BOSS","BOSS"],"items_purchased_type":["Relic","Card","Card","Relic","Potion"],"build_version":"2020-12-13","purchased_purges":2,"victory":true,"max_hp_per_floor":[66,66,66,66,66,66,66,66,66,66,66,66,66,66,66,66,66,66,66,66,66,66,66,66,66,66,66,66,66,66,66,66,66,66,66,66,66,66,67,67,67,67,67,75,75,75,75,75,75,75,75],"card_choices":[{"not_picked":["hubris:Counter","Sucker Punch"],"picked":"PiercingWail","floor":1.0},{"not_picked":["Cloak And Dagger","Reflex"],"picked":"ReplayTheSpireMod:Scrap Shanks","floor":2.0},{"not_picked":["Prepared","Acrobatics"],"picked":"ReplayTheSpireMod:The Works","floor":6.0},{"not_picked":["conspire:DoublingDagger","Dodge and Roll"],"picked":"Noxious Fumes","floor":7.0},{"not_picked":["Tactician","Leg Sweep"],"picked":"Prepared","floor":8.0},{"not_picked":["PiercingWail","hubris:SlightOfHand"],"picked":"Hidden Blade","floor":11.0},{"not_picked":["Backflip","hubris:Counter"],"picked":"ReplayTheSpireMod:Scrap Shanks","floor":13.0},{"not_picked":["Atom Bomb","Doppelganger"],"picked":"Adrenaline","floor":16.0},{"not_picked":["Deflect+1","Underhanded Strike"],"picked":"Acrobatics","floor":18.0},{"not_picked":["Flying Knee","Well Laid Plans","Sucker Punch"],"picked":"SKIP","floor":24.0},{"not_picked":["Leg Sweep","Endless Agony"],"picked":"Expertise","floor":25.0},{"not_picked":["Toxin Wave","Dagger Throw"],"picked":"ReplayTheSpireMod:Scrap Shanks","floor":27.0},{"not_picked":["Dodge and Roll+1","Dagger Spray","Deflect"],"picked":"SKIP","floor":28.0},{"not_picked":["Blade Dance","Setup","conspire:PoisonWeapons","Clash"],"picked":"SKIP","floor":31.0},{"not_picked":["Underhanded Strike","Backflip","Flying Knee","Pommel Strike"],"picked":"SKIP","floor":35.0},{"not_picked":["Tactician+1","Dagger Spray+1","Clash"],"picked":"hubris:Sniper","floor":39.0},{"not_picked":["Finisher+1","Flying Knee","hubris:CleavingFinish"],"picked":"Tactician","floor":41.0},{"not_picked":["Setup","Riddle With Holes","Quick Slash","Heavy Blade"],"picked":"SKIP","floor":42.0},{"not_picked":["Masterful Stab","Outmaneuver","Thunderclap"],"picked":"Phantasmal Killer","floor":44.0},{"not_picked":["Terror","Sucker Punch+1","Clash"],"picked":"Hidden Blade","floor":45.0},{"not_picked":["Finisher+1","Blade Dance","Flying Knee","Iron Wave"],"picked":"SKIP","floor":47.0}],"player_experience":1100723,"relics_obtained":[{"floor":5.0,"key":"Replay:Rubber Ducky"},{"floor":6.0,"key":"hubris:AncientText"},{"floor":9.0,"key":"Meat on the Bone"},{"floor":19.0,"key":"Necronomicon"},{"floor":24.0,"key":"Bronze Scales"},{"floor":27.0,"key":"Ginger"},{"floor":29.0,"key":"Unceasing Top"},{"floor":29.0,"key":"hubris:DisguiseKit"},{"floor":31.0,"key":"Tiny Chest"},{"floor":41.0,"key":"Boot"},{"floor":43.0,"key":"Happy Flower"},{"floor":44.0,"key":"hubris:Spice"}],"event_choices":[{"damage_healed":0.0,"max_hp_gain":0.0,"max_hp_loss":0.0,"gold_gain":0.0,"event_name":"Scrap Ooze","player_choice":"Success","floor":3.0,"gold_loss":0.0,"damage_taken":5.0,"relics_obtained":["ReplayTheSpireMod:TigerMarble"]},{"cards_removed":["Strike_G"],"damage_healed":0.0,"max_hp_gain":0.0,"max_hp_loss":0.0,"gold_gain":0.0,"event_name":"Golden Wing","player_choice":"Card Removal","floor":4.0,"gold_loss":0.0,"damage_taken":7.0},{"damage_healed":0.0,"max_hp_gain":0.0,"max_hp_loss":0.0,"gold_gain":0.0,"event_name":"Cursed Tome","player_choice":"Obtained Book","floor":19.0,"gold_loss":0.0,"damage_taken":21.0},{"damage_healed":0.0,"max_hp_gain":0.0,"max_hp_loss":0.0,"gold_gain":0.0,"event_name":"Back to Basics","player_choice":"Simplicity","floor":20.0,"gold_loss":0.0,"damage_taken":0.0,"cards_upgraded":["Strike_G","Strike_G","Strike_G","Strike_G","Defend_G","Defend_G","Defend_G","Defend_G","Defend_G"]},{"cards_removed":["Strike_G"],"damage_healed":0.0,"max_hp_gain":0.0,"max_hp_loss":0.0,"gold_gain":0.0,"event_name":"Wheel of Change","player_choice":"Card Removal","floor":22.0,"gold_loss":0.0,"damage_taken":0.0},{"damage_healed":0.0,"max_hp_gain":0.0,"max_hp_loss":0.0,"gold_gain":0.0,"event_name":"Colosseum","player_choice":"Fight","floor":29.0,"gold_loss":0.0,"damage_taken":0.0},{"damage_healed":0.0,"max_hp_gain":0.0,"max_hp_loss":0.0,"gold_gain":0.0,"event_name":"Colosseum","player_choice":"Fought Nobs","floor":29.0,"gold_loss":0.0,"damage_taken":0.0},{"damage_healed":0.0,"max_hp_gain":0.0,"max_hp_loss":0.0,"gold_gain":0.0,"event_name":"Winding Halls","player_choice":"Embrace Madness","floor":36.0,"gold_loss":0.0,"damage_taken":12.0,"cards_obtained":["Madness","Madness"]},{"damage_healed":0.0,"max_hp_gain":0.0,"max_hp_loss":0.0,"gold_gain":300.0,"event_name":"Wheel of Change","player_choice":"Gold","floor":38.0,"gold_loss":0.0,"damage_taken":0.0}],"is_beta":false,"boss_relics":[{"not_picked":["hubris:HollowSoul","Painkiller Herb"],"picked":"conspire:SpecialSausage"},{"not_picked":["SacredBark","Snecko Eye"],"picked":"HoveringKite"}],"items_purged_floors":[30,48],"is_endless":false,"potions_floor_spawned":[1,6,13,16,25,27,29,39,42,45,47],"ascension_level":20}}