{"host":"o3b7ow6d1xe49css","time":1608519906,"event":{"mods":["Act Like it!","Aspiration","BaseMod","Bestiary","Better Altar","Better Match","Better Note","Better Sensory Stone","Better Skull","Better Third Choice","Colored Powertips","Conspire","Energized Spire","Force Act Four","GifTheSpireLib","Halation","Hermit","Hubris","Infinite Spire","Lobotomy","Minty Spire (QoL Compilation)","Quick Restart","Replay The Spire","Spicy Shops","Spikes Relics","StSLib","Stuff the Spire","The Blue Laboratory","Wandering Minibosses","vexMod"],"gold_per_floor":[118,132,148,167,180,206,206,236,262,262,295,323,323,323,323,323,323],"floor_reached":16,"playtime":568,"items_purged":[],"score":194,"play_id":"33a66f00-f718-4d4d-98ec-6bd6ed7db1f3","local_time":"20201220180506","daily_mods":["Heirloom","Flight","Elite Swarm"],"is_ascension_mode":true,"campfire_choices":[{"data":"Wraith Form v2","floor":7,"key":"SMITH"},{"data":"Blade Dance","floor":10,"key":"SMITH"},{"data":"Adrenaline","floor":13,"key":"SMITH"},{"data":"Storm of Steel","floor":15,"key":"SMITH"}],"circlet_count":0,"master_deck":["Strike_G","Strike_G","Strike_G","Strike_G","Strike_G","Defend_G","Defend_G","Defend_G","Defend_G","Defend_G","Survivor","Neutralize","Blade Dance+1","Quick Slash","Leg Sweep","Masterful Stab","Wraith Form v2+1","Replay:Bag of Tricks","Storm of Steel+1","Adrenaline+1","Bullet Time"],"relics":["Ring of the Snake","Ring of Chaos","StuffTheSpire:Nightcore","TungstenRod","StuffTheSpire:PointBlank","CogitoBucket","StuffTheSpire:Experiment12","Gremlin Horn"],"acts_visited":["Exordium"],"potions_floor_usage":[6,6],"damage_taken":[{"damage":0,"enemies":"Small Slimes","floor":1,"turns":2},{"damage":1,"enemies":"Jaw Worm","floor":2,"turns":2},{"damage":3,"enemies":"2 Louse","floor":3,"turns":3},{"damage":1,"enemies":"Exordium Thugs","floor":4,"turns":7},{"damage":0,"enemies":"2 Fungi Beasts","floor":5,"turns":3},{"damage":15,"enemies":"Gremlin Nob","floor":6,"turns":3},{"damage":11,"enemies":"3 Sentries","floor":8,"turns":6},{"damage":17,"enemies":"Lagavulin","floor":11,"turns":4},{"damage":0,"enemies":"Gremlin Nob","floor":12,"turns":2},{"damage":0,"enemies":"Fading Forest","floor":16,"turns":2}],"seed_played":"2438482042486310720","potions_obtained":[{"floor":2,"key":"blueLaboratory:NinjaPotion"},{"floor":3,"key":"blueLaboratory:SuffocatingSmog"},{"floor":8,"key":"blueLaboratory:TrueEctoplasm"},{"floor":12,"key":"blueLaboratory:Moonshine"}],"is_trial":true,"path_per_floor":["M","M","M","M","M","E","R","E","T","R","E","E","R","?","R","B"],"character_chosen":"THE_SILENT","items_purchased":[],"campfire_rested":0,"item_purchase_floors":[],"current_hp_per_floor":[70,69,66,65,65,50,50,39,39,39,22,22,22,22,22,22,22],"gold":323,"neow_bonus":"","is_daily":false,"chose_seed":false,"campfire_upgraded":4,"win_rate":0.0,"timestamp":1608519906,"path_taken":["M","M","M","M","M","E","R","E","T","R","E","E","R","?","R","BOSS"],"items_purchased_type":[],"build_version":"2020-12-13","purchased_purges":0,"victory":false,"max_hp_per_floor":[70,70,70,70,70,70,70,70,70,70,70,70,70,70,70,70,70],"card_choices":[{"not_picked":["hubris:TrickCloak","StuffTheSpire:Python"],"picked":"Blade Dance","floor":1},{"not_picked":["ShadowRift","StuffTheSpire:Injection"],"picked":"Quick Slash","floor":2},{"not_picked":["hubris:SlightOfHand","Cloak And Dagger"],"picked":"Leg Sweep","floor":3},{"not_picked":["StuffTheSpire:ClusterCrunch","Outmaneuver"],"picked":"Masterful Stab","floor":4},{"not_picked":["Predator","Deadly Poison"],"picked":"Wraith Form v2","floor":5},{"not_picked":["ReplayTheSpireMod:Necrosis","Atom Bomb"],"picked":"Replay:Bag of Tricks","floor":6},{"not_picked":["Tools of the Trade","Glass Knife"],"picked":"Storm of Steel","floor":8},{"not_picked":["FieryBird","FairyFestival","Freischutz"],"picked":"Singing Bowl","floor":11},{"not_picked":["Poison Darts","Venomology"],"picked":"Adrenaline","floor":11},{"not_picked":["MHz","Scorched","BigBadWolf"],"picked":"Singing Bowl","floor":12},{"not_picked":["Malaise","ReplayTheSpireMod:Necrosis"],"picked":"Bullet Time","floor":12}],"player_experience":1776300,"relics_obtained":[{"floor":6,"key":"TungstenRod"},{"floor":8,"key":"StuffTheSpire:PointBlank"},{"floor":11,"key":"StuffTheSpire:Experiment12"},{"floor":12,"key":"Gremlin Horn"}],"event_choices":[],"is_beta":false,"boss_relics":[],"items_purged_floors":[],"is_endless":false,"potions_floor_spawned":[2,3,8,12],"killed_by":"Fading Forest","ascension_level":5}}