{"host":"3rixevx6n8b56xaj","time":1608561558,"event":{"mods":["2.2 Compatiblity","AchievementEnabler","BaseMod","Better Third Choice","Colored Map","DeckTracker","Friendly Minions","Minty Spire (QoL Compilation)","StSLib","SuperFastMode"],"gold_per_floor":[114,64,80,94,269,304,304,304,304,304,323,335,108,125,125,220,220,236,110,156,199,131,131,187,187,187,231,281,340,340,396,396,528,528,569,569,610,181,222,79,142,192,192,240,290,23,103,146,146,176,176,176,2,30,30],"floor_reached":56,"playtime":2502,"items_purged":["Pain","Doubt","MasterReality"],"score":1346,"play_id":"8c113d2d-e09f-4165-ba69-a49f6745d568","local_time":"20201221233918","is_ascension_mode":false,"campfire_choices":[{"data":"Eruption","floor":7,"key":"SMITH"},{"floor":10,"key":"REST"},{"data":"MentalFortress","floor":15,"key":"SMITH"},{"data":"TalkToTheHand","floor":23,"key":"SMITH"},{"floor":25,"key":"REST"},{"data":"Adaptation","floor":30,"key":"SMITH"},{"data":"Devotion","floor":32,"key":"SMITH"},{"floor":49,"key":"RECALL"},{"data":"Fasting2","floor":52,"key":"SMITH"}],"circlet_count":0,"master_deck":["Eruption+1","Vigilance","FollowUp","FlurryOfBlows","Evaluate+1","MentalFortress+1","TalkToTheHand+1","Wish+1","Ragnarok","EmptyBody+1","Judgement+1","Perseverance+1","WaveOfTheHand+1","Evaluate+1","CrushJoints","Vengeance+1","Adaptation+1","Devotion+1","Scrawl+1","Prostrate+1","EmptyFist+1","Fasting2+1","Halt+1","WheelKick"],"relics":["PureWater","Toxic Egg 2","WarpedTongs","Bag of Preparation","Pandora\u0027s Box","Du-Vu Doll","Mummified Hand","Red Mask","InkBottle","Philosopher\u0027s Stone","Calipers","Nunchaku","Bronze Scales","The Courier","OrangePellets","Ancient Tea Set","Mango","TheAbacus","Eternal Feather"],"acts_visited":["Exordium","TheCity","TheBeyond","TheEnding"],"potions_floor_usage":[24,33,55,55,55],"damage_taken":[{"damage":1,"enemies":"Jaw Worm","floor":1,"turns":3},{"damage":0,"enemies":"Small Slimes","floor":3,"turns":2},{"damage":2,"enemies":"Cultist","floor":4,"turns":3},{"damage":52,"enemies":"3 Sentries","floor":6,"turns":14},{"damage":5,"enemies":"Blue Slaver","floor":11,"turns":6},{"damage":3,"enemies":"Looter","floor":12,"turns":3},{"damage":0,"enemies":"Exordium Thugs","floor":14,"turns":3},{"damage":32,"enemies":"Hexaghost","floor":16,"turns":15},{"damage":0,"enemies":"Spheric Guardian","floor":18,"turns":1},{"damage":15,"enemies":"2 Thieves","floor":20,"turns":4},{"damage":19,"enemies":"Centurion and Healer","floor":21,"turns":6},{"damage":22,"enemies":"Book of Stabbing","floor":24,"turns":7},{"damage":0,"enemies":"Cultist and Chosen","floor":27,"turns":6},{"damage":0,"enemies":"Chosen and Byrds","floor":28,"turns":5},{"damage":1,"enemies":"Masked Bandits","floor":29,"turns":4},{"damage":0,"enemies":"Gremlin Leader","floor":31,"turns":5},{"damage":8,"enemies":"Automaton","floor":33,"turns":6},{"damage":10,"enemies":"3 Darklings","floor":35,"turns":4},{"damage":6,"enemies":"Orb Walker","floor":37,"turns":2},{"damage":0,"enemies":"Spire Growth","floor":39,"turns":4},{"damage":0,"enemies":"Giant Head","floor":41,"turns":5},{"damage":0,"enemies":"4 Shapes","floor":42,"turns":3},{"damage":0,"enemies":"Sphere and 2 Shapes","floor":44,"turns":3},{"damage":1,"enemies":"Maw","floor":45,"turns":5},{"damage":0,"enemies":"Mind Bloom Boss Battle","floor":47,"turns":4},{"damage":0,"enemies":"Spire Growth","floor":48,"turns":4},{"damage":0,"enemies":"Awakened One","floor":50,"turns":9},{"damage":26,"enemies":"Shield and Spear","floor":54,"turns":4},{"damage":67,"enemies":"The Heart","floor":55,"turns":6}],"seed_played":"-1834241594337217782","potions_obtained":[{"floor":1,"key":"GamblersBrew"},{"floor":6,"key":"StancePotion"},{"floor":14,"key":"FearPotion"},{"floor":18,"key":"DistilledChaos"},{"floor":31,"key":"DuplicationPotion"},{"floor":33,"key":"SpeedPotion"},{"floor":41,"key":"FearPotion"},{"floor":54,"key":"DuplicationPotion"}],"is_trial":false,"path_per_floor":["M","?","M","M","?","E","R","?","T","R","M","M","$","M","R","B",null,"M","$","M","M","$","R","E","R","T","M","M","?","R","E","R","B",null,"M","?","M","$","M","$","E","M","T","M","M","$","?","M","R","B",null,"R","$","E","B",null],"character_chosen":"WATCHER","items_purchased":["Bag of Preparation","CrushJoints","Adaptation","Calipers","Nunchaku","OrangePellets","Fasting2","Ancient Tea Set","TheAbacus","Regen Potion"],"campfire_rested":2,"item_purchase_floors":[13,19,22,38,40,46,46,46,53,53],"current_hp_per_floor":[78,78,78,76,76,24,24,24,24,47,42,39,39,39,39,7,79,79,79,64,45,45,45,23,46,46,46,46,45,45,45,45,37,79,69,69,63,63,63,63,63,63,63,63,62,62,76,76,76,76,93,93,93,67,15],"gold":30,"neow_bonus":"TEN_PERCENT_HP_BONUS","is_daily":false,"chose_seed":false,"campfire_upgraded":6,"win_rate":0.0,"timestamp":1608561558,"path_taken":["M","?","M","M","?","E","R","?","T","R","M","?","$","M","R","BOSS","M","$","M","M","$","R","E","R","T","M","M","?","R","E","R","BOSS","M","?","M","$","M","?","E","M","T","M","M","$","?","M","R","BOSS","R","$","E","BOSS"],"items_purchased_type":["Relic","Card","Card","Relic","Relic","Relic","Card","Relic","Relic","Potion"],"build_version":"2020-12-13","purchased_purges":3,"victory":true,"max_hp_per_floor":[79,79,79,79,79,79,79,79,79,79,79,79,79,79,79,79,79,79,79,79,79,79,79,79,79,79,79,79,79,79,79,79,79,79,79,79,79,79,79,79,79,79,79,79,79,79,93,93,93,93,93,93,93,93,93],"card_choices":[{"not_picked":["PathToVictory","ForeignInfluence"],"picked":"FollowUp","floor":1},{"not_picked":["BowlingBash","FollowUp","FlyingSleeves"],"picked":"SKIP","floor":3},{"not_picked":["Meditate","EmptyMind"],"picked":"FlurryOfBlows","floor":4},{"not_picked":["BowlingBash","SashWhip"],"picked":"Evaluate+1","floor":6},{"not_picked":["Evaluate+1","ConjureBlade+1"],"picked":"MentalFortress","floor":11},{"not_picked":["FollowUp","WaveOfTheHand+1"],"picked":"TalkToTheHand","floor":12},{"not_picked":["FlyingSleeves","Crescendo+1","PathToVictory+1"],"picked":"SKIP","floor":14},{"not_picked":["FlyingSleeves","Crescendo+1","PathToVictory+1"],"picked":"SKIP","floor":14},{"not_picked":["Judgement+1","ConjureBlade+1"],"picked":"Wish+1","floor":16},{"not_picked":["FollowUp","DeceiveReality+1"],"picked":"Evaluate+1","floor":18},{"not_picked":["FollowUp","Swivel+1","FlurryOfBlows"],"picked":"SKIP","floor":20},{"not_picked":["JustLucky","Worship+1"],"picked":"Vengeance+1","floor":21},{"not_picked":["FlurryOfBlows","Protect+1","SashWhip"],"picked":"SKIP","floor":24},{"not_picked":["EmptyBody+1","ClearTheMind+1","CutThroughFate"],"picked":"SKIP","floor":27},{"not_picked":["Vengeance+1","Protect+1","BattleHymn"],"picked":"SKIP","floor":28},{"not_picked":["FollowUp+1","EmptyBody+1"],"picked":"Devotion","floor":31},{"not_picked":["Establishment","Devotion"],"picked":"Scrawl+1","floor":33},{"not_picked":["ClearTheMind+1","FlurryOfBlows"],"picked":"Prostrate+1","floor":35},{"not_picked":["SignatureMove","Nirvana+1","BowlingBash"],"picked":"SKIP","floor":37},{"not_picked":["Indignation+1","SashWhip","MentalFortress+1"],"picked":"SKIP","floor":39},{"not_picked":["Weave+1","PathToVictory+1","ThirdEye+1"],"picked":"SKIP","floor":41},{"not_picked":["FollowUp","ThirdEye+1"],"picked":"EmptyFist+1","floor":42},{"not_picked":["SashWhip+1","Blasphemy+1","ThirdEye+1"],"picked":"SKIP","floor":44},{"not_picked":["ThirdEye+1","Crescendo+1","Consecrate+1"],"picked":"SKIP","floor":45},{"not_picked":["ClearTheMind+1","Adaptation"],"picked":"Halt+1","floor":47},{"not_picked":["JustLucky","Conclude","Crescendo+1"],"picked":"SKIP","floor":48},{"not_picked":["CutThroughFate","EmptyFist"],"picked":"WheelKick","floor":54}],"player_experience":538838,"relics_obtained":[{"floor":6,"key":"Toxic Egg 2"},{"floor":24,"key":"Du-Vu Doll"},{"floor":26,"key":"Mummified Hand"},{"floor":29,"key":"Red Mask"},{"floor":31,"key":"InkBottle"},{"floor":41,"key":"Bronze Scales"},{"floor":43,"key":"The Courier"},{"floor":47,"key":"Mango"},{"floor":54,"key":"Eternal Feather"}],"event_choices":[{"cards_removed":["Strike_P"],"damage_healed":0,"gold_gain":0,"player_choice":"Card Removal","damage_taken":0,"max_hp_gain":0,"max_hp_loss":0,"event_name":"The Cleric","floor":2,"gold_loss":50},{"damage_healed":0,"gold_gain":175,"player_choice":"AGREE","damage_taken":94,"max_hp_gain":0,"max_hp_loss":0,"event_name":"betterThird:BetterSerpent","floor":5,"gold_loss":0},{"damage_healed":0,"gold_gain":0,"player_choice":"Rummage","damage_taken":0,"relics_obtained":["WarpedTongs"],"max_hp_gain":0,"max_hp_loss":0,"event_name":"Accursed Blacksmith","floor":8,"gold_loss":0,"cards_obtained":["Pain"]},{"damage_healed":0,"gold_gain":0,"player_choice":"Fought Bandits","damage_taken":0,"max_hp_gain":0,"max_hp_loss":0,"event_name":"Masked Bandits","floor":29,"gold_loss":0},{"cards_removed":["LikeWater"],"damage_healed":0,"gold_gain":0,"player_choice":"Purged","damage_taken":0,"max_hp_gain":0,"max_hp_loss":0,"event_name":"Purifier","floor":36,"gold_loss":0},{"damage_healed":0,"gold_gain":0,"player_choice":"Fight","damage_taken":0,"max_hp_gain":0,"max_hp_loss":0,"event_name":"MindBloom","floor":47,"gold_loss":0}],"is_beta":false,"boss_relics":[{"not_picked":["Sozu","Runic Dome"],"picked":"Pandora\u0027s Box"},{"not_picked":["Snecko Eye","HolyWater"],"picked":"Philosopher\u0027s Stone"}],"items_purged_floors":[13,19,38],"is_endless":false,"potions_floor_spawned":[1,6,14,18,21,31,33,41,44,47,54],"ascension_level":0}}