{"host":"baymyijz6sxaqj5s","time":1608555116,"event":{"mods":["AchievementEnabler","BaseMod","Colored Map","Colored Powertips","DeckTracker","KOR Keyword Fix","Keyboard Shortcuts","Minty Spire (QoL Compilation)","StSLib","SuperFastMode"],"gold_per_floor":[111,111,61,61,73,73,84,104,179,198,208,208,228,74,74,74,74],"floor_reached":16,"playtime":591,"items_purged":["Strike_R"],"score":94,"play_id":"081b3ecc-803f-4e23-8573-a4b879c7c104","local_time":"20201221215156","is_ascension_mode":false,"campfire_choices":[{"data":"Body Slam","floor":6,"key":"SMITH"},{"data":"Entrench","floor":12,"key":"SMITH"},{"data":"Flame Barrier","floor":15,"key":"SMITH"}],"circlet_count":0,"master_deck":["Strike_R","Strike_R","Defend_R","Defend_R","Defend_R","Defend_R","Bash","Body Slam+1","Seeing Red","Entrench+1","Thunderclap","Flame Barrier+1"],"relics":["Burning Blood","Pantograph"],"acts_visited":["Exordium"],"potions_floor_usage":[8,13,13],"damage_taken":[{"damage":5,"enemies":"Small Slimes","floor":1,"turns":4},{"damage":16,"enemies":"Jaw Worm","floor":5,"turns":5},{"damage":0,"enemies":"2 Louse","floor":7,"turns":4},{"damage":25,"enemies":"Large Slime","floor":8,"turns":11},{"damage":5,"enemies":"Lots of Slimes","floor":10,"turns":3},{"damage":4,"enemies":"2 Fungi Beasts","floor":11,"turns":4},{"damage":12,"enemies":"Gremlin Gang","floor":13,"turns":7},{"damage":90,"enemies":"Hexaghost","floor":16,"turns":14}],"seed_played":"-8572689712122347490","potions_obtained":[{"floor":8,"key":"EntropicBrew"},{"floor":11,"key":"BloodPotion"},{"floor":13,"key":"LiquidBronze"}],"is_trial":false,"path_per_floor":["M","?","?","?","M","R","M","M","T","M","M","R","M","$","R","B"],"character_chosen":"IRONCLAD","items_purchased":["Flame Barrier"],"campfire_rested":0,"item_purchase_floors":[14],"current_hp_per_floor":[88,88,88,81,71,71,77,58,58,59,61,61,72,72,72,0,0],"gold":74,"neow_bonus":"TEN_PERCENT_HP_BONUS","is_daily":false,"chose_seed":false,"campfire_upgraded":3,"win_rate":0.0,"timestamp":1608555116,"path_taken":["M","?","?","?","M","R","M","M","T","M","M","R","M","$","R","BOSS"],"items_purchased_type":["Card"],"build_version":"2020-12-13","purchased_purges":1,"victory":false,"max_hp_per_floor":[88,88,88,88,88,88,88,88,88,88,88,88,88,88,88,88,88],"card_choices":[{"not_picked":["Perfected Strike","Clothesline"],"picked":"Body Slam","floor":1},{"not_picked":["Blood for Blood","True Grit"],"picked":"Seeing Red","floor":5},{"not_picked":["Rampage","Cleave"],"picked":"Entrench","floor":7},{"not_picked":["Pommel Strike","Clothesline"],"picked":"Thunderclap","floor":8},{"not_picked":["Reckless Charge","Perfected Strike","Thunderclap"],"picked":"SKIP","floor":10},{"not_picked":["Dropkick","Flex","Anger"],"picked":"SKIP","floor":11},{"not_picked":["Body Slam","Combust","Intimidate"],"picked":"SKIP","floor":13}],"player_experience":169335,"relics_obtained":[{"floor":9,"key":"Pantograph"}],"event_choices":[{"damage_healed":0,"gold_gain":0,"player_choice":"Ignored","damage_taken":0,"max_hp_gain":0,"max_hp_loss":0,"event_name":"Liars Game","floor":2,"gold_loss":0},{"cards_removed":["Strike_R"],"damage_healed":0,"gold_gain":0,"player_choice":"Card Removal","damage_taken":0,"max_hp_gain":0,"max_hp_loss":0,"event_name":"The Cleric","floor":3,"gold_loss":50},{"cards_removed":["Strike_R"],"damage_healed":0,"gold_gain":0,"player_choice":"Card Removal","damage_taken":7,"max_hp_gain":0,"max_hp_loss":0,"event_name":"Golden Wing","floor":4,"gold_loss":0}],"is_beta":false,"boss_relics":[],"items_purged_floors":[14],"is_endless":false,"potions_floor_spawned":[8,11,13],"killed_by":"Hexaghost","ascension_level":0}}