{"host":"812oq20xb22d9b8c","time":1608534204,"event":{"mods":["AchievementEnabler","Aspiration","BaseMod","Better Altar","Better Match","Better Note","Better Sensory Stone","Better Skull","Better Third Choice","Colored Map","Conspire","Downfall","GifTheSpireLib","Halation","Highlight Path","Hubris","Infinite Spire","Mimic Mod","Minty Spire (QoL Compilation)","Permanent Neow","Shop Mod","Spicy Shops","StSLib","Stuff the Spire","The Jungle","Unceasing Turn Reminder","everything is the same but u backflip on backflip"],"gold_per_floor":[99,99,99,110,95,129,179,29,64,64,64,76,76,90,101,101,101,101],"floor_reached":16,"playtime":650,"items_purged":[],"score":108,"play_id":"703f6e97-8e7e-4fea-8734-e544cc6170bd","local_time":"20201221180324","is_ascension_mode":false,"campfire_choices":[{"floor":1,"key":"RECALL"},{"floor":8,"key":"REST"},{"floor":10,"key":"REST"}],"circlet_count":0,"master_deck":["Slimebound:Strike_Slimebound","Slimebound:Strike_Slimebound","Slimebound:Strike_Slimebound","Slimebound:Tackle","Slimebound:Defend_Slimebound","Slimebound:Defend_Slimebound","Slimebound:Defend_Slimebound","Slimebound:Defend_Slimebound","Slimebound:Split","Slimebound:CorrosiveSpit","Slimebound:SlimeSlap","Regret","Slimebound:Equalize","Slimebound:Schlurp","Slimebound:AcidTongue","Slimebound:LevelUp","Slimebound:HauntingLick","Slimebound:TongueLash"],"relics":["Slimebound:AbsorbEndCombat","StuffTheSpire:RedRose","aspiration:Lifesprig","downfall:HeartBlessingRed","downfall:HeartBlessingBlue","Juzu Bracelet","hubris:Icosahedron"],"acts_visited":["Exordium"],"potions_floor_usage":[5,16,16],"damage_taken":[{"damage":18,"enemies":"Cultist","floor":4,"turns":4},{"damage":21,"enemies":"downfall:FleeingMerchant","floor":5,"turns":4},{"damage":36,"enemies":"3 Sentries","floor":6,"turns":8},{"damage":35,"enemies":"Lagavulin","floor":9,"turns":7},{"damage":18,"enemies":"Small Slimes","floor":12,"turns":3},{"damage":10,"enemies":"2 Louse","floor":14,"turns":3},{"damage":10,"enemies":"Blue Slaver","floor":15,"turns":3},{"damage":42,"enemies":"downfall:Watcher","floor":16,"turns":5}],"seed_played":"-1172572439094268789","potions_obtained":[{"floor":4,"key":"DuplicationPotion"},{"floor":9,"key":"SpeedPotion"},{"floor":12,"key":"Fire Potion"}],"is_trial":false,"path_per_floor":["R","?","?","M","$","E","T","R","E","R","?","M","?","M","M","B"],"character_chosen":"SLIMEBOUND","items_purchased":[],"campfire_rested":2,"item_purchase_floors":[],"current_hp_per_floor":[60,60,60,50,39,15,15,46,25,46,53,43,43,37,29,0,0,0],"gold":101,"neow_bonus":"ONE_RANDOM_RARE_CARD","is_daily":false,"chose_seed":false,"campfire_upgraded":0,"win_rate":0.0,"timestamp":1608534204,"path_taken":["R","?","?","M","$","E","T","R","E","R","?","M","?","M","M","BOSS"],"items_purchased_type":[],"build_version":"2020-12-13","purchased_purges":0,"victory":false,"max_hp_per_floor":[60,60,60,60,60,60,60,70,70,70,70,70,70,70,70,70,70,70],"card_choices":[{"not_picked":["Slimebound:SplitMire","Slimebound:FinishingTackle"],"picked":"Slimebound:Equalize","floor":4},{"not_picked":["Slimebound:GoopSpray","Slimebound:SplitBruiser"],"picked":"Slimebound:Schlurp","floor":5},{"not_picked":["Slimebound:LeechEnergy","Slimebound:FinishingTackle"],"picked":"Slimebound:AcidTongue","floor":6},{"not_picked":["Slimebound:SplitMire","Slimebound:PressTheAttack"],"picked":"Slimebound:LevelUp","floor":9},{"not_picked":["Slimebound:AcidTongue","Slimebound:SplitLeeching"],"picked":"Slimebound:HauntingLick","floor":12},{"not_picked":["Slimebound:SpikyOuterGoop","Slimebound:ComboTackle","Slimebound:Prepare"],"picked":"SKIP","floor":14},{"not_picked":["Slimebound:ForwardTackle","Slimebound:SplitMire"],"picked":"Slimebound:TongueLash","floor":15}],"player_experience":49276,"relics_obtained":[{"floor":6,"key":"aspiration:Lifesprig"},{"floor":9,"key":"Juzu Bracelet"}],"event_choices":[],"is_beta":false,"boss_relics":[],"items_purged_floors":[],"is_endless":false,"potions_floor_spawned":[4,9,12],"killed_by":"downfall:Watcher","ascension_level":0}}