{"host":"ssahdsoo349p0ms1","time":1608566454,"event":{"mods":["AchievementEnabler","BaseMod","Colored Powertips","Downfall","Minty Spire (QoL Compilation)","StSLib"],"gold_per_floor":[99,99,99,24,24,53,77,102,202,235,295,308,326,376,389,491,491,491,641,641,668,668,694,694,283,283,310,375,387,400,450,461,566,566,566,599,599,624,624,654,654,579,612,612,624,719,729,407,424,424],"floor_reached":51,"playtime":3278,"items_purged":["Slimebound:Strike_Slimebound","Slimebound:Strike_Slimebound"],"score":1096,"play_id":"78409423-72ed-4d46-a61f-01751bf98c2a","local_time":"20201221100054","is_ascension_mode":true,"campfire_choices":[{"floor":1.0,"key":"RECALL"},{"data":"Slimebound:CorrosiveSpit","floor":4.0,"key":"SMITH"},{"data":"Slimebound:SamplingLick","floor":18.0,"key":"SMITH"},{"data":"Slimebound:SlimeBarrage","floor":20.0,"key":"SMITH"},{"floor":22.0,"key":"DIG"},{"floor":26.0,"key":"DIG"},{"floor":35.0,"key":"DIG"},{"data":"Slimebound:DuplicatedForm","floor":37.0,"key":"SMITH"},{"floor":39.0,"key":"DIG"},{"data":"Slimebound:DuplicatedForm","floor":42.0,"key":"SMITH"},{"floor":44.0,"key":"DIG"}],"circlet_count":0,"master_deck":["Slimebound:Strike_Slimebound","Slimebound:Tackle","Slimebound:Defend_Slimebound+1","Slimebound:Defend_Slimebound","Slimebound:Defend_Slimebound","Slimebound:Defend_Slimebound","Slimebound:Split+1","Slimebound:CorrosiveSpit+1","Slimebound:SamplingLick+1","Slimebound:PressTheAttack","Slimebound:SlimeSpikes","Slimebound:SplitSpecialist","Slimebound:LeechLife","Slimebound:LeechingTouch","Slimebound:SlimeBarrage+1","Slimebound:Recycling","Slimebound:LeechLife","Slimebound:Recycling","Slimebound:SplitMire","Slimebound:RainOfGoop","Slimebound:LevelUp","Slimebound:HauntingLick","Slimebound:LevelUp","Slimebound:DouseInSlime","Slimebound:SlimeBrawl+1","Slimebound:LevelUp+1","Slimebound:SplitLeeching+1","Necronomicurse","Slimebound:FormOfPuddle","Slimebound:DuplicatedForm+1","Slimebound:FinishingTackle+1","Slimebound:GoopSpray+1","Slimebound:DuplicatedForm+1","Slimebound:Darklings+1","Slimebound:LivingWall+1","Deep Breath+1","Slimebound:MegaLick+1"],"relics":["Slimebound:AbsorbEndCombat","downfall:HeartsMalice","downfall:HeartBlessingRed","Eternal Feather","Happy Flower","War Paint","downfall:CloakOfManyFaces","CultistMask","FaceOfCleric","NlothsMask","GremlinMask","SsserpentHead","Blood Vial","Philosopher\u0027s Stone","Toy Ornithopter","Shovel","CaptainsWheel","White Beast Statue","StoneCalendar","Torii","Necronomicon","Snecko Eye","Calipers","Anchor","Toxic Egg 2","Toy Ornithopter","Regal Pillow","downfall:HeartBlessingBlue","Singing Bowl","Bird Faced Urn","Medical Kit","Bronze Scales","Art of War"],"acts_visited":["Exordium","TheCity","TheBeyond"],"potions_floor_usage":[],"damage_taken":[{"damage":0.0,"enemies":"Jaw Worm","floor":2.0,"turns":1.0},{"damage":0.0,"enemies":"2 Louse","floor":3.0,"turns":1.0},{"damage":0.0,"enemies":"Gremlin Nob","floor":6.0,"turns":1.0},{"damage":18.0,"enemies":"Lagavulin","floor":8.0,"turns":6.0},{"damage":28.0,"enemies":"downfall:FaceTrader","floor":9.0,"turns":8.0},{"damage":29.0,"enemies":"3 Sentries","floor":10.0,"turns":8.0},{"damage":12.0,"enemies":"Cultist","floor":11.0,"turns":3.0},{"damage":30.0,"enemies":"Exordium Wildlife","floor":12.0,"turns":4.0},{"damage":13.0,"enemies":"Exordium Thugs","floor":13.0,"turns":4.0},{"damage":37.0,"enemies":"Gremlin Gang","floor":15.0,"turns":5.0},{"damage":99.0,"enemies":"downfall:Defect","floor":16.0,"turns":8.0},{"damage":55.0,"enemies":"downfall:LadyInBlue","floor":19.0,"turns":6.0},{"damage":78.0,"enemies":"Book of Stabbing","floor":21.0,"turns":5.0},{"damage":68.0,"enemies":"Gremlin Leader","floor":23.0,"turns":6.0},{"damage":16.0,"enemies":"downfall:FleeingMerchant","floor":25.0,"turns":4.0},{"damage":67.0,"enemies":"Slavers","floor":27.0,"turns":6.0},{"damage":9.0,"enemies":"Spheric Guardian","floor":28.0,"turns":4.0},{"damage":18.0,"enemies":"3 Byrds","floor":29.0,"turns":4.0},{"damage":53.0,"enemies":"Snake Plant","floor":30.0,"turns":3.0},{"damage":28.0,"enemies":"Centurion and Healer","floor":32.0,"turns":4.0},{"damage":70.0,"enemies":"downfall:Ironclad","floor":33.0,"turns":7.0},{"damage":53.0,"enemies":"Giant Head","floor":36.0,"turns":6.0},{"damage":69.0,"enemies":"Reptomancer","floor":38.0,"turns":5.0},{"damage":39.0,"enemies":"Giant Head","floor":40.0,"turns":6.0},{"damage":37.0,"enemies":"Reptomancer","floor":43.0,"turns":4.0},{"damage":27.0,"enemies":"3 Shapes","floor":45.0,"turns":4.0},{"damage":48.0,"enemies":"2 Orb Walkers","floor":46.0,"turns":5.0},{"damage":44.0,"enemies":"Orb Walker","floor":47.0,"turns":5.0},{"damage":62.0,"enemies":"downfall:FleeingMerchant","floor":48.0,"turns":4.0},{"damage":66,"enemies":"Transient","floor":49,"turns":5},{"damage":62,"enemies":"downfall:Watcher","floor":50,"turns":6}],"seed_played":"-7994561874822221584","potions_obtained":[{"floor":6.0,"key":"PowerPotion"},{"floor":8.0,"key":"PowerPotion"},{"floor":15.0,"key":"SpeedPotion"},{"floor":19.0,"key":"Slimebound:SlimedPotion"},{"floor":19.0,"key":"FairyPotion"},{"floor":27.0,"key":"Energy Potion"},{"floor":29.0,"key":"PowerPotion"},{"floor":30.0,"key":"Regen Potion"},{"floor":38.0,"key":"EntropicBrew"},{"floor":46.0,"key":"SteroidPotion"}],"is_trial":false,"path_per_floor":["R","M","M","R","?","E","T","E","?","E","M","M","M","?","M","B",null,"R","?","R","E","R","E","T","$","R","E","M","M","M","?","M","B",null,"R","E","R","E","R","E","T","R","E","R","M","?","M","$","M","B",null],"character_chosen":"SLIMEBOUND","items_purchased":["Slimebound:HauntingLick","Slimebound:LevelUp","White Beast Statue","Medical Kit","Bronze Scales","Art of War","Deep Breath+1"],"campfire_rested":0,"item_purchase_floors":[25,25,25,48,48,48,48],"current_hp_per_floor":[60,60,60,60,65,65,65,59,59,45,58,59,63,63,68,38,71,71,70,72,58,70,52,52,75,75,41,45,78,68,52,80,63,81,81,82,82,83,83,82,82,94,95,95,96,99,102,103,102,105],"gold":424,"neow_bonus":"THREE_ENEMY_KILL","is_daily":false,"chose_seed":false,"campfire_upgraded":5,"win_rate":0.0,"timestamp":1608566454,"path_taken":["R","M","M","R","?","E","T","E","?","E","?","M","M","?","M","BOSS","R","?","R","E","R","E","T","?","R","E","?","M","M","?","M","BOSS","R","E","R","E","R","E","T","R","E","R","M","?","M","$","M","BOSS"],"items_purchased_type":["Card","Card","Relic","Relic","Relic","Relic","Card"],"build_version":"2020-12-13","purchased_purges":2,"victory":true,"max_hp_per_floor":[60,60,60,60,65,65,65,65,65,66,67,68,69,69,70,71,71,71,72,72,73,73,74,74,75,75,76,77,78,79,79,80,81,81,81,82,82,83,83,84,84,94,95,95,96,99,102,103,104,105],"card_choices":[{"not_picked":["Slimebound:PressTheAttack","Slimebound:RollThrough"],"picked":"Slimebound:SamplingLick","floor":2.0},{"not_picked":["Slimebound:Schlurp","Slimebound:FinishingTackle"],"picked":"Slimebound:PressTheAttack","floor":3.0},{"not_picked":["Slimebound:ServeAndProtect","Slimebound:SamplingLick"],"picked":"Slimebound:SlimeSpikes","floor":6.0},{"not_picked":["Slimebound:GoopSpray","Slimebound:SplitBruiser"],"picked":"Slimebound:SplitSpecialist","floor":8.0},{"not_picked":["Slimebound:FinishingTackle","Slimebound:GrowthPunch"],"picked":"Slimebound:LeechLife","floor":9.0},{"not_picked":["Slimebound:ViciousTackle","Slimebound:ComboTackle"],"picked":"Slimebound:LeechingTouch","floor":10.0},{"not_picked":["Slimebound:BestDefense","Slimebound:SlimeSpikes"],"picked":"Slimebound:SlimeBarrage","floor":11.0},{"not_picked":["Slimebound:SplitLeeching","Slimebound:Schlurp"],"picked":"Slimebound:Recycling","floor":12.0},{"not_picked":["Slimebound:RollThrough","Slimebound:SplitLeeching"],"picked":"Slimebound:LeechLife","floor":13.0},{"not_picked":["Slimebound:GrowthPunch","Slimebound:PressTheAttack","Slimebound:ViciousTackle"],"picked":"SKIP","floor":15.0},{"not_picked":["Slimebound:RallyTheTroops","Slimebound:TagTeam"],"picked":"Slimebound:Recycling","floor":16.0},{"not_picked":["Slimebound:SplitBruiser","Slimebound:ServeAndProtect"],"picked":"Slimebound:SplitMire","floor":19.0},{"not_picked":["Slimebound:WasteNot","Slimebound:GrowthPunch+1"],"picked":"Slimebound:RainOfGoop","floor":21.0},{"not_picked":["Slimebound:LeechingTouch+1","Slimebound:SlimeSpikes","Slimebound:DivideAndConquer"],"picked":"SKIP","floor":23.0},{"not_picked":["Slimebound:SplitMire+1","Slimebound:FinishingTackle"],"picked":"Slimebound:LevelUp","floor":25.0},{"not_picked":["Slimebound:DisruptingSlam+1","Slimebound:SplitLeeching"],"picked":"Slimebound:DouseInSlime","floor":27.0},{"not_picked":["Slimebound:FinishingTackle","Slimebound:ViciousTackle+1"],"picked":"Slimebound:SlimeBrawl+1","floor":28.0},{"not_picked":["Slimebound:LeechEnergy","Slimebound:LeechingTouch"],"picked":"Slimebound:LevelUp+1","floor":29.0},{"not_picked":["Slimebound:Equalize+1","Slimebound:LeechingTouch"],"picked":"Slimebound:SplitLeeching+1","floor":30.0},{"not_picked":["Slimebound:PressTheAttack","Slimebound:LeechEnergy"],"picked":"Slimebound:FormOfPuddle","floor":32.0},{"not_picked":["Slimebound:MinionMaster","Slimebound:Overexert"],"picked":"Slimebound:DuplicatedForm","floor":33.0},{"not_picked":["Slimebound:SamplingLick","Slimebound:DuplicatedForm"],"picked":"Slimebound:FinishingTackle+1","floor":36.0},{"not_picked":["Slimebound:SplitLeeching+1","Slimebound:DivideAndConquer+1"],"picked":"Slimebound:GoopSpray+1","floor":38.0},{"not_picked":["Slimebound:Equalize+1","Slimebound:SplitMire+1"],"picked":"Slimebound:DuplicatedForm","floor":40.0},{"not_picked":["Slimebound:ViciousTackle","Slimebound:SplitBruiser+1"],"picked":"Slimebound:Darklings+1","floor":43.0},{"not_picked":["Slimebound:GrowthPunch+1","Slimebound:RollThrough"],"picked":"Slimebound:LivingWall+1","floor":45.0},{"not_picked":["Slimebound:SlimeSpikes+1","Slimebound:LeadByExample+1","Slimebound:SplitBruiser+1"],"picked":"Singing Bowl","floor":46.0},{"not_picked":["Slimebound:Schlurp+1","Slimebound:DivideAndConquer+1","Slimebound:SpikyOuterGoop"],"picked":"Singing Bowl","floor":47.0},{"not_picked":["Slimebound:PressTheAttack+1","Slimebound:LeechEnergy"],"picked":"Slimebound:MegaLick+1","floor":49}],"player_experience":606847,"relics_obtained":[{"floor":6.0,"key":"Eternal Feather"},{"floor":7.0,"key":"Happy Flower"},{"floor":8.0,"key":"War Paint"},{"floor":9.0,"key":"downfall:CloakOfManyFaces"},{"floor":10.0,"key":"Blood Vial"},{"floor":19.0,"key":"Toy Ornithopter"},{"floor":21.0,"key":"Shovel"},{"floor":22.0,"key":"CaptainsWheel"},{"floor":26.0,"key":"StoneCalendar"},{"floor":27.0,"key":"Torii"},{"floor":31.0,"key":"Necronomicon"},{"floor":35.0,"key":"Calipers"},{"floor":36.0,"key":"Anchor"},{"floor":38.0,"key":"Toxic Egg 2"},{"floor":39.0,"key":"Toy Ornithopter"},{"floor":40.0,"key":"Regal Pillow"},{"floor":43.0,"key":"Singing Bowl"},{"floor":44.0,"key":"Bird Faced Urn"}],"event_choices":[{"damage_healed":0.0,"max_hp_gain":5.0,"max_hp_loss":0.0,"gold_gain":0.0,"event_name":"Big Fish","player_choice":"Donut","floor":5.0,"gold_loss":0.0,"damage_taken":0.0},{"damage_healed":0.0,"max_hp_gain":0.0,"max_hp_loss":0.0,"gold_gain":0.0,"event_name":"Mysterious Sphere","player_choice":"Fight","floor":46.0,"gold_loss":0.0,"damage_taken":0.0}],"is_beta":false,"boss_relics":[{"not_picked":["Sozu","SlaversCollar"],"picked":"Philosopher\u0027s Stone"},{"not_picked":["SacredBark","Velvet Choker"],"picked":"Snecko Eye"}],"items_purged_floors":[25,48],"is_endless":false,"potions_floor_spawned":[6,8,15,16,21,23,27,28,29,30,32,33,36,38,40,43,45,46,47,48,49],"ascension_level":2}}