{"host":"erulnpr9qdnrfj6h","time":1608564554,"event":{"mods":["AchievementEnabler","BaseMod","Colored Map","Minty Spire (QoL Compilation)","Rare Cards Sparkle","SuperFastMode"],"gold_per_floor":[117,192,367,384,398,398,431,431,479,492,526,543,87,102,102,204,204,218,218,218,229,229,259,259,293,293,293,306,10,10,21,21,126,126,137,187,187,187,187,220,120,147,159,202,240,267,289,318,330,342],"floor_reached":51,"playtime":2828,"items_purged":["Doubt","Strike_G"],"score":1501,"play_id":"e295fc55-49d1-43fb-a82c-fca7b9cdc394","local_time":"20201222002914","is_ascension_mode":true,"campfire_choices":[{"data":"Accuracy","floor":6.0,"key":"SMITH"},{"floor":15.0,"key":"REST"},{"floor":24.0,"key":"REST"},{"data":"Ghostly","floor":27.0,"key":"SMITH"},{"data":"Adrenaline","floor":32.0,"key":"SMITH"},{"data":"Ghostly","floor":49.0,"key":"SMITH"}],"circlet_count":0,"master_deck":["AscendersBane","Strike_G","Strike_G","Defend_G","Defend_G","Defend_G","Defend_G","Defend_G","Survivor","Neutralize","Blade Dance","Blade Dance","Accuracy+1","Burst","PiercingWail","Accuracy","Cloak And Dagger","Cloak And Dagger","Acrobatics","Envenom","Finisher","Finisher","Tools of the Trade","Prepared","Ghostly+1","Ghostly+1","Ghostly","Ghostly","Ghostly","Cloak And Dagger+1","Cloak And Dagger","Distraction","Infinite Blades","Adrenaline+1","Calculated Gamble","Footwork+1","Accuracy+1","Injury","Tactician+1","Tactician+1"],"relics":["Ring of the Snake","NeowsBlessing","Dream Catcher","Bag of Preparation","Pen Nib","Tough Bandages","Oddly Smooth Stone","PreservedInsect","Orrery","Cursed Key","Enchiridion","MealTicket","StoneCalendar","Pantograph","Boot","Empty Cage","WingedGreaves","Bag of Marbles","MawBank","Gremlin Horn","Gambling Chip","Strawberry"],"acts_visited":["Exordium","TheCity","TheBeyond"],"potions_floor_usage":[50,50],"damage_taken":[{"damage":0.0,"enemies":"2 Louse","floor":1.0,"turns":1.0},{"damage":0.0,"enemies":"Small Slimes","floor":4.0,"turns":1.0},{"damage":0.0,"enemies":"Jaw Worm","floor":5.0,"turns":1.0},{"damage":18.0,"enemies":"Gremlin Nob","floor":7.0,"turns":4.0},{"damage":0.0,"enemies":"Blue Slaver","floor":10.0,"turns":3.0},{"damage":8.0,"enemies":"3 Sentries","floor":11.0,"turns":4.0},{"damage":0.0,"enemies":"2 Fungi Beasts","floor":12.0,"turns":3.0},{"damage":0.0,"enemies":"Exordium Wildlife","floor":14.0,"turns":3.0},{"damage":22.0,"enemies":"Slime Boss","floor":16.0,"turns":7.0},{"damage":7.0,"enemies":"Spheric Guardian","floor":18.0,"turns":4.0},{"damage":0.0,"enemies":"3 Byrds","floor":21.0,"turns":5.0},{"damage":0.0,"enemies":"Gremlin Leader","floor":23.0,"turns":3.0},{"damage":10.0,"enemies":"Book of Stabbing","floor":25.0,"turns":6.0},{"damage":0.0,"enemies":"Snake Plant","floor":28.0,"turns":6.0},{"damage":0.0,"enemies":"Snecko","floor":31.0,"turns":2.0},{"damage":0.0,"enemies":"Champ","floor":33.0,"turns":7.0},{"damage":1.0,"enemies":"Orb Walker","floor":35.0,"turns":2.0},{"damage":0.0,"enemies":"Mind Bloom Boss Battle","floor":36.0,"turns":6.0},{"damage":2.0,"enemies":"Giant Head","floor":40.0,"turns":4.0},{"damage":1.0,"enemies":"Reptomancer","floor":42.0,"turns":4.0},{"damage":0.0,"enemies":"Nemesis","floor":44.0,"turns":6.0},{"damage":0.0,"enemies":"Giant Head","floor":45.0,"turns":5.0},{"damage":0.0,"enemies":"3 Shapes","floor":46.0,"turns":4.0},{"damage":0.0,"enemies":"3 Darklings","floor":47.0,"turns":4.0},{"damage":0.0,"enemies":"Maw","floor":48.0,"turns":5.0},{"damage":25,"enemies":"Time Eater","floor":50,"turns":9}],"seed_played":"-1883675911823972335","potions_obtained":[{"floor":4.0,"key":"BlessingOfTheForge"},{"floor":5.0,"key":"EssenceOfSteel"},{"floor":10.0,"key":"BlessingOfTheForge"},{"floor":14.0,"key":"Dexterity Potion"},{"floor":16.0,"key":"Explosive Potion"},{"floor":28.0,"key":"ColorlessPotion"},{"floor":31.0,"key":"EssenceOfSteel"},{"floor":33.0,"key":"Weak Potion"},{"floor":35.0,"key":"Dexterity Potion"},{"floor":45.0,"key":"DuplicationPotion"},{"floor":47.0,"key":"AttackPotion"}],"is_trial":false,"path_per_floor":["M","?","?","M","M","R","E","?","T","M","E","M","$","M","R","B",null,"M","?","?","M","?","E","R","E","T","R","M","$","$","M","R","B",null,"M","?","?","?","?","E","$","E","T","E","E","M","M","M","R","B",null],"character_chosen":"THE_SILENT","items_purchased":["Oddly Smooth Stone","PreservedInsect","Orrery","Boot","Infinite Blades"],"campfire_rested":2,"item_purchase_floors":[13,13,13,29,29],"current_hp_per_floor":[63,52,52,52,52,52,34,27,27,27,19,19,19,19,40,18,57,50,35,19,19,19,19,29,19,19,19,19,34,35,35,35,35,35,34,35,35,33,33,31,33,32,32,32,39,39,39,39,39,15],"gold":354,"neow_bonus":"THREE_ENEMY_KILL","is_daily":false,"chose_seed":false,"campfire_upgraded":4,"win_rate":0.0,"timestamp":1608564554,"path_taken":["M","?","?","M","M","R","E","?","T","M","E","M","?","M","R","BOSS","M","?","?","?","?","E","R","E","T","R","M","?","$","M","R","BOSS","M","?","?","?","?","E","$","E","T","E","E","?","M","M","R","BOSS"],"items_purchased_type":["Relic","Relic","Relic","Relic","Card"],"build_version":"2020-12-13","purchased_purges":2,"victory":true,"max_hp_per_floor":[70,70,70,70,70,70,70,70,70,70,70,70,70,70,70,70,70,70,35,35,35,35,35,35,35,35,35,35,35,35,35,35,35,35,35,35,35,33,33,33,33,33,33,33,40,40,40,40,40,40],"card_choices":[{"not_picked":["Cloak And Dagger","Deadly Poison"],"picked":"Blade Dance","floor":1.0},{"not_picked":["Dodge and Roll","Backstab"],"picked":"Blade Dance","floor":4.0},{"not_picked":["Outmaneuver","Escape Plan"],"picked":"Accuracy","floor":5.0},{"not_picked":["Flying Knee","Distraction"],"picked":"Burst","floor":7.0},{"not_picked":["Leg Sweep","Caltrops"],"picked":"PiercingWail","floor":10.0},{"not_picked":["Quick Slash","Sucker Punch"],"picked":"Accuracy","floor":11.0},{"not_picked":["Skewer","Underhanded Strike","Deadly Poison"],"picked":"SKIP","floor":12.0},{"not_picked":["Burst","All Out Attack"],"picked":"Cloak And Dagger","floor":13.0},{"not_picked":["Eviscerate","Flying Knee"],"picked":"Cloak And Dagger","floor":13.0},{"not_picked":["Slice","Deflect"],"picked":"Acrobatics","floor":13.0},{"not_picked":["Backstab","Slice"],"picked":"Envenom","floor":13.0},{"not_picked":["Heel Hook","Flying Knee"],"picked":"Finisher","floor":14.0},{"not_picked":["Sucker Punch","Deadly Poison"],"picked":"Finisher","floor":15.0},{"not_picked":["A Thousand Cuts","Wraith Form v2"],"picked":"Tools of the Trade","floor":16.0},{"not_picked":["Dagger Spray","Setup"],"picked":"Prepared","floor":18.0},{"not_picked":["Acrobatics","Slice"],"picked":"Cloak And Dagger+1","floor":21.0},{"not_picked":["Flechettes","Caltrops","Acrobatics"],"picked":"SKIP","floor":23.0},{"not_picked":["Poisoned Stab","All Out Attack+1"],"picked":"Cloak And Dagger","floor":24.0},{"not_picked":["Finisher","Deadly Poison"],"picked":"Distraction","floor":25.0},{"not_picked":["Bouncing Flask+1","Underhanded Strike+1","Well Laid Plans+1"],"picked":"SKIP","floor":28.0},{"not_picked":["Acrobatics+1","PiercingWail"],"picked":"Adrenaline","floor":31.0},{"not_picked":["Slice+1","Well Laid Plans+1"],"picked":"Calculated Gamble","floor":35.0},{"not_picked":["Acrobatics","Tactician"],"picked":"Footwork+1","floor":36.0},{"not_picked":["Catalyst+1","Footwork+1"],"picked":"Accuracy+1","floor":40.0},{"not_picked":["Deflect+1","Deadly Poison+1","Noxious Fumes+1"],"picked":"SKIP","floor":42.0},{"not_picked":["Blur+1","Concentrate+1"],"picked":"Tactician+1","floor":44.0},{"not_picked":["Dash+1","Backstab"],"picked":"Tactician+1","floor":45.0},{"not_picked":["Setup+1","Heel Hook","All Out Attack+1"],"picked":"SKIP","floor":46.0},{"not_picked":["Poisoned Stab+1","Dagger Spray+1","Deflect+1"],"picked":"SKIP","floor":47.0},{"not_picked":["Crippling Poison","Acrobatics+1","Prepared"],"picked":"SKIP","floor":48.0}],"player_experience":187000,"relics_obtained":[{"floor":7.0,"key":"Dream Catcher"},{"floor":9.0,"key":"Pen Nib"},{"floor":11.0,"key":"Tough Bandages"},{"floor":20.0,"key":"Enchiridion"},{"floor":23.0,"key":"MealTicket"},{"floor":25.0,"key":"StoneCalendar"},{"floor":26.0,"key":"Pantograph"},{"floor":36.0,"key":"WingedGreaves"},{"floor":40.0,"key":"Bag of Marbles"},{"floor":42.0,"key":"MawBank"},{"floor":43.0,"key":"Gremlin Horn"},{"floor":44.0,"key":"Gambling Chip"},{"floor":45.0,"key":"Strawberry"}],"event_choices":[{"damage_healed":0.0,"max_hp_gain":0.0,"max_hp_loss":0.0,"gold_gain":75.0,"event_name":"World of Goop","player_choice":"Gather Gold","floor":2.0,"gold_loss":0.0,"damage_taken":11.0},{"damage_healed":0.0,"max_hp_gain":0.0,"max_hp_loss":0.0,"gold_gain":175.0,"event_name":"Liars Game","player_choice":"AGREE","floor":3.0,"gold_loss":0.0,"damage_taken":0.0,"cards_obtained":["Doubt"]},{"damage_healed":0.0,"max_hp_gain":0.0,"max_hp_loss":0.0,"gold_gain":0.0,"event_name":"Scrap Ooze","player_choice":"Success","floor":8.0,"gold_loss":0.0,"damage_taken":7.0,"relics_obtained":["Bag of Preparation"]},{"damage_healed":0.0,"max_hp_gain":0.0,"max_hp_loss":35.0,"gold_gain":0.0,"event_name":"Ghosts","player_choice":"Became a Ghost","floor":19.0,"gold_loss":0.0,"damage_taken":0.0,"cards_obtained":["Ghostly","Ghostly","Ghostly","Ghostly","Ghostly"]},{"damage_healed":0.0,"max_hp_gain":0.0,"max_hp_loss":0.0,"gold_gain":0.0,"event_name":"Cursed Tome","player_choice":"Obtained Book","floor":20.0,"gold_loss":0.0,"damage_taken":16.0},{"damage_healed":0.0,"max_hp_gain":0.0,"max_hp_loss":0.0,"gold_gain":0.0,"event_name":"Vampires","player_choice":"Ignored","floor":22.0,"gold_loss":0.0,"damage_taken":0.0},{"damage_healed":0.0,"max_hp_gain":0.0,"max_hp_loss":0.0,"gold_gain":0.0,"event_name":"MindBloom","player_choice":"Fight","floor":36.0,"gold_loss":0.0,"damage_taken":0.0},{"cards_removed":["Strike_G"],"damage_healed":0.0,"max_hp_gain":0.0,"max_hp_loss":0.0,"gold_gain":0.0,"event_name":"Falling","player_choice":"Removed Attack","floor":37.0,"gold_loss":0.0,"damage_taken":0.0},{"damage_healed":0.0,"max_hp_gain":0.0,"max_hp_loss":2.0,"gold_gain":0.0,"event_name":"Winding Halls","player_choice":"Max HP","floor":38.0,"gold_loss":0.0,"damage_taken":0.0},{"damage_healed":0.0,"max_hp_gain":0.0,"max_hp_loss":0.0,"gold_gain":0.0,"event_name":"SensoryStone","player_choice":"Memory 1","floor":39.0,"gold_loss":0.0,"damage_taken":0.0}],"is_beta":false,"boss_relics":[{"not_picked":["Velvet Choker","Snecko Eye"],"picked":"Cursed Key"},{"not_picked":["Tiny House","Ring of the Serpent"],"picked":"Empty Cage"}],"items_purged_floors":[29,41],"is_endless":false,"potions_floor_spawned":[4,5,10,14,16,28,31,33,35,45,46,47,48],"ascension_level":11}}