{"host":"zh06ha8197vgjo02","time":1608538690,"event":{"mods":["AchievementEnabler","Arknights The Spire","BaseMod","Better Skull","CapriCore","DeckTracker","GifTheSpireLib","Hermit","Koishi","Marisa£¨Ùöéë¡¡Øª×âÞÞ£©","Minty Spire (QoL Compilation)","Reimu£¨ÚÏ???£©","StSLib","SuperFastMode","Td1madao Mod","The Cursed","The Immortal","TheBandit","WarShipGirlsR/??á´Ò³R mod"],"gold_per_floor":[110,110,185,208,208,208,242,262,288,306,306,330,330,351,351,476,476,459,459,480,579,579,618,618,658,737,761,761,786,711,480,480,480,480],"floor_reached":33,"playtime":1207,"items_purged":["Strike_C"],"score":335,"play_id":"4086f950-4d4c-4aef-b11a-9074c9252d55","local_time":"20201221171810","is_ascension_mode":false,"campfire_choices":[{"floor":6.0,"key":"REST"},{"floor":11.0,"key":"REST"},{"floor":13.0,"key":"REST"},{"floor":15.0,"key":"REST"},{"floor":24,"key":"REST"},{"floor":28,"key":"REST"},{"floor":32,"key":"REST"}],"circlet_count":0,"master_deck":["Strike_C","Strike_C","Defend_C","Defend_C","Defend_C","Defend_C","Knight Kick","Chip","Panache","Fire Up","Fire Up","Black Shadow","Transfer Energy","Black Shadow","Fire Blade","Chip Synthesis","Shockwave Tdmadao","CurseOfTheBell","Black Shadow","Fire Blade","Lunge","Fire Blade","Fire Up","Fire Up+1","Chip Synthesis","Coercion","Transfer Energy"],"relics":["Apod","Golden Idol","Dream Catcher","PreservedInsect","Art of War","Potion Belt","Calling Bell","Nunchaku","Mb Ring","Prayer Wheel","Orichalcum","Incense Burner","Sundial","Toolbox"],"acts_visited":["Exordium","TheCity"],"potions_floor_usage":[16,16,23,23,25,29],"damage_taken":[{"damage":3.0,"enemies":"Small Slimes","floor":1.0,"turns":5.0},{"damage":1.0,"enemies":"2 Louse","floor":4.0,"turns":3.0},{"damage":14.0,"enemies":"Lagavulin","floor":7.0,"turns":7.0},{"damage":1.0,"enemies":"Cultist","floor":8.0,"turns":4.0},{"damage":0.0,"enemies":"Exordium Thugs","floor":10.0,"turns":3.0},{"damage":13.0,"enemies":"Looter","floor":12.0,"turns":3.0},{"damage":8.0,"enemies":"Large Slime","floor":14.0,"turns":5.0},{"damage":21,"enemies":"Hexaghost","floor":16,"turns":6},{"damage":29,"enemies":"2 Thieves","floor":18,"turns":4},{"damage":0,"enemies":"3 Byrds","floor":20,"turns":4},{"damage":34,"enemies":"Gremlin Leader","floor":23,"turns":5},{"damage":0,"enemies":"Book of Stabbing","floor":25,"turns":3},{"damage":8,"enemies":"Snake Plant","floor":27,"turns":4},{"damage":16,"enemies":"Centurion and Healer","floor":29,"turns":5},{"damage":39,"enemies":"Automaton","floor":33,"turns":4}],"seed_played":"-8885518721417161954","potions_obtained":[{"floor":1.0,"key":"DistilledChaos"},{"floor":4.0,"key":"BlessingOfTheForge"},{"floor":12.0,"key":"Swift Potion"},{"floor":14.0,"key":"GrandPatriotsElixir:ReiMu"},{"floor":20,"key":"CultistPotion"},{"floor":23,"key":"ZuzhouPotion:ReiMu"},{"floor":25,"key":"Explosive Potion"}],"is_trial":false,"path_per_floor":["M","?","?","M","?","R","E","M","T","M","R","M","R","M","R","B",null,"M","?","M","?","?","E","R","E","T","M","R","M","?","$","R","B"],"character_chosen":"TD1MADAO_CLASS","items_purchased":["Toolbox"],"campfire_rested":7,"item_purchase_floors":[31],"current_hp_per_floor":[46,46,35,34,5,24,10,9,9,9,28,15,34,26,45,24,65,36,36,36,36,36,2,21,21,21,13,32,16,16,16,35,0,0],"gold":480,"neow_bonus":"RANDOM_COLORLESS_2","is_daily":false,"chose_seed":false,"campfire_upgraded":0,"win_rate":0.0,"timestamp":1608538690,"path_taken":["M","?","?","M","?","R","E","M","T","?","R","M","R","M","R","BOSS","M","?","M","?","?","E","R","E","T","M","R","M","?","$","R","BOSS"],"items_purchased_type":["Relic"],"build_version":"2020-12-13","purchased_purges":1,"victory":false,"max_hp_per_floor":[70,65,65,65,65,65,65,65,65,65,65,65,65,65,65,65,65,65,65,65,65,65,65,65,65,65,65,65,65,65,65,65,65,65],"card_choices":[{"not_picked":["Transmutation","Thinking Ahead"],"picked":"Panache","floor":0.0},{"not_picked":["Fixing","Floating Even","White Contract"],"picked":"SKIP","floor":1.0},{"not_picked":["Revenge","Preloading"],"picked":"Fire Up","floor":4.0},{"not_picked":["Fixing","Here Defend Chip"],"picked":"Fire Up","floor":6.0},{"not_picked":["Money Cant Rescue","Weapon Shift","Floating Swing Kick"],"picked":"SKIP","floor":7.0},{"not_picked":["Format All Data","Fire Blade"],"picked":"Black Shadow","floor":8.0},{"not_picked":["Black Hand","Sub Weapons"],"picked":"Transfer Energy","floor":10.0},{"not_picked":["Oblique Hack","Sub Weapons"],"picked":"Black Shadow","floor":12.0},{"not_picked":["Weapon Shift","Resistance"],"picked":"Fire Blade","floor":13.0},{"not_picked":["Floating Swing Kick","White Contract","Here Defend Chip"],"picked":"SKIP","floor":14.0},{"not_picked":["Pod Fire","Lunge"],"picked":"Chip Synthesis","floor":15.0},{"not_picked":["Memory Alloy","Moon Tear"],"picked":"Shockwave Tdmadao","floor":16},{"not_picked":["Machining","Oblique Hack"],"picked":"Black Shadow","floor":18},{"not_picked":["Black Shadow+1","Recovery Mechanism"],"picked":"Fire Blade","floor":18},{"not_picked":["Black Hand","Black Warm Hole"],"picked":"Lunge","floor":20},{"not_picked":["Twin Teeth+1","Sudden Beat"],"picked":"Fire Blade","floor":20},{"not_picked":["Format All Data","Sudden Beat"],"picked":"Fire Up","floor":23},{"not_picked":["Sudden Beat","Light Attack","Fixing"],"picked":"SKIP","floor":25},{"not_picked":["Load Balancing+1","Floating Swing Kick"],"picked":"Fire Up+1","floor":27},{"not_picked":["De Ware Chip","Floating Swing Kick+1","Provocative"],"picked":"SKIP","floor":27},{"not_picked":["Here Defend Chip+1","Sub Weapons"],"picked":"Chip Synthesis","floor":29},{"not_picked":["Light Attack","Three Hit+1"],"picked":"Coercion","floor":29},{"not_picked":["Money Cant Rescue","E MP+1"],"picked":"Transfer Energy","floor":32}],"player_experience":723734,"relics_obtained":[{"floor":7.0,"key":"Art of War"},{"floor":9.0,"key":"Potion Belt"},{"floor":17,"key":"Nunchaku"},{"floor":17,"key":"Mb Ring"},{"floor":17,"key":"Prayer Wheel"},{"floor":23,"key":"Orichalcum"},{"floor":25,"key":"Incense Burner"},{"floor":26,"key":"Sundial"}],"event_choices":[{"damage_healed":0.0,"max_hp_gain":0.0,"max_hp_loss":5.0,"gold_gain":0.0,"event_name":"Golden Idol","player_choice":"Lose Max HP","floor":2.0,"gold_loss":0.0,"damage_taken":0.0,"relics_obtained":["Golden Idol"]},{"damage_healed":0.0,"max_hp_gain":0.0,"max_hp_loss":0.0,"gold_gain":75.0,"event_name":"World of Goop","player_choice":"Gather Gold","floor":3.0,"gold_loss":0.0,"damage_taken":11.0},{"damage_healed":0.0,"max_hp_gain":0.0,"max_hp_loss":0.0,"gold_gain":0.0,"event_name":"betterSkull:BetterSkull","player_choice":"RE RE ","floor":5.0,"gold_loss":0.0,"damage_taken":33.0,"cards_upgraded":[],"relics_obtained":["Dream Catcher","PreservedInsect"]},{"damage_healed":0,"gold_gain":0,"player_choice":"Ignored","damage_taken":0,"max_hp_gain":0,"max_hp_loss":0,"event_name":"Vampires","floor":19,"gold_loss":0},{"damage_healed":0,"gold_gain":99,"player_choice":"Stole From Cult","damage_taken":0,"max_hp_gain":0,"max_hp_loss":0,"event_name":"Nest","floor":21,"gold_loss":0},{"cards_removed":["Strike_C"],"damage_healed":0,"gold_gain":0,"player_choice":"Gave Gold","damage_taken":0,"max_hp_gain":0,"max_hp_loss":0,"event_name":"Beggar","floor":30,"gold_loss":75}],"is_beta":false,"boss_relics":[{"not_picked":["Ectoplasm","Coffee Dripper"],"picked":"Calling Bell"}],"items_purged_floors":[31],"is_endless":false,"potions_floor_spawned":[1,4,12,14,20,23,25],"killed_by":"Automaton","ascension_level":0}}