{"host":"5jn3rki867005t18","time":1608530854,"event":{"mods":["AchievementEnabler","BaseMod","Colored Map","Minty Spire (QoL Compilation)","Rare Cards Sparkle","StSLib","SuperFastMode"],"gold_per_floor":[119,131,149,224,224,241,255,255,255,269,282,301,301,96,96,199,199,209,221,139,157,157,157,176,176,203,222,222,222,222],"floor_reached":29,"playtime":1049,"items_purged":[],"score":221,"play_id":"99b8177d-09bc-4971-b4d4-800828e51b11","local_time":"20201221150734","is_ascension_mode":false,"campfire_choices":[{"data":"Infernal Blade","floor":8,"key":"SMITH"},{"data":"Searing Blow","floor":13,"key":"SMITH"},{"data":"Searing Blow+1","floor":15,"key":"SMITH"},{"floor":23,"key":"REST"},{"data":"Searing Blow+2","floor":25,"key":"SMITH"}],"circlet_count":0,"master_deck":["Strike_R","Strike_R","Strike_R","Strike_R","Defend_R","Defend_R","Defend_R","Defend_R","Bash+1","Pummel","Carnage","Rampage","Armaments","Infernal Blade+1","Clash","Sever Soul","Searing Blow+3","Power Through","The Bomb","Double Tap","Ghostly Armor","Sword Boomerang+1","Demon Form","Spot Weakness","Cleave","Bludgeon"],"relics":["Burning Blood","Darkstone Periapt","SlaversCollar","Ancient Tea Set","Oddly Smooth Stone"],"acts_visited":["Exordium","TheCity"],"potions_floor_usage":[12,16,16,16,27,27],"damage_taken":[{"damage":7,"enemies":"2 Louse","floor":1,"turns":3},{"damage":6,"enemies":"Small Slimes","floor":2,"turns":3},{"damage":6,"enemies":"Cultist","floor":3,"turns":3},{"damage":24,"enemies":"Lots of Slimes","floor":6,"turns":6},{"damage":11,"enemies":"Red Slaver","floor":7,"turns":3},{"damage":10,"enemies":"Exordium Thugs","floor":10,"turns":4},{"damage":18,"enemies":"Lots of Slimes","floor":11,"turns":4},{"damage":5,"enemies":"Looter","floor":12,"turns":2},{"damage":41,"enemies":"Hexaghost","floor":16,"turns":9},{"damage":21,"enemies":"Chosen","floor":18,"turns":5},{"damage":25,"enemies":"2 Thieves","floor":19,"turns":4},{"damage":27,"enemies":"Snake Plant","floor":21,"turns":3},{"damage":20,"enemies":"Shelled Parasite and Fungi","floor":24,"turns":5},{"damage":9,"enemies":"Cultist and Chosen","floor":27,"turns":5},{"damage":28,"enemies":"Colosseum Slavers","floor":28,"turns":4},{"damage":15,"enemies":"Snake Plant","floor":29,"turns":2}],"seed_played":"-7731261044595330880","potions_obtained":[{"floor":1,"key":"Fire Potion"},{"floor":6,"key":"BloodPotion"},{"floor":7,"key":"ColorlessPotion"},{"floor":11,"key":"Block Potion"},{"floor":12,"key":"Swift Potion"},{"floor":18,"key":"GamblersBrew"},{"floor":24,"key":"Explosive Potion"},{"floor":27,"key":"Swift Potion"}],"is_trial":false,"path_per_floor":["M","M","M","?","?","M","M","R","T","M","M","M","R","$","R","B",null,"M","M","$","M","T","R","M","R","T","M","?","M"],"character_chosen":"IRONCLAD","items_purchased":["Power Through","The Bomb","Demon Form"],"campfire_rested":1,"item_purchase_floors":[14,14,20],"current_hp_per_floor":[79,79,79,68,68,50,45,45,45,41,29,46,46,46,46,11,80,65,46,46,25,25,49,35,35,35,32,10,0,0],"gold":222,"neow_bonus":"UPGRADE_CARD","is_daily":false,"chose_seed":false,"campfire_upgraded":4,"win_rate":0.0,"timestamp":1608530854,"path_taken":["M","M","M","?","?","?","M","R","T","?","M","M","R","?","R","BOSS","M","M","?","M","?","R","M","R","T","?","?","M"],"items_purchased_type":["Card","Card","Card"],"build_version":"2020-12-13","purchased_purges":0,"victory":false,"max_hp_per_floor":[80,80,80,80,80,80,80,80,80,80,80,80,80,80,80,80,80,80,80,80,80,80,80,80,80,80,80,80,80,80],"card_choices":[{"not_picked":["Twin Strike","Clash"],"picked":"Pummel","floor":1},{"not_picked":["Sever Soul","Infernal Blade"],"picked":"Carnage","floor":2},{"not_picked":["Headbutt","Burning Pact"],"picked":"Rampage","floor":3},{"not_picked":["True Grit","Dual Wield"],"picked":"Armaments","floor":6},{"not_picked":["Feel No Pain","Evolve"],"picked":"Infernal Blade","floor":7},{"not_picked":["Pommel Strike","Headbutt"],"picked":"Clash","floor":10},{"not_picked":["Entrench","Clash"],"picked":"Sever Soul","floor":11},{"not_picked":["Uppercut","Fire Breathing"],"picked":"Searing Blow","floor":12},{"not_picked":["Fiend Fire","Bludgeon"],"picked":"Double Tap","floor":16},{"not_picked":["Sword Boomerang","Anger+1"],"picked":"Ghostly Armor","floor":18},{"not_picked":["Clash+1","Pommel Strike+1"],"picked":"Sword Boomerang+1","floor":19},{"not_picked":["Whirlwind","Headbutt"],"picked":"Spot Weakness","floor":21},{"not_picked":["Reckless Charge","Blood for Blood+1"],"picked":"Cleave","floor":24},{"not_picked":["Pommel Strike+1","Blood for Blood"],"picked":"Bludgeon","floor":27}],"player_experience":27921,"relics_obtained":[{"floor":9,"key":"Darkstone Periapt"},{"floor":22,"key":"Ancient Tea Set"},{"floor":26,"key":"Oddly Smooth Stone"}],"event_choices":[{"damage_healed":0,"gold_gain":75,"player_choice":"Gather Gold","damage_taken":11,"max_hp_gain":0,"max_hp_loss":0,"event_name":"World of Goop","floor":4,"gold_loss":0},{"cards_removed":["Strike_R"],"damage_healed":0,"gold_gain":0,"player_choice":"Offered Basic","damage_taken":0,"max_hp_gain":0,"max_hp_loss":0,"event_name":"Bonfire Elementals","floor":5,"gold_loss":0},{"damage_healed":0,"gold_gain":0,"player_choice":"Fight","damage_taken":0,"max_hp_gain":0,"max_hp_loss":0,"event_name":"Colosseum","floor":28,"gold_loss":0},{"damage_healed":0,"gold_gain":0,"player_choice":"Fled From Nobs","damage_taken":0,"max_hp_gain":0,"max_hp_loss":0,"event_name":"Colosseum","floor":28,"gold_loss":0}],"is_beta":false,"boss_relics":[{"not_picked":["Black Star","Ectoplasm"],"picked":"SlaversCollar"}],"items_purged_floors":[],"is_endless":false,"potions_floor_spawned":[1,6,7,11,12,18,24,27],"killed_by":"Snake Plant","ascension_level":0}}