{"host":"93x13jgem5w43hjr","time":1608581665,"event":{"mods":["AchievementEnabler","BaseMod","Colored Map","Colored Powertips","Downfall","Minty Spire (QoL Compilation)","Replay The Spire","StSLib"],"gold_per_floor":[216,233,243,50,50,50,83,83,110,110,110],"floor_reached":10,"playtime":455,"items_purged":[],"score":66,"play_id":"2587bc50-709c-483a-add2-a6aa5813bad6","local_time":"20201221131425","is_ascension_mode":false,"campfire_choices":[{"data":"Apotheosis","floor":6,"key":"SMITH"},{"data":"Bloodletting","floor":8,"key":"SMITH"}],"circlet_count":0,"master_deck":["Strike_R","Strike_R","Strike_R","Strike_R","Strike_R","Defend_R","Defend_R","Defend_R","Defend_R","Bash","Power Through","Burning Pact","Pommel Strike","Apotheosis+1","Regret","Bloodletting+1"],"relics":["Burning Blood","Ancient Tea Set","Snack Pack","Replay:Mystery Machine"],"acts_visited":["Exordium"],"potions_floor_usage":[7],"damage_taken":[{"damage":0,"enemies":"Cultist","floor":1,"turns":4},{"damage":11,"enemies":"Jaw Worm","floor":2,"turns":5},{"damage":1,"enemies":"2 Louse","floor":3,"turns":4},{"damage":22,"enemies":"Lagavulin","floor":7,"turns":8},{"damage":73,"enemies":"Gremlin Nob","floor":10,"turns":5}],"seed_played":"-4560429017465507542","potions_obtained":[{"floor":2,"key":"Swift Potion"}],"is_trial":false,"path_per_floor":["M","M","M","$","?","R","E","R","T","E"],"character_chosen":"IRONCLAD","items_purchased":["Apotheosis"],"campfire_rested":0,"item_purchase_floors":[4],"current_hp_per_floor":[80,75,80,80,80,80,64,64,64,0,0],"gold":110,"neow_bonus":"HUNDRED_GOLD","is_daily":false,"chose_seed":false,"campfire_upgraded":2,"win_rate":0.0,"timestamp":1608581665,"path_taken":["M","?","M","$","?","R","E","R","T","E"],"items_purchased_type":["Card"],"build_version":"2020-12-13","purchased_purges":0,"victory":false,"max_hp_per_floor":[80,80,80,80,80,80,80,80,80,80,80],"card_choices":[{"not_picked":["Perfected Strike","Blood for Blood"],"picked":"Power Through","floor":1},{"not_picked":["ReplayTheSpireMod:Strike From Hell","Perfected Strike"],"picked":"Burning Pact","floor":2},{"not_picked":["Thunderclap","Headbutt"],"picked":"Pommel Strike","floor":3},{"not_picked":["Rage","Reaper"],"picked":"Bloodletting","floor":7}],"player_experience":133542,"relics_obtained":[{"floor":7,"key":"Snack Pack"},{"floor":9,"key":"Replay:Mystery Machine"}],"event_choices":[{"damage_healed":0,"gold_gain":0,"player_choice":"Box","damage_taken":0,"relics_obtained":["Ancient Tea Set"],"max_hp_gain":0,"max_hp_loss":0,"event_name":"Big Fish","floor":5,"gold_loss":0,"cards_obtained":["Regret"]}],"is_beta":false,"boss_relics":[],"items_purged_floors":[],"is_endless":false,"potions_floor_spawned":[2],"killed_by":"Gremlin Nob","ascension_level":0}}