{"host":"kh4wzxwh3q3yppxp","time":1608513997,"event":{"mods":["AchievementEnabler","BaseMod","Colored Map","DeckTracker","Minty Spire (QoL Compilation)","Quick Restart","StSLib"],"gold_per_floor":[112,127,127,127,147,147,161,161,161,86,104,104,104,123,123,219,219,229,229,169,69,79,79,79,79,79,79,4,16,36,47,47,142,142,155,30,49,49,65,65,97,150,150,150,83,103,153,153,153,153],"floor_reached":51,"playtime":1772,"items_purged":["Strike_G","Defend_G","Strike_G"],"score":865,"play_id":"4550130a-71b5-40f1-8d81-10e9c7f8e76d","local_time":"20201221032637","is_ascension_mode":false,"campfire_choices":[{"data":"Grand Finale","floor":8,"key":"SMITH"},{"floor":13,"key":"REST"},{"data":"Neutralize","floor":15,"key":"SMITH"},{"floor":23,"key":"REST"},{"floor":32,"key":"REST"},{"data":"Survivor","floor":40,"key":"SMITH"},{"data":"Defend_G","floor":44,"key":"SMITH"},{"floor":49,"key":"REST"}],"circlet_count":0,"master_deck":["Defend_G+1","Survivor+1","Neutralize+1","Grand Finale+1","Blur+1"],"relics":["Ring of the Snake","Tough Bandages","Velvet Choker","White Beast Statue","Black Star","Gambling Chip","Letter Opener","Torii","Darkstone Periapt","Ginger"],"acts_visited":["Exordium","TheCity","TheBeyond"],"potions_floor_usage":[16,16,18,33,33,42,50,50],"damage_taken":[{"damage":5,"enemies":"Jaw Worm","floor":1,"turns":5},{"damage":1,"enemies":"2 Louse","floor":2,"turns":3},{"damage":0,"enemies":"Cultist","floor":5,"turns":4},{"damage":3,"enemies":"Blue Slaver","floor":7,"turns":5},{"damage":5,"enemies":"3 Louse","floor":11,"turns":6},{"damage":0,"enemies":"Exordium Wildlife","floor":14,"turns":4},{"damage":14,"enemies":"The Guardian","floor":16,"turns":13},{"damage":30,"enemies":"3 Byrds","floor":18,"turns":15},{"damage":1,"enemies":"2 Thieves","floor":20,"turns":4},{"damage":12,"enemies":"Snecko","floor":22,"turns":6},{"damage":6,"enemies":"Snake Plant","floor":29,"turns":4},{"damage":0,"enemies":"Centurion and Healer","floor":30,"turns":2},{"damage":11,"enemies":"Snecko","floor":31,"turns":6},{"damage":53,"enemies":"Automaton","floor":33,"turns":12},{"damage":0,"enemies":"3 Darklings","floor":35,"turns":1},{"damage":0,"enemies":"3 Shapes","floor":37,"turns":1},{"damage":0,"enemies":"3 Darklings","floor":39,"turns":1},{"damage":0,"enemies":"Reptomancer","floor":41,"turns":3},{"damage":5,"enemies":"2 Orb Walkers","floor":42,"turns":2},{"damage":0,"enemies":"4 Shapes","floor":46,"turns":1},{"damage":0,"enemies":"Mind Bloom Boss Battle","floor":47,"turns":4},{"damage":0,"enemies":"Awakened One","floor":50,"turns":14}],"seed_played":"-6225893613471897615","potions_obtained":[{"floor":5,"key":"FearPotion"},{"floor":11,"key":"CultistPotion"},{"floor":14,"key":"Ancient Potion"},{"floor":16,"key":"Block Potion"},{"floor":29,"key":"Swift Potion"},{"floor":30,"key":"SneckoOil"},{"floor":33,"key":"Swift Potion"},{"floor":35,"key":"AttackPotion"},{"floor":42,"key":"DistilledChaos"}],"is_trial":false,"path_per_floor":["M","M","?","?","M","?","M","R","T","$","M","?","R","M","R","B",null,"M","?","M","$","M","R","?","?","T","$","?","M","M","M","R","B",null,"M","$","M","?","M","R","E","?","T","R","$","M","?","?","R","B",null],"character_chosen":"THE_SILENT","items_purchased":["Blur"],"campfire_rested":4,"item_purchase_floors":[45],"current_hp_per_floor":[58,57,50,50,50,55,52,52,52,52,47,47,67,67,67,53,68,38,32,31,31,19,39,61,61,61,61,61,55,55,44,64,11,68,68,68,68,68,68,68,68,63,63,63,63,63,63,63,68,68],"gold":153,"neow_bonus":"REMOVE_TWO","is_daily":false,"chose_seed":false,"campfire_upgraded":4,"win_rate":0.0,"timestamp":1608513997,"path_taken":["M","M","?","?","?","?","M","R","T","$","M","?","R","M","R","BOSS","M","?","?","$","M","R","?","?","T","?","?","M","M","M","R","BOSS","M","$","M","?","M","R","E","?","T","R","$","M","?","?","R","BOSS"],"items_purchased_type":["Card"],"build_version":"2020-12-13","purchased_purges":3,"victory":true,"max_hp_per_floor":[63,63,63,63,63,68,68,68,68,68,68,68,68,68,68,68,68,68,68,68,68,68,68,68,68,68,68,68,68,68,68,68,68,68,68,68,68,68,68,68,68,68,68,68,68,68,68,68,68,68],"card_choices":[{"not_picked":["Cloak And Dagger","Expertise","PiercingWail"],"picked":"SKIP","floor":1},{"not_picked":["Prepared","Eviscerate","Finisher"],"picked":"SKIP","floor":2},{"not_picked":["Backflip","Blur"],"picked":"Grand Finale","floor":5},{"not_picked":["Outmaneuver","Sucker Punch","Backflip"],"picked":"SKIP","floor":7},{"not_picked":["Acrobatics","Dagger Spray","Masterful Stab"],"picked":"SKIP","floor":11},{"not_picked":["Sucker Punch","Deadly Poison","Endless Agony"],"picked":"SKIP","floor":14},{"not_picked":["PiercingWail+1","Riddle With Holes+1","Slice"],"picked":"SKIP","floor":18},{"not_picked":["Deadly Poison","Tactician","Quick Slash"],"picked":"SKIP","floor":20},{"not_picked":["Escape Plan","Poisoned Stab","Infinite Blades+1"],"picked":"SKIP","floor":22},{"not_picked":["Slice","Predator","Reflex"],"picked":"SKIP","floor":29},{"not_picked":["Blur+1","All Out Attack+1","Deadly Poison"],"picked":"SKIP","floor":30},{"not_picked":["A Thousand Cuts","Bane","Distraction"],"picked":"SKIP","floor":31},{"not_picked":["Bane","Poisoned Stab+1","Escape Plan"],"picked":"SKIP","floor":35},{"not_picked":["Reflex","Escape Plan","Prepared+1"],"picked":"SKIP","floor":37},{"not_picked":["Catalyst","Poisoned Stab+1","Cloak And Dagger+1"],"picked":"SKIP","floor":39},{"not_picked":["Accuracy+1","Flying Knee+1","Blur"],"picked":"SKIP","floor":41},{"not_picked":["Calculated Gamble","Noxious Fumes+1","Masterful Stab"],"picked":"SKIP","floor":46}],"player_experience":691829,"relics_obtained":[{"floor":9,"key":"Tough Bandages"},{"floor":26,"key":"White Beast Statue"},{"floor":41,"key":"Gambling Chip"},{"floor":41,"key":"Letter Opener"},{"floor":42,"key":"Torii"},{"floor":43,"key":"Darkstone Periapt"},{"floor":47,"key":"Ginger"}],"event_choices":[{"cards_removed":["Strike_G"],"damage_healed":0,"gold_gain":0,"player_choice":"Card Removal","damage_taken":7,"max_hp_gain":0,"max_hp_loss":0,"event_name":"Golden Wing","floor":3,"gold_loss":0},{"damage_healed":0,"gold_gain":0,"player_choice":"Ignored","damage_taken":0,"max_hp_gain":0,"max_hp_loss":0,"event_name":"NoteForYourself","floor":4,"gold_loss":0},{"damage_healed":0,"gold_gain":0,"player_choice":"Donut","damage_taken":0,"max_hp_gain":5,"max_hp_loss":0,"event_name":"Big Fish","floor":6,"gold_loss":0},{"cards_removed":["Strike_G"],"damage_healed":0,"gold_gain":0,"player_choice":"Forget","damage_taken":0,"max_hp_gain":0,"max_hp_loss":0,"event_name":"Living Wall","floor":12,"gold_loss":0},{"damage_healed":0,"gold_gain":0,"player_choice":"Damaged","damage_taken":6,"max_hp_gain":0,"max_hp_loss":0,"event_name":"Wheel of Change","floor":19,"gold_loss":0},{"damage_healed":22,"gold_gain":0,"player_choice":"Heal","damage_taken":0,"max_hp_gain":0,"max_hp_loss":0,"event_name":"The Library","floor":24,"gold_loss":0},{"damage_healed":0,"gold_gain":0,"player_choice":"Ignored","damage_taken":0,"max_hp_gain":0,"max_hp_loss":0,"event_name":"Cursed Tome","floor":25,"gold_loss":0},{"cards_removed":["Defend_G"],"damage_healed":0,"gold_gain":0,"player_choice":"Gave Gold","damage_taken":0,"max_hp_gain":0,"max_hp_loss":0,"event_name":"Beggar","floor":28,"gold_loss":75},{"cards_removed":["Strike_G"],"damage_healed":0,"gold_gain":0,"player_choice":"Removed Attack","damage_taken":0,"max_hp_gain":0,"max_hp_loss":0,"event_name":"Falling","floor":38,"gold_loss":0},{"damage_healed":0,"gold_gain":0,"player_choice":"Fight","damage_taken":0,"max_hp_gain":0,"max_hp_loss":0,"event_name":"Mysterious Sphere","floor":42,"gold_loss":0},{"damage_healed":0,"gold_gain":0,"player_choice":"Fight","damage_taken":0,"max_hp_gain":0,"max_hp_loss":0,"event_name":"MindBloom","floor":47,"gold_loss":0},{"damage_healed":0,"gold_gain":0,"player_choice":"Upgraded","damage_taken":0,"max_hp_gain":0,"max_hp_loss":0,"event_name":"Upgrade Shrine","floor":48,"gold_loss":0,"cards_upgraded":["Blur"]}],"is_beta":false,"boss_relics":[{"not_picked":["Calling Bell","SlaversCollar"],"picked":"Velvet Choker"},{"not_picked":["HoveringKite","Sozu"],"picked":"Black Star"}],"items_purged_floors":[10,21,36],"is_endless":false,"potions_floor_spawned":[5,11,14,16,29,30,31,33,35,37,39,41,42,46,47],"ascension_level":0}}