{"host":"yq1ysfrpl36s3s9s","time":1608512654,"event":{"mods":["AchievementEnabler","BaseMod","BetterRewards","Colored Powertips","DNKmod","Friendly Minions","Minty Spire (QoL Compilation)","Quick Restart","Shop Mod","StSLib","The Animator","The Servant 0.9.4","Youmu¡]»î¾z§¯?¡^"],"gold_per_floor":[1514,1514,1530,1548,1405,1436,1436,1436,1460,1472,1472,891,922,922,922,1024,1024,1035,1047,579,494,419,446,446,457,510,536,121,148,51,64,64,160,160,175,191,191,191,168,168,195,206,231,248,94,108,108,139,139,139,139,139,45,80,80],"floor_reached":56,"playtime":3080,"items_purged":["FollowUp","LessonLearned+1","LessonLearned+1"],"score":1776,"play_id":"fc85b708-32a6-4954-a27a-939cc77041fb","local_time":"20201221090414","is_ascension_mode":true,"campfire_choices":[{"data":"WindmillStrike","floor":7.0,"key":"SMITH"},{"floor":15.0,"key":"REST"},{"data":"Apotheosis","floor":24.0,"key":"SMITH"},{"floor":32.0,"key":"RECALL"},{"floor":40.0,"key":"REST"},{"floor":49.0,"key":"REST"},{"floor":52.0,"key":"REST"}],"circlet_count":0,"master_deck":["Defend_P+1","Eruption","Vigilance","WindmillStrike+1","Crescendo","Swivel","SandsOfTime+1","ThirdEye","FlyingSleeves","Evaluate+1","Consecrate","WindmillStrike","Fasting2","FlurryOfBlows","Halt","Consecrate","Weave","BattleHymn+1","TalkToTheHand+1","EmptyFist+1","FearNoEvil","Apotheosis+1","Prostrate","JustLucky","WreathOfFlame+1","EmptyFist+1","MentalFortress","Scrawl","FollowUp","Prostrate","Ragnarok","Prostrate","Madness","Madness","BowlingBash","Indignation","ThirdEye+1","Tantrum+1","Prostrate+1","Pain","Tantrum+1","BattleHymn","Chrysalis","Swivel"],"relics":["PureWater","StrikeDummy","Thread and Needle","HandDrill","Orichalcum","Lantern","Gremlin Horn","Dream Catcher","Bottled Flame","Kunai","Astrolabe","Bottled Lightning","Pantograph","Smiling Mask","Letter Opener","Ice Cream","InkBottle","Empty Cage","Molten Egg 2","Oddly Smooth Stone","Membership Card","WarpedTongs","Sundial","Boot"],"acts_visited":["TheBeyond","TheEnding"],"potions_floor_usage":[],"damage_taken":[{"damage":0.0,"enemies":"Jaw Worm","floor":1.0,"turns":2.0},{"damage":0.0,"enemies":"Small Slimes","floor":3.0,"turns":1.0},{"damage":0.0,"enemies":"2 Louse","floor":4.0,"turns":2.0},{"damage":23.0,"enemies":"Lagavulin","floor":6.0,"turns":4.0},{"damage":0.0,"enemies":"Blue Slaver","floor":10.0,"turns":2.0},{"damage":1.0,"enemies":"Gremlin Nob","floor":13.0,"turns":3.0},{"damage":0.0,"enemies":"Slime Boss","floor":16.0,"turns":3.0},{"damage":12.0,"enemies":"2 Thieves","floor":18.0,"turns":3.0},{"damage":8.0,"enemies":"Shell Parasite","floor":19.0,"turns":6.0},{"damage":1.0,"enemies":"Book of Stabbing","floor":23.0,"turns":3.0},{"damage":0.0,"enemies":"Sentry and Sphere","floor":25.0,"turns":3.0},{"damage":7.0,"enemies":"Gremlin Leader","floor":27.0,"turns":4.0},{"damage":11.0,"enemies":"Book of Stabbing","floor":29.0,"turns":3.0},{"damage":0.0,"enemies":"Centurion and Healer","floor":31.0,"turns":2.0},{"damage":5.0,"enemies":"Collector","floor":33.0,"turns":4.0},{"damage":0.0,"enemies":"3 Darklings","floor":35.0,"turns":2.0},{"damage":23.0,"enemies":"3 Shapes","floor":36.0,"turns":2.0},{"damage":0.0,"enemies":"Nemesis","floor":41.0,"turns":5.0},{"damage":0.0,"enemies":"Maw","floor":42.0,"turns":4.0},{"damage":26.0,"enemies":"Sphere and 2 Shapes","floor":44.0,"turns":2.0},{"damage":13.0,"enemies":"3 Darklings","floor":46.0,"turns":3.0},{"damage":1.0,"enemies":"Reptomancer","floor":48.0,"turns":4.0},{"damage":71.0,"enemies":"Donu and Deca","floor":50.0,"turns":6.0},{"damage":3.0,"enemies":"Shield and Spear","floor":54.0,"turns":2.0},{"damage":121,"enemies":"The Heart","floor":55,"turns":8}],"seed_played":"8775589436922058288","potions_obtained":[{"floor":3.0,"key":"Ambrosia"},{"floor":6.0,"key":"BlessingOfTheForge"},{"floor":13.0,"key":"Swift Potion"},{"floor":19.0,"key":"DuplicationPotion"},{"floor":27.0,"key":"FairyPotion"},{"floor":31.0,"key":"PowerPotion"},{"floor":42.0,"key":"DuplicationPotion"},{"floor":44.0,"key":"SmokeBomb"},{"floor":54.0,"key":"Fire Potion"}],"is_trial":false,"path_per_floor":["M","?","M","M","$","E","R","?","T","M","?","$","E","?","R","B",null,"M","M","$","?","?","E","R","M","T","E","$","E","$","M","R","B",null,"M","M","?","?","$","R","E","M","T","M","$","M","?","E","R","B",null,"R","$","E","B",null],"character_chosen":"WATCHER","items_purchased":["StrikeDummy","WindmillStrike","Crescendo","HandDrill","Swivel","FlyingSleeves","Evaluate","Gremlin Horn","Dream Catcher","Fasting2","FlurryOfBlows","Halt","Consecrate","Apotheosis","Bottled Lightning","Prostrate","Ice Cream","MentalFortress","FollowUp","BowlingBash","Membership Card","Chrysalis"],"campfire_rested":4,"item_purchase_floors":[0,0,0,0,0,5,5,12,12,12,12,12,12,20,20,20,28,28,30,39,45,53],"current_hp_per_floor":[55,48,48,48,48,25,25,5,5,5,5,5,4,4,34,34,100,88,80,80,80,80,79,79,79,79,72,72,61,61,61,61,81,100,100,77,64,64,64,94,94,94,94,68,68,55,55,54,84,29,100,100,100,97,22],"gold":80,"neow_bonus":"","is_daily":false,"chose_seed":false,"campfire_upgraded":2,"win_rate":0.0,"timestamp":1608512654,"path_taken":["M","?","M","M","$","E","R","?","T","M","?","?","E","?","R","BOSS","M","?","$","?","?","E","R","M","T","E","$","E","$","M","R","BOSS","M","M","?","?","$","R","E","M","T","M","$","M","?","E","R","BOSS","R","$","E","BOSS"],"items_purchased_type":["Relic","Card","Card","Relic","Card","Card","Card","Relic","Relic","Card","Card","Card","Card","Card","Relic","Card","Relic","Card","Card","Card","Relic","Card"],"build_version":"2020-12-13","purchased_purges":3,"victory":true,"max_hp_per_floor":[100,100,100,100,100,100,100,100,100,100,100,100,100,100,100,100,100,100,100,100,100,100,100,100,100,100,100,100,100,100,100,100,100,100,100,100,100,100,100,100,100,100,100,100,100,100,100,100,100,100,100,100,100,100,100],"card_choices":[{"not_picked":["Weave","Crescendo"],"picked":"FollowUp","floor":1.0},{"not_picked":["CrushJoints","Alpha"],"picked":"SandsOfTime","floor":3.0},{"not_picked":["SashWhip","CrushJoints"],"picked":"ThirdEye","floor":4.0},{"not_picked":["CutThroughFate","Halt"],"picked":"Consecrate","floor":6.0},{"not_picked":["ThirdEye","Halt"],"picked":"WindmillStrike","floor":10.0},{"not_picked":["Consecrate","Crescendo"],"picked":"LessonLearned","floor":13.0},{"not_picked":["LikeWater","EmptyFist"],"picked":"Weave","floor":15.0},{"not_picked":["Vault","Brilliance"],"picked":"Establishment","floor":16.0},{"not_picked":["LikeWater","Crescendo"],"picked":"EmptyFist+1","floor":18.0},{"not_picked":["Protect","Indignation"],"picked":"FearNoEvil","floor":19.0},{"not_picked":["InnerPeace","Perseverance"],"picked":"JustLucky","floor":23.0},{"not_picked":["FlyingSleeves","CrushJoints"],"picked":"WreathOfFlame+1","floor":25.0},{"not_picked":["BattleHymn","PathToVictory+1"],"picked":"EmptyFist+1","floor":27.0},{"not_picked":["Consecrate","Worship"],"picked":"Scrawl","floor":29.0},{"not_picked":["Crescendo+1","SandsOfTime"],"picked":"Prostrate","floor":31.0},{"not_picked":["Blasphemy","Scrawl"],"picked":"Ragnarok","floor":33.0},{"not_picked":["Meditate","DeceiveReality"],"picked":"Prostrate","floor":35.0},{"not_picked":["FlurryOfBlows","ReachHeaven+1","WaveOfTheHand"],"picked":"SKIP","floor":36.0},{"not_picked":["ReachHeaven","InnerPeace"],"picked":"Indignation","floor":40.0},{"not_picked":["Evaluate","SashWhip+1","Judgement"],"picked":"SKIP","floor":41.0},{"not_picked":["Adaptation","CrushJoints+1"],"picked":"ThirdEye+1","floor":42.0},{"not_picked":["Evaluate+1","Adaptation+1"],"picked":"Tantrum+1","floor":44.0},{"not_picked":["JustLucky+1","InnerPeace+1"],"picked":"Prostrate+1","floor":46.0},{"not_picked":["JustLucky+1","FlurryOfBlows+1"],"picked":"Tantrum+1","floor":48.0},{"not_picked":["FlurryOfBlows+1","Collect"],"picked":"BattleHymn","floor":49.0},{"not_picked":["EmptyFist+1","FlurryOfBlows+1"],"picked":"Swivel","floor":54.0}],"player_experience":144868,"relics_obtained":[{"floor":6.0,"key":"Orichalcum"},{"floor":9.0,"key":"Lantern"},{"floor":13.0,"key":"Bottled Flame"},{"floor":23.0,"key":"Smiling Mask"},{"floor":27.0,"key":"Letter Opener"},{"floor":29.0,"key":"InkBottle"},{"floor":41.0,"key":"Molten Egg 2"},{"floor":43.0,"key":"Oddly Smooth Stone"},{"floor":48.0,"key":"Sundial"},{"floor":54.0,"key":"Boot"}],"event_choices":[{"cards_removed":["Defend_P"],"damage_healed":0.0,"max_hp_gain":0.0,"max_hp_loss":0.0,"gold_gain":0.0,"event_name":"Golden Wing","player_choice":"Card Removal","floor":2.0,"gold_loss":0.0,"damage_taken":7.0},{"damage_healed":0.0,"max_hp_gain":0.0,"max_hp_loss":0.0,"gold_gain":0.0,"event_name":"Shining Light","player_choice":"Entered Light","floor":8.0,"gold_loss":0.0,"damage_taken":20.0,"cards_upgraded":["Defend_P","SandsOfTime"]},{"damage_healed":0.0,"max_hp_gain":0.0,"max_hp_loss":0.0,"gold_gain":0.0,"event_name":"Liars Game","player_choice":"Ignored","floor":11.0,"gold_loss":0.0,"damage_taken":0.0},{"damage_healed":0.0,"max_hp_gain":0.0,"max_hp_loss":0.0,"gold_gain":0.0,"event_name":"WeMeetAgain","player_choice":"Gave Potion","floor":14.0,"gold_loss":0.0,"damage_taken":0.0,"relics_obtained":["Kunai"]},{"damage_healed":0.0,"max_hp_gain":0.0,"max_hp_loss":0.0,"gold_gain":0.0,"event_name":"Addict","player_choice":"Obtained Relic","floor":21.0,"gold_loss":85.0,"damage_taken":0.0,"relics_obtained":["Pantograph"]},{"cards_removed":["Strike_P"],"damage_healed":0.0,"max_hp_gain":0.0,"max_hp_loss":0.0,"gold_gain":0.0,"event_name":"Beggar","player_choice":"Gave Gold","floor":22.0,"gold_loss":75.0,"damage_taken":0.0},{"damage_healed":0.0,"max_hp_gain":0.0,"max_hp_loss":0.0,"gold_gain":0.0,"event_name":"Winding Halls","player_choice":"Embrace Madness","floor":37.0,"gold_loss":0.0,"damage_taken":13.0,"cards_obtained":["Madness","Madness"]},{"cards_removed":["Establishment"],"damage_healed":0.0,"max_hp_gain":0.0,"max_hp_loss":0.0,"gold_gain":0.0,"event_name":"Falling","player_choice":"Removed Power","floor":38.0,"gold_loss":0.0,"damage_taken":0.0},{"damage_healed":0.0,"max_hp_gain":0.0,"max_hp_loss":0.0,"gold_gain":0.0,"event_name":"Accursed Blacksmith","player_choice":"Rummage","floor":47.0,"gold_loss":0.0,"damage_taken":0.0,"relics_obtained":["WarpedTongs"],"cards_obtained":["Pain"]}],"is_beta":false,"boss_relics":[{"not_picked":["Runic Pyramid","Cursed Key"],"picked":"Astrolabe"},{"not_picked":["Snecko Eye","VioletLotus"],"picked":"Empty Cage"}],"items_purged_floors":[5,28,30],"is_endless":false,"potions_floor_spawned":[3,6,13,19,27,31,42,44,54],"ascension_level":2}}