{"host":"xyexbe31ku0ov20l","time":1608529167,"event":{"mods":["AchievementEnabler","AlwaysNeverKeys","BaseMod","Bestiary","Block Reminder","Colored Map","Colored Powertips","Curses Come First","Displayed Cursed Tome","Minty Spire (QoL Compilation)","Permanent Neow","Quick Restart","Random Character Button","Rare Cards Sparkle","Relic Stats","StSLib"],"gold_per_floor":[221,118,118,132,150,165,165,199,199,223,243,243,23,23,54,54,54,54],"floor_reached":16,"playtime":2096,"items_purged":["Strike_B"],"score":160,"play_id":"bd5f59df-e583-41e8-8e17-e252519d3146","local_time":"20201220213927","is_ascension_mode":true,"campfire_choices":[{"floor":6.0,"key":"REST"},{"floor":11.0,"key":"REST"},{"data":"Echo Form","floor":13.0,"key":"SMITH"},{"data":"Metamorphosis","floor":15.0,"key":"SMITH"}],"circlet_count":0,"master_deck":["Strike_B+1","Strike_B","Strike_B","Defend_B","Defend_B","Defend_B","Defend_B+1","Zap","Dualcast","Metamorphosis+1","Beam Cell","Streamline","Sweeping Beam","Chill","Echo Form+1","Turbo","Steam Power"],"relics":["Cracked Core","Omamori","Dream Catcher","Sling","Centennial Puzzle"],"acts_visited":["Exordium"],"potions_floor_usage":[16],"damage_taken":[{"damage":10.0,"enemies":"Small Slimes","floor":1.0,"turns":3.0},{"damage":2.0,"enemies":"Jaw Worm","floor":3.0,"turns":3.0},{"damage":0.0,"enemies":"Cultist","floor":4.0,"turns":2.0},{"damage":12.0,"enemies":"3 Louse","floor":5.0,"turns":3.0},{"damage":8.0,"enemies":"Gremlin Nob","floor":7.0,"turns":3.0},{"damage":23.0,"enemies":"Exordium Thugs","floor":10.0,"turns":4.0},{"damage":14.0,"enemies":"3 Sentries","floor":14.0,"turns":4.0},{"damage":21,"enemies":"The Guardian","floor":16,"turns":5}],"seed_played":"7229994271252365737","potions_obtained":[{"floor":1.0,"key":"Strength Potion"},{"floor":5.0,"key":"Explosive Potion"},{"floor":14.0,"key":"Weak Potion"}],"is_trial":false,"path_per_floor":["M","?","M","M","M","R","E","?","T","M","R","$","R","E","R","B"],"character_chosen":"DEFECT","items_purchased":["Sling"],"campfire_rested":2,"item_purchase_floors":[12],"current_hp_per_floor":[55,58,43,41,41,29,51,43,36,36,13,35,35,35,21,21,0,0],"gold":54,"neow_bonus":"RANDOM_COLORLESS_2","is_daily":false,"chose_seed":false,"campfire_upgraded":2,"win_rate":0.0,"timestamp":1608529167,"path_taken":["M","?","M","M","M","R","E","?","T","M","R","?","R","E","R","BOSS"],"items_purchased_type":["Relic"],"build_version":"2020-12-13","purchased_purges":1,"victory":false,"max_hp_per_floor":[68,75,75,75,75,75,75,75,75,75,75,75,75,75,75,75,75,75],"relic_stats":{"Dream Catcher":1,"Centennial Puzzle":[3],"counters":[8,27],"obtain_stats":[{"Dream Catcher":9,"Centennial Puzzle":14,"Omamori":7,"Cracked Core":0,"Sling":12},{"Dream Catcher":5,"Centennial Puzzle":7,"Omamori":5,"Cracked Core":0,"Sling":6},{"Dream Catcher":14,"Centennial Puzzle":22,"Omamori":14,"Cracked Core":0,"Sling":18}]},"card_choices":[{"not_picked":["Secret Weapon","Violence"],"picked":"Metamorphosis","floor":0.0},{"not_picked":["Heatsinks","Ball Lightning"],"picked":"Beam Cell","floor":1.0},{"not_picked":["Compile Driver","Go for the Eyes"],"picked":"Streamline","floor":3.0},{"not_picked":["Hologram","Compile Driver"],"picked":"Sweeping Beam","floor":4.0},{"not_picked":["Rebound","Chaos"],"picked":"Chill","floor":5.0},{"not_picked":["BootSequence","Force Field"],"picked":"Echo Form","floor":7.0},{"not_picked":["Double Energy","Steam"],"picked":"Turbo","floor":10.0},{"not_picked":["Doom and Gloom","Hello World"],"picked":"Steam Power","floor":11.0},{"not_picked":["Darkness","Barrage","Leap"],"picked":"SKIP","floor":14.0}],"player_experience":2252039,"relics_obtained":[{"floor":7.0,"key":"Omamori"},{"floor":9.0,"key":"Dream Catcher"},{"floor":14.0,"key":"Centennial Puzzle"}],"event_choices":[{"damage_healed":0.0,"max_hp_gain":0.0,"max_hp_loss":0.0,"gold_gain":0.0,"event_name":"Shining Light","player_choice":"Entered Light","floor":2.0,"gold_loss":0.0,"damage_taken":15.0,"cards_upgraded":["Defend_B","Strike_B"]},{"cards_removed":["Normality"],"damage_healed":0.0,"max_hp_gain":0.0,"max_hp_loss":0.0,"gold_gain":0.0,"event_name":"Golden Wing","player_choice":"Card Removal","floor":8.0,"gold_loss":0.0,"damage_taken":7.0}],"is_beta":false,"boss_relics":[],"items_purged_floors":[12],"is_endless":false,"potions_floor_spawned":[1,5,14],"killed_by":"The Guardian","ascension_level":9}}