{"host":"miejrq8yypas90n2","time":1608524897,"event":{"mods":["Act Like it!","BaseMod","Colored Powertips","Gensokyo","Marisa£®ÏF”Í°°ƒß¿Ì…≥£©","Minty Spire (QoL Compilation)","StSLib","The Servant 0.9.4"],"gold_per_floor":[113,128,128,144,124,124,156,156,228,246,256,6,24,42,42,140,140,159,14,34,34,58,58,91,91,172,186,213,213,256,284,284,394,394,407,407,407,450,492,526,556,556,556,595,614,614,614,46,46,46,46,46,11,11,11],"floor_reached":54,"playtime":4678,"items_purged":["ShootTheMoon+1"],"score":857,"play_id":"714857d9-8ff4-4c76-8b9c-018b3440e6fe","local_time":"20201221122817","is_ascension_mode":false,"campfire_choices":[{"data":"6A","floor":6.0,"key":"SMITH"},{"data":"OortCloud","floor":8.0,"key":"SMITH"},{"floor":15.0,"key":"RECALL"},{"floor":23.0,"key":"REST"},{"data":"MillisecondPulsars","floor":25.0,"key":"SMITH"},{"data":"IllusionStar","floor":29.0,"key":"SMITH"},{"data":"Acceleration","floor":32.0,"key":"SMITH"},{"floor":42.0,"key":"REST"},{"data":"ManaConvection","floor":47.0,"key":"SMITH"},{"data":"EventHorizon","floor":49.0,"key":"SMITH"},{"data":"Chrysalis","floor":52,"key":"SMITH"}],"circlet_count":0,"master_deck":["Strike_MRS+1","Strike_MRS+1","Defend_MRS+1","Defend_MRS+1","MasterSpark+1","UpSweep+1","6A+1","OortCloud+1","AsteroidBelt+1","MillisecondPulsars+1","IllusionStar+1","OrrerysSun+1","SatelliteIllusion+1","IllusionStar+1","6A+1","SporeBomb+1","NonDirectionalLaser+1","LuminesStrike+1","WitchOfGreed+1","Acceleration+1","Acceleration+1","EscapeVelocity+1","RefractionSpark+1","IllusionStar+1","NonDirectionalLaser+1","Singularity","IllusionStar","ManaConvection+1","Metamorphosis","Chrysalis+1","EventHorizon+1","MagicChant"],"relics":["MiniHakkero","Dream Catcher","Gremlin Horn","Mummified Hand","ExperimentalFamiliar","Medical Kit","Happy Flower","WingedGreaves","Blue Candle","Ancient Tea Set","Bronze Scales","Black Star","Mark of the Bloom","Regal Pillow","PreservedInsect","War Paint","Anchor","AmplifyWand","InkBottle"],"acts_visited":["Exordium","TheCity","TheBeyond","TheEnding"],"potions_floor_usage":[],"damage_taken":[{"damage":0.0,"enemies":"Cultist","floor":1.0,"turns":2.0},{"damage":2.0,"enemies":"2 Louse","floor":2.0,"turns":2.0},{"damage":0.0,"enemies":"Jaw Worm","floor":4.0,"turns":3.0},{"damage":16.0,"enemies":"3 Sentries","floor":7.0,"turns":12.0},{"damage":0.0,"enemies":"Red Slaver","floor":10.0,"turns":4.0},{"damage":0.0,"enemies":"Exordium Wildlife","floor":11.0,"turns":5.0},{"damage":0.0,"enemies":"Large Slime","floor":13.0,"turns":6.0},{"damage":0.0,"enemies":"Exordium Thugs","floor":14.0,"turns":5.0},{"damage":4.0,"enemies":"Slime Boss","floor":16.0,"turns":12.0},{"damage":3.0,"enemies":"Spheric Guardian","floor":18.0,"turns":4.0},{"damage":13.0,"enemies":"2 Thieves","floor":20.0,"turns":3.0},{"damage":0.0,"enemies":"Book of Stabbing","floor":24.0,"turns":5.0},{"damage":0.0,"enemies":"Centurion and Healer","floor":27.0,"turns":3.0},{"damage":0.0,"enemies":"Gremlin Leader","floor":28.0,"turns":5.0},{"damage":2.0,"enemies":"Book of Stabbing","floor":30.0,"turns":4.0},{"damage":0.0,"enemies":"Shelled Parasite and Fungi","floor":31.0,"turns":3.0},{"damage":7.0,"enemies":"Collector","floor":33.0,"turns":6.0},{"damage":0.0,"enemies":"Orb Walker","floor":35.0,"turns":1.0},{"damage":17.0,"enemies":"3 Darklings","floor":38.0,"turns":3.0},{"damage":1.0,"enemies":"Jaw Worm Horde","floor":39.0,"turns":2.0},{"damage":0.0,"enemies":"Reptomancer","floor":40.0,"turns":2.0},{"damage":5.0,"enemies":"Nemesis","floor":41.0,"turns":3.0},{"damage":0.0,"enemies":"Maw","floor":44.0,"turns":4.0},{"damage":0.0,"enemies":"3 Darklings","floor":45.0,"turns":3.0},{"damage":36.0,"enemies":"Awakened One","floor":50.0,"turns":7.0},{"damage":10,"enemies":"Shield and Spear","floor":54,"turns":2}],"seed_played":"-8488823545502854901","potions_obtained":[{"floor":2.0,"key":"DuplicationPotion"},{"floor":5.0,"key":"Explosive Potion"},{"floor":7.0,"key":"Explosive Potion"},{"floor":13.0,"key":"Fire Potion"},{"floor":14.0,"key":"SteroidPotion"},{"floor":18.0,"key":"Ancient Potion"},{"floor":30.0,"key":"EssenceOfSteel"},{"floor":39.0,"key":"Dexterity Potion"},{"floor":44.0,"key":"PowerPotion"}],"is_trial":false,"path_per_floor":["M","M","?","M","?","R","E","R","T","M","M","$","M","M","R","B",null,"M","$","M","?","T","R","E","R","T","M","E","R","E","M","R","B",null,"M","?","?","M","M","E","E","R","T","M","M","?","R","$","R","B",null,"R","$","E"],"character_chosen":"MARISA","items_purchased":["Mummified Hand","Medical Kit","InkBottle","Chrysalis","EventHorizon","MagicChant"],"campfire_rested":2,"item_purchase_floors":[12,19,48,48,48,53],"current_hp_per_floor":[68,66,66,66,66,66,50,50,50,50,50,50,50,50,50,46,68,65,65,52,52,52,68,68,68,68,68,68,68,66,66,66,59,68,68,68,68,51,50,50,45,45,45,45,45,45,45,45,45,9,9,9,9,0,0],"gold":11,"neow_bonus":"REMOVE_TWO","is_daily":false,"chose_seed":false,"campfire_upgraded":8,"win_rate":0.0,"timestamp":1608524897,"path_taken":["M","M","?","M","?","R","E","R","T","M","?","$","M","M","R","BOSS","M","$","M","?","?","R","E","R","T","?","E","R","E","M","R","BOSS","M","?","?","M","?","E","E","R","T","M","M","?","R","$","R","BOSS","R","$","E"],"items_purchased_type":["Relic","Relic","Relic","Card","Card","Card"],"build_version":"2020-12-13","purchased_purges":1,"victory":false,"max_hp_per_floor":[68,68,68,68,68,68,68,68,68,68,68,68,68,68,68,68,68,68,68,68,68,68,68,68,68,68,68,68,68,68,68,68,68,68,68,68,68,68,68,68,68,68,68,68,68,68,68,68,68,68,68,68,68,68,68],"card_choices":[{"not_picked":["ShootingEcho","MysteriousBeam"],"picked":"6A","floor":1.0},{"not_picked":["RefractionSpark","MagicAbsorber"],"picked":"OortCloud","floor":2.0},{"not_picked":["EnergyRecoil","NonDirectionalLaser"],"picked":"AsteroidBelt","floor":4.0},{"not_picked":["MachineGunSpark","AlicesGift","ChargeUpSpray"],"picked":"SKIP","floor":7.0},{"not_picked":["Robbery","DoubleSpark"],"picked":"MillisecondPulsars","floor":10.0},{"not_picked":["GalacticHalo","UnstableBomb","GravityBeat"],"picked":"SKIP","floor":11.0},{"not_picked":["UnstableBomb","DC"],"picked":"IllusionStar","floor":13.0},{"not_picked":["DoubleSpark","EnergyRecoil"],"picked":"OrrerysSun","floor":14.0},{"not_picked":["CollectingQuirk","MaximisePower"],"picked":"SatelliteIllusion","floor":16.0},{"not_picked":["GalacticHalo","ShootTheMoon"],"picked":"IllusionStar","floor":18.0},{"not_picked":["SuperPerseids+1","NonDirectionalLaser+1"],"picked":"6A+1","floor":20.0},{"not_picked":["DoubleSpark","MachineGunSpark"],"picked":"SporeBomb","floor":23.0},{"not_picked":["PropBag+1","GravityBeat+1"],"picked":"NonDirectionalLaser+1","floor":24.0},{"not_picked":["GrandCross","RefractionSpark+1"],"picked":"LuminesStrike","floor":27.0},{"not_picked":["SuperPerseids","JA"],"picked":"WitchOfGreed","floor":28.0},{"not_picked":["NonDirectionalLaser+1","AbsoluteMagnitude"],"picked":"Acceleration","floor":30.0},{"not_picked":["MysteriousBeam","WitchLeyline"],"picked":"Acceleration+1","floor":31.0},{"not_picked":["MillisecondPulsars","ManaRampage"],"picked":"EscapeVelocity","floor":33.0},{"not_picked":["MysteriousBeam","GalacticHalo"],"picked":"RefractionSpark+1","floor":35.0},{"not_picked":["UnstableBomb","PulseMagic"],"picked":"IllusionStar","floor":38.0},{"not_picked":["ShootingEcho+1","MysteriousBeam"],"picked":"ShootTheMoon+1","floor":39.0},{"not_picked":["GalacticHalo+1","SprinkleStarSeal+1"],"picked":"NonDirectionalLaser+1","floor":40.0},{"not_picked":["GravityBeat","Orbital"],"picked":"Singularity","floor":41.0},{"not_picked":["OneTimeOff","StarBarrage+1"],"picked":"IllusionStar","floor":42.0},{"not_picked":["OneTimeOff+1","PulseMagic"],"picked":"ManaConvection","floor":44.0},{"not_picked":["ShootingEcho","LuminesStrike","GasGiant"],"picked":"SKIP","floor":45.0},{"not_picked":["Madness","Thinking Ahead"],"picked":"Metamorphosis","floor":46.0}],"player_experience":108626,"relics_obtained":[{"floor":7.0,"key":"Dream Catcher"},{"floor":9.0,"key":"Gremlin Horn"},{"floor":24.0,"key":"WingedGreaves"},{"floor":26.0,"key":"Blue Candle"},{"floor":28.0,"key":"Ancient Tea Set"},{"floor":30.0,"key":"Bronze Scales"},{"floor":40.0,"key":"Regal Pillow"},{"floor":40.0,"key":"PreservedInsect"},{"floor":41.0,"key":"War Paint"},{"floor":41.0,"key":"Anchor"},{"floor":43.0,"key":"AmplifyWand"}],"event_choices":[{"cards_removed":["Strike_MRS"],"damage_healed":0.0,"max_hp_gain":0.0,"max_hp_loss":0.0,"gold_gain":0.0,"event_name":"Living Wall","player_choice":"Forget","floor":3.0,"gold_loss":0.0,"damage_taken":0.0},{"damage_healed":0.0,"max_hp_gain":0.0,"max_hp_loss":0.0,"gold_gain":0.0,"event_name":"The Woman in Blue","player_choice":"Bought 1 Potion","floor":5.0,"gold_loss":0.0,"damage_taken":0.0},{"damage_healed":0.0,"max_hp_gain":0.0,"max_hp_loss":0.0,"gold_gain":0.0,"event_name":"The Mausoleum","player_choice":"Opened","floor":21.0,"gold_loss":0.0,"damage_taken":0.0,"relics_obtained":["Happy Flower"]},{"cards_removed":["Defend_MRS"],"damage_healed":0.0,"max_hp_gain":0.0,"max_hp_loss":0.0,"gold_gain":0.0,"event_name":"Falling","player_choice":"Removed Skill","floor":36.0,"gold_loss":0.0,"damage_taken":0.0},{"damage_healed":0.0,"max_hp_gain":0.0,"max_hp_loss":0.0,"gold_gain":0.0,"event_name":"MindBloom","player_choice":"Upgrade","floor":37.0,"gold_loss":0.0,"damage_taken":0.0,"cards_upgraded":["Strike_MRS","Strike_MRS","Defend_MRS","Defend_MRS","MasterSpark","UpSweep","AsteroidBelt","OrrerysSun","SatelliteIllusion","IllusionStar","SporeBomb","LuminesStrike","WitchOfGreed","EscapeVelocity"],"relics_obtained":["Mark of the Bloom"]},{"damage_healed":0.0,"max_hp_gain":0.0,"max_hp_loss":0.0,"gold_gain":0.0,"event_name":"SensoryStone","player_choice":"Memory 1","floor":46.0,"gold_loss":0.0,"damage_taken":0.0}],"is_beta":false,"boss_relics":[{"not_picked":["Busted Crown","Snecko Eye"],"picked":"ExperimentalFamiliar"},{"not_picked":["RampagingMagicTools","Empty Cage"],"picked":"Black Star"}],"items_purged_floors":[48],"is_endless":false,"potions_floor_spawned":[2,7,13,14,18,30,33,38,44,45],"killed_by":"Shield and Spear","ascension_level":0}}