{"host":"f0gpob8hq9vgebej","time":1608535108,"event":{"mods":["AchievementEnabler","BaseMod","Googly Eyes","Minty Spire (QoL Compilation)","Quick Restart","SuperFastMode"],"gold_per_floor":[109,142,142,45,76,124,161,161,185,228,264,264,22,58,58,58,58],"floor_reached":16,"playtime":335,"items_purged":["Strike_G","Defend_G"],"score":166,"play_id":"d0992840-ea07-4d98-83a5-47baebcdb980","local_time":"20201221161828","is_ascension_mode":true,"campfire_choices":[{"data":"HandOfGreed","floor":8,"key":"SMITH"},{"floor":15,"key":"REST"}],"circlet_count":0,"master_deck":["AscendersBane","Strike_G","Strike_G","Strike_G","Strike_G","Defend_G","Defend_G","Defend_G","Defend_G","Survivor","Neutralize","HandOfGreed+1","Calculated Gamble","Cloak And Dagger+1","Blade Dance","All Out Attack","Reflex","Escape Plan","Bandage Up","Reflex"],"relics":["Ring of the Snake","Orichalcum","Anchor"],"acts_visited":["Exordium"],"potions_floor_usage":[6,7,16,16],"damage_taken":[{"damage":7,"enemies":"Jaw Worm","floor":1,"turns":5},{"damage":1,"enemies":"Cultist","floor":2,"turns":3},{"damage":0,"enemies":"2 Louse","floor":5,"turns":2},{"damage":24,"enemies":"3 Sentries","floor":6,"turns":8},{"damage":3,"enemies":"Lots of Slimes","floor":7,"turns":5},{"damage":0,"enemies":"Exordium Wildlife","floor":10,"turns":3},{"damage":0,"enemies":"3 Louse","floor":11,"turns":2},{"damage":0,"enemies":"Looter","floor":14,"turns":2},{"damage":53,"enemies":"Hexaghost","floor":16,"turns":10}],"seed_played":"-2439442547814289994","potions_obtained":[{"floor":1,"key":"AttackPotion"},{"floor":5,"key":"LiquidBronze"},{"floor":10,"key":"BlessingOfTheForge"}],"is_trial":false,"path_per_floor":["M","M","?","$","M","E","M","R","T","M","M","?","$","M","R","B"],"character_chosen":"THE_SILENT","items_purchased":["Blade Dance","Bandage Up","Poison Potion"],"campfire_rested":1,"item_purchase_floors":[4,13,13],"current_hp_per_floor":[56,55,55,55,55,31,28,28,28,28,28,28,28,28,49,2,2],"gold":58,"neow_bonus":"RANDOM_COLORLESS_2","is_daily":false,"chose_seed":false,"campfire_upgraded":1,"win_rate":0.0,"timestamp":1608535108,"path_taken":["M","M","?","$","M","E","M","R","T","M","M","?","$","?","R","BOSS"],"items_purchased_type":["Card","Card","Potion"],"build_version":"2020-12-13","purchased_purges":2,"victory":false,"max_hp_per_floor":[70,70,70,70,70,70,70,70,70,70,70,70,70,70,70,70,70],"card_choices":[{"not_picked":["Thinking Ahead","Metamorphosis"],"picked":"HandOfGreed","floor":0},{"not_picked":["Deadly Poison","PiercingWail"],"picked":"Calculated Gamble","floor":1},{"not_picked":["Skewer","Predator"],"picked":"Cloak And Dagger","floor":2},{"not_picked":["Dagger Throw","Slice"],"picked":"All Out Attack","floor":5},{"not_picked":["Storm of Steel","PiercingWail"],"picked":"Reflex","floor":6},{"not_picked":["Blade Dance","Expertise"],"picked":"Escape Plan","floor":7},{"not_picked":["Infinite Blades","Endless Agony","Dagger Spray"],"picked":"SKIP","floor":10},{"not_picked":["Cloak And Dagger","Deadly Poison","Skewer"],"picked":"SKIP","floor":11},{"not_picked":["Underhanded Strike","Quick Slash"],"picked":"Reflex","floor":14}],"player_experience":180596,"relics_obtained":[{"floor":6,"key":"Orichalcum"},{"floor":9,"key":"Anchor"}],"event_choices":[{"cards_removed":["Shame"],"damage_healed":0,"gold_gain":0,"player_choice":"Forget","damage_taken":0,"max_hp_gain":0,"max_hp_loss":0,"event_name":"Living Wall","floor":3,"gold_loss":0},{"damage_healed":0,"gold_gain":0,"player_choice":"Forge","damage_taken":0,"max_hp_gain":0,"max_hp_loss":0,"event_name":"Accursed Blacksmith","floor":12,"gold_loss":0,"cards_upgraded":["Cloak And Dagger"]}],"is_beta":false,"boss_relics":[],"items_purged_floors":[4,13],"is_endless":false,"potions_floor_spawned":[1,5,10,14],"killed_by":"Hexaghost","ascension_level":12}}