{"host":"ds28d883r3sz42zs","time":1608579783,"event":{"mods":["2.2 Compatiblity","AchievementEnabler","Act Like it!","Aspiration","BaseMod","Bestiary","Better Match","Better Sensory Stone","Better Silent Start","Better Third Choice","Better-Laid Plans","BetterRewards","Block Reminder","Challenge The Spire","Colored Map","Colored Powertips","Conspire","DeckTracker","Defuse TimeMaze Blight","Disable Question Mark Monsters","Displayed Cursed Tome","Emptier Cage","GifTheSpireLib","Gold Saver","Hallownest","Hubris","Infinite Spire","Minty Spire (QoL Compilation)","Permanent Neow","Practice Mode","Quick Restart","Random Character Button","Rare Cards Sparkle","Relic Filter","Relic Sorter","Relic Stats","Replay The Spire","SacredBarkPlus","StSLib","Stuff the Spire","SuperFastMode","The Bug Knight","The Jungle","Uncapped","Unknown Chances"],"gold_per_floor":[1117,1132,1144,1144,1159,1159,1189,1189,1212,1225,1258,1258,1290,1290,1290,1362,1362,1379,1392,1405,1455,1471,1501,940,967,991,991,1020,1033,1061,1071,1071,1071,1071],"floor_reached":33,"playtime":1303,"items_purged":["Strike_R"],"score":607,"play_id":"f6c735fe-e17d-4a22-bc55-0cfed9fb8969","local_time":"20201221144303","is_ascension_mode":true,"campfire_choices":[{"data":"ReplayTheSpireMod:LeadingStrike","floor":6.0,"key":"SMITH"},{"data":"Bash","floor":8.0,"key":"SMITH"},{"data":"True Grit","floor":15.0,"key":"SMITH"},{"data":"Bludgeon","floor":27.0,"key":"SMITH"},{"floor":32,"key":"REST"}],"circlet_count":0,"master_deck":["AscendersBane","Strike_R","Strike_R","Strike_R","Defend_R","Defend_R","Defend_R","Defend_R","Bash+1","Bludgeon","ReplayTheSpireMod:LeadingStrike+1","Shrug It Off","Armaments","Clothesline","Spot Weakness","True Grit+1","StuffTheSpire:Resist","Abandon+1","Bludgeon+1","True Grit+1","Heavy Blade","conspire:ExplosiveBarrier+1","Defy Death+1","Bludgeon","Evolve+1","True Grit+1"],"relics":["Burning Blood","hubris:CuriousFeather","Omamori","StuffTheSpire:GrapeVine","Toxic Egg 2","Torii","Snecko Eye","WingedGreaves","Red Skull","DollysMirror","Dream Catcher","StuffTheSpire:Experiment12","Blue Doll","Bag of Preparation"],"acts_visited":["Exordium","TheCity"],"potions_floor_usage":[30],"damage_taken":[{"damage":6.0,"enemies":"Cultist","floor":1.0,"turns":3.0},{"damage":9.0,"enemies":"Small Slimes","floor":2.0,"turns":3.0},{"damage":0.0,"enemies":"conspire:RoseBush","floor":3.0,"turns":5.0},{"damage":10.0,"enemies":"Exordium Thugs","floor":5.0,"turns":5.0},{"damage":7.0,"enemies":"Lagavulin","floor":7.0,"turns":4.0},{"damage":13.0,"enemies":"Gremlin Gang","floor":10.0,"turns":7.0},{"damage":26.0,"enemies":"Gremlin Nob","floor":11.0,"turns":4.0},{"damage":9.0,"enemies":"Lagavulin","floor":13.0,"turns":7.0},{"damage":8.0,"enemies":"Hexaghost","floor":16.0,"turns":13.0},{"damage":1.0,"enemies":"3 Byrds","floor":18.0,"turns":5.0},{"damage":0.0,"enemies":"Spheric Guardian","floor":19.0,"turns":2.0},{"damage":8.0,"enemies":"Centurion and Healer","floor":20.0,"turns":6.0},{"damage":10.0,"enemies":"Snake Plant","floor":22.0,"turns":3.0},{"damage":24.0,"enemies":"Slavers","floor":23.0,"turns":7.0},{"damage":18.0,"enemies":"Gremlin Leader","floor":25.0,"turns":4.0},{"damage":15.0,"enemies":"Slavers","floor":28.0,"turns":4.0},{"damage":0.0,"enemies":"Cultist and Chosen","floor":29.0,"turns":3.0},{"damage":21,"enemies":"Gremlin Leader","floor":30,"turns":5},{"damage":0,"enemies":"3 Cultists","floor":31,"turns":3},{"damage":43,"enemies":"Champ","floor":33,"turns":7}],"seed_played":"-5441306584626121558","potions_obtained":[{"floor":3.0,"key":"BlessingOfTheForge"},{"floor":4.0,"key":"Weak Potion"},{"floor":10.0,"key":"Milkshake"},{"floor":20.0,"key":"Energy Potion"},{"floor":22.0,"key":"Explosive Potion"},{"floor":28.0,"key":"BlessingOfTheForge"},{"floor":30,"key":"BlessingOfTheForge"}],"is_trial":false,"path_per_floor":["M","M","M","?","M","R","E","R","T","M","E","$","E","?","R","B",null,"M","M","M","?","M","E","$","E","T","R","E","M","E","M","R","B"],"character_chosen":"IRONCLAD","items_purchased":["Toxic Egg 2","Red Skull","Defy Death+1","DollysMirror","Dream Catcher"],"campfire_rested":1,"item_purchase_floors":[12,24,24,24,24],"current_hp_per_floor":[68,65,68,68,64,64,63,63,63,56,36,19,16,9,9,7,53,58,64,62,62,58,40,40,28,28,28,19,25,10,16,36,0,0],"gold":1071,"neow_bonus":"THREE_RARE_CARDS","is_daily":false,"chose_seed":false,"campfire_upgraded":4,"win_rate":0.0,"timestamp":1608579783,"path_taken":["M","?","M","?","?","R","E","R","T","M","E","?","E","?","R","BOSS","M","M","M","?","?","E","$","E","T","R","E","M","E","?","R","BOSS"],"items_purchased_type":["Relic","Relic","Card","Relic","Relic"],"build_version":"2020-12-13","purchased_purges":1,"victory":false,"max_hp_per_floor":[68,68,68,68,68,68,68,68,68,68,68,68,68,68,68,68,68,68,68,68,68,68,68,68,68,68,68,68,68,68,68,68,68,68],"relic_stats":{"Dream Catcher":1,"Torii":20,"counters":[20,100],"Snecko Eye":[93,85,89,84],"Bag of Preparation":[4],"obtain_stats":[{"Torii":13,"Blue Doll":28,"Omamori":9,"StuffTheSpire:GrapeVine":11,"Bag of Preparation":30,"Burning Blood":0,"StuffTheSpire:Experiment12":25,"Dream Catcher":24,"DollysMirror":24,"Snecko Eye":17,"hubris:CuriousFeather":7,"WingedGreaves":23,"Toxic Egg 2":12,"Red Skull":24},{"Torii":8,"Blue Doll":16,"Omamori":5,"StuffTheSpire:GrapeVine":7,"Bag of Preparation":18,"Burning Blood":0,"StuffTheSpire:Experiment12":15,"Dream Catcher":14,"DollysMirror":14,"Snecko Eye":9,"hubris:CuriousFeather":5,"WingedGreaves":14,"Toxic Egg 2":7,"Red Skull":14},{"Torii":38,"Blue Doll":82,"Omamori":20,"StuffTheSpire:GrapeVine":31,"Bag of Preparation":90,"Burning Blood":0,"StuffTheSpire:Experiment12":78,"Dream Catcher":74,"DollysMirror":74,"Snecko Eye":51,"hubris:CuriousFeather":20,"WingedGreaves":74,"Toxic Egg 2":31,"Red Skull":74}],"Burning Blood":111},"card_choices":[{"not_picked":["Hemogenesis","Impervious"],"picked":"Bludgeon","floor":0.0},{"not_picked":["Armaments","hubris:ReadiedAction"],"picked":"ReplayTheSpireMod:LeadingStrike","floor":1.0},{"not_picked":["Twin Strike","Perfected Strike"],"picked":"Shrug It Off","floor":2.0},{"not_picked":["Iron Wave","Flex"],"picked":"Armaments","floor":3.0},{"not_picked":["Heavy Blade","Armaments"],"picked":"Clothesline","floor":5.0},{"not_picked":["Power Through","Eclipse"],"picked":"Spot Weakness","floor":7.0},{"not_picked":["ReplayTheSpireMod:Strike From Hell","Flex"],"picked":"True Grit","floor":10.0},{"not_picked":["Perfected Strike","StuffTheSpire:Slingshot"],"picked":"StuffTheSpire:Resist","floor":11.0},{"not_picked":["Sever Soul","Warcry+1"],"picked":"Abandon+1","floor":13.0},{"not_picked":["Corruption","Feed"],"picked":"Bludgeon","floor":16.0},{"not_picked":["Cleave+1","Abandon+1"],"picked":"True Grit+1","floor":18.0},{"not_picked":["Intimidate+1","Infernal Blade+1"],"picked":"Heavy Blade","floor":19.0},{"not_picked":["ReplayTheSpireMod:Muscle Training+1","Pummel"],"picked":"conspire:ExplosiveBarrier+1","floor":20.0},{"not_picked":["Twin Strike","hubris:SharpeningStone+1","Clothesline"],"picked":"SKIP","floor":22.0},{"not_picked":["Massacre","Iron Wave","Cleave"],"picked":"SKIP","floor":23.0},{"not_picked":["Pommel Strike+1","Rage+1","StuffTheSpire:RockThrow"],"picked":"SKIP","floor":25.0},{"not_picked":["Seeing Red+1","hubris:SharpeningStone+1","Intimidate+1"],"picked":"SKIP","floor":28.0},{"not_picked":["StuffTheSpire:Pyroclast","StuffTheSpire:RockThrow","Wild Strike+1"],"picked":"SKIP","floor":29.0},{"not_picked":["ReplayTheSpireMod:Strike From Hell","Sever Soul","StuffTheSpire:TitanForm"],"picked":"SKIP","floor":30},{"not_picked":["Warcry+1","Metallicize"],"picked":"Evolve+1","floor":31},{"not_picked":["StuffTheSpire:Slingshot","StuffTheSpire:Resist"],"picked":"True Grit+1","floor":32}],"player_experience":738602,"relics_obtained":[{"floor":7.0,"key":"hubris:CuriousFeather"},{"floor":9.0,"key":"Omamori"},{"floor":11.0,"key":"StuffTheSpire:GrapeVine"},{"floor":13.0,"key":"Torii"},{"floor":23.0,"key":"WingedGreaves"},{"floor":25.0,"key":"StuffTheSpire:Experiment12"},{"floor":28.0,"key":"Blue Doll"},{"floor":30,"key":"Bag of Preparation"}],"event_choices":[{"damage_healed":0.0,"max_hp_gain":0.0,"max_hp_loss":0.0,"gold_gain":0.0,"event_name":"Lab","player_choice":"Got Potions","floor":4.0,"gold_loss":0.0,"damage_taken":0.0},{"cards_removed":["Strike_R"],"damage_healed":0.0,"max_hp_gain":0.0,"max_hp_loss":0.0,"gold_gain":0.0,"event_name":"Golden Wing","player_choice":"Card Removal","floor":14.0,"gold_loss":0.0,"damage_taken":7.0},{"damage_healed":0.0,"max_hp_gain":0.0,"max_hp_loss":0.0,"gold_gain":50.0,"event_name":"Golden Shrine","player_choice":"Pray","floor":21.0,"gold_loss":0.0,"damage_taken":0.0}],"is_beta":false,"boss_relics":[{"not_picked":["StuffTheSpire:RunicConfusion","Fusion Hammer"],"picked":"Snecko Eye"}],"items_purged_floors":[24],"is_endless":false,"potions_floor_spawned":[3,5,10,11,20,22,28,30],"killed_by":"Champ","ascension_level":15}}