{"host":"89frlrzg3lfsymiq","time":1608590439,"event":{"mods":["2.2 Compatiblity","AchievementEnabler","Aspiration","BaseMod","Better Altar","Better Match","Better Note","Better Sensory Stone","Better Skull","Better Third Choice","Conspire","Downfall","GifTheSpireLib","Halation","Highlight Path","Hubris","Minty Spire (QoL Compilation)","Permanent Neow","Quick Restart","StSLib","The Blue Laboratory","The Cursed","The Jungle","The Necromancer","The Runesmith"],"gold_per_floor":[115,131,131,155,155,186,211,211,292,317,331,30,30,70,70,201,201,220,234,259,9,43,43,71,71,118,163,186,186,186,186,186,317,317,346,371,453,482,482,552,587,587,611,499,499,544,568,599,599,599],"floor_reached":51,"playtime":3576,"items_purged":[],"score":941,"play_id":"3f29e0f6-458f-4240-bfc7-26ece42738a9","local_time":"20201221174039","is_ascension_mode":false,"campfire_choices":[{"floor":8.0,"key":"REST"},{"floor":15,"key":"REST"},{"floor":23,"key":"REST"},{"data":"TheCursedMod:Torture","floor":25,"key":"SMITH"},{"floor":30,"key":"REST"},{"data":"TheCursedMod:VoidForm","floor":32,"key":"SMITH"},{"floor":45,"key":"REST"},{"data":"TheCursedMod:AntiAging","floor":49,"key":"SMITH"}],"circlet_count":0,"master_deck":["TheCursedMod:Strike_TheCursed","TheCursedMod:Strike_TheCursed","TheCursedMod:Strike_TheCursed","TheCursedMod:Strike_TheCursed","TheCursedMod:Defend_TheCursed","TheCursedMod:Defend_TheCursed","TheCursedMod:Defend_TheCursed","TheCursedMod:Defend_TheCursed","TheCursedMod:CursedWand","TheCursedMod:CleanUpWorkshop","TheCursedMod:Dregs","Writhe","TheCursedMod:Torture+1","Injury","TheCursedMod:AbyssShockwave","TheCursedMod:DoubleShield","TheCursedMod:SaltUponWound","TheCursedMod:UltimatePain","TheCursedMod:SurpriseAttack","TheCursedMod:SoulReap+1","TheCursedMod:AntiAging+1","TheCursedMod:RapidMovement","TheCursedMod:VitalStrike","TheCursedMod:VoidForm+1","TheCursedMod:CircleOfCorruption","TheCursedMod:StingEye+1","hubris:Greed","hubris:Greed","TheCursedMod:SpitefulPlan","TheCursedMod:SpreadPlague","TheCursedMod:Torture+1","TheCursedMod:SurpriseAttack","TheCursedMod:SpreadPlague+1","TheCursedMod:VoidForm","TheCursedMod:SpitefulStrike+1","Parasite","TheCursedMod:CircleOfFlame+1","TheCursedMod:Torture+1","TheCursedMod:Torture","TheCursedMod:RapidMovement+1","TheCursedMod:AbyssShockwave+1","hubris:Greed","TheCursedMod:CircleOfFlame+1"],"relics":["TheCursedMod:BlackMagic101","hubris:Potato","Golden Idol","Regal Pillow","aspiration:FetidBarrel","Eternal Feather","Membership Card","Smiling Mask","hubris:MysteriousPyramids","Snecko Eye","Mango","Toolbox","Centennial Puzzle","Thread and Needle","Philosopher\u0027s Stone","TheCursedMod:DemonicMark","Blood Vial","Ancient Tea Set","Toy Ornithopter","halation:LettersToHer"],"acts_visited":["Exordium","TheCity","TheBeyond"],"potions_floor_usage":[14,14,14,41,46],"damage_taken":[{"damage":5.0,"enemies":"Jaw Worm","floor":1.0,"turns":5.0},{"damage":0.0,"enemies":"conspire:RoseBush","floor":2.0,"turns":4.0},{"damage":0.0,"enemies":"Cultist","floor":4.0,"turns":5.0},{"damage":53.0,"enemies":"3 Sentries","floor":6.0,"turns":10.0},{"damage":9.0,"enemies":"Red Slaver","floor":7.0,"turns":5.0},{"damage":29.0,"enemies":"Gremlin Gang","floor":10.0,"turns":4.0},{"damage":6,"enemies":"Large Slime","floor":11,"turns":7},{"damage":9,"enemies":"Lagavulin","floor":14,"turns":6},{"damage":39,"enemies":"The Guardian","floor":16,"turns":8},{"damage":25,"enemies":"Shell Parasite","floor":18,"turns":6},{"damage":2,"enemies":"Chosen","floor":19,"turns":4},{"damage":27,"enemies":"Sentry and Sphere","floor":20,"turns":4},{"damage":12,"enemies":"Snecko","floor":22,"turns":5},{"damage":0,"enemies":"Centurion and Healer","floor":24,"turns":5},{"damage":43,"enemies":"Slavers","floor":27,"turns":5},{"damage":28,"enemies":"conspire:HollyBat","floor":28,"turns":8},{"damage":53,"enemies":"hubris:MusketHawk","floor":33,"turns":6},{"damage":13,"enemies":"3 Shapes","floor":35,"turns":2},{"damage":17,"enemies":"3 Darklings","floor":36,"turns":3},{"damage":6,"enemies":"Writhing Mass","floor":38,"turns":4},{"damage":64,"enemies":"Nemesis","floor":40,"turns":7},{"damage":10,"enemies":"Sphere and 2 Shapes","floor":41,"turns":4},{"damage":9,"enemies":"Reptomancer","floor":46,"turns":4},{"damage":22,"enemies":"Jaw Worm Horde","floor":47,"turns":2},{"damage":11,"enemies":"3 Darklings","floor":48,"turns":4},{"damage":116,"enemies":"Time Eater","floor":50,"turns":8}],"seed_played":"-2867606210008850964","potions_obtained":[{"floor":2.0,"key":"Block Potion"},{"floor":4.0,"key":"SpeedPotion"},{"floor":6.0,"key":"blueLaboratory:HorrorPotion"},{"floor":11,"key":"champ:CounterPotion"},{"floor":14,"key":"SteroidPotion"},{"floor":20,"key":"champ:CounterPotion"},{"floor":27,"key":"Ancient Potion"},{"floor":40,"key":"Energy Potion"}],"is_trial":false,"path_per_floor":["M","M","?","M","?","E","M","R","T","M","M","$","T","E","R","B",null,"M","M","M","$","M","R","M","R","T","E","M","?","R","?","R","B",null,"M","M","T","M","?","E","M","?","T","$","R","E","M","M","R","B",null],"character_chosen":"THE_CURSED","items_purchased":["Membership Card","TheCursedMod:SoulReap","TheCursedMod:AntiAging","Fire Potion","TheCursedMod:RapidMovement","Mango","Toolbox","BlessingOfTheForge","Toy Ornithopter","SkillPotion","TheCursedMod:Torture"],"campfire_rested":5,"item_purchase_floors":[12,12,12,12,12,21,21,21,44,44,44],"current_hp_per_floor":[70,70,70,70,70,17,8,45,45,16,10,10,10,7,57,25,79,56,67,42,56,46,101,103,103,103,62,36,36,101,101,107,75,109,98,81,81,85,85,21,25,25,25,25,93,93,83,76,100,32],"gold":599,"neow_bonus":"ONE_RARE_RELIC","is_daily":false,"chose_seed":false,"campfire_upgraded":3,"win_rate":0.0,"timestamp":1608590439,"path_taken":["M","M","?","M","?","E","?","R","T","M","M","$","?","E","R","BOSS","M","M","?","$","M","R","M","R","T","E","M","?","R","?","R","BOSS","M","M","?","M","?","E","M","?","T","$","R","E","M","M","R","BOSS"],"items_purchased_type":["Relic","Card","Card","Potion","Card","Relic","Relic","Potion","Relic","Potion","Card"],"build_version":"2020-12-13","purchased_purges":0,"victory":true,"max_hp_per_floor":[75,75,75,75,75,75,75,75,75,75,75,75,75,77,77,79,79,81,83,85,99,101,101,103,103,103,105,107,107,107,107,107,109,109,111,111,111,114,108,108,108,108,108,108,108,110,110,112,112,115],"card_choices":[{"not_picked":["TheCursedMod:Wield","TheCursedMod:CircleOfFlame"],"picked":"TheCursedMod:Torture","floor":1.0},{"not_picked":["TheCursedMod:HellsGateOpen","TheCursedMod:RapidMovement"],"picked":"TheCursedMod:Obscuration","floor":2.0},{"not_picked":["TheCursedMod:DoubleShield","TheCursedMod:Obscuration"],"picked":"TheCursedMod:AbyssShockwave","floor":4.0},{"not_picked":["TheCursedMod:CursedMace","TheCursedMod:Obscuration"],"picked":"TheCursedMod:DoubleShield","floor":6.0},{"not_picked":["TheCursedMod:RavingStaff","TheCursedMod:Evocation"],"picked":"TheCursedMod:SaltUponWound","floor":7.0},{"not_picked":["TheCursedMod:CircleOfFlame","TheCursedMod:Stigma"],"picked":"TheCursedMod:UltimatePain","floor":10.0},{"not_picked":["TheCursedMod:WearCloak","TheCursedMod:RavingStaff"],"picked":"TheCursedMod:SurpriseAttack","floor":11},{"not_picked":["TheCursedMod:Obscuration","TheCursedMod:ShockAndAwe"],"picked":"TheCursedMod:VitalStrike","floor":14},{"not_picked":["TheCursedMod:OutForBlood","TheCursedMod:Neurasthenia"],"picked":"TheCursedMod:VoidForm","floor":16},{"not_picked":["TheCursedMod:CursedMace","TheCursedMod:Obscuration"],"picked":"TheCursedMod:CircleOfCorruption","floor":18},{"not_picked":["TheCursedMod:CircleOfBlood","TheCursedMod:SurpriseAttack"],"picked":"TheCursedMod:StingEye+1","floor":19},{"not_picked":["TheCursedMod:Wield","TheCursedMod:CursedArmor"],"picked":"TheCursedMod:SpitefulPlan","floor":20},{"not_picked":["TheCursedMod:FuryStrike","TheCursedMod:Stigma"],"picked":"TheCursedMod:SpreadPlague","floor":22},{"not_picked":["TheCursedMod:SpitefulPlan","TheCursedMod:RapidMovement"],"picked":"TheCursedMod:Torture+1","floor":24},{"not_picked":["TheCursedMod:CircleOfAbyss","TheCursedMod:CircleOfFlame"],"picked":"TheCursedMod:SurpriseAttack","floor":27},{"not_picked":["TheCursedMod:DoubleShield","TheCursedMod:SaltUponWound"],"picked":"TheCursedMod:SpreadPlague+1","floor":28},{"not_picked":["TheCursedMod:Neurasthenia","TheCursedMod:ForbiddenAlchemy"],"picked":"TheCursedMod:VoidForm","floor":33},{"not_picked":["TheCursedMod:AshesToAshes","TheCursedMod:WearCloak"],"picked":"TheCursedMod:SpitefulStrike+1","floor":35},{"not_picked":["TheCursedMod:SaltUponWound","TheCursedMod:CursedMace+1","TheCursedMod:WearCloak+1"],"picked":"SKIP","floor":36},{"not_picked":["TheCursedMod:Wield+1","TheCursedMod:Mangle"],"picked":"TheCursedMod:CircleOfFlame+1","floor":38},{"not_picked":["TheCursedMod:CircleOfBlood","TheCursedMod:Mangle+1","TheCursedMod:CircleOfAmplification"],"picked":"SKIP","floor":40},{"not_picked":["TheCursedMod:CircleOfBlood","TheCursedMod:Mangle+1","TheCursedMod:CircleOfAmplification"],"picked":"SKIP","floor":40},{"not_picked":["TheCursedMod:CircleOfWindfury+1","TheCursedMod:CircleOfCorruption"],"picked":"TheCursedMod:Torture+1","floor":41},{"not_picked":["TheCursedMod:Evocation+1","TheCursedMod:ForbiddenAlchemy"],"picked":"TheCursedMod:RapidMovement+1","floor":46},{"not_picked":["TheCursedMod:Stigma","TheCursedMod:Evocation+1"],"picked":"TheCursedMod:AbyssShockwave+1","floor":47},{"not_picked":["TheCursedMod:RavingStaff+1","TheCursedMod:PrepareRite+1"],"picked":"TheCursedMod:CircleOfFlame+1","floor":48}],"player_experience":207391,"relics_obtained":[{"floor":6.0,"key":"aspiration:FetidBarrel"},{"floor":9.0,"key":"Eternal Feather"},{"floor":13,"key":"Smiling Mask"},{"floor":14,"key":"hubris:MysteriousPyramids"},{"floor":26,"key":"Centennial Puzzle"},{"floor":27,"key":"Thread and Needle"},{"floor":37,"key":"TheCursedMod:DemonicMark"},{"floor":40,"key":"Blood Vial"},{"floor":43,"key":"Ancient Tea Set"},{"floor":46,"key":"halation:LettersToHer"}],"event_choices":[{"damage_healed":0.0,"max_hp_gain":0.0,"max_hp_loss":0.0,"gold_gain":0.0,"event_name":"Golden Idol","player_choice":"Take Wound","floor":3.0,"gold_loss":0.0,"damage_taken":0.0,"relics_obtained":["Golden Idol"],"cards_obtained":["Injury"]},{"cards_removed":["TheCursedMod:Obscuration"],"damage_healed":0.0,"max_hp_gain":0.0,"max_hp_loss":0.0,"gold_gain":0.0,"event_name":"WeMeetAgain","player_choice":"Gave Card","floor":5.0,"gold_loss":0.0,"damage_taken":0.0,"relics_obtained":["Regal Pillow"]},{"damage_healed":0,"gold_gain":0,"player_choice":"Upgraded","damage_taken":0,"max_hp_gain":0,"max_hp_loss":0,"event_name":"Upgrade Shrine","floor":29,"gold_loss":0,"cards_upgraded":["TheCursedMod:SoulReap"]},{"damage_healed":0,"gold_gain":0,"player_choice":"Ignored","damage_taken":0,"max_hp_gain":0,"max_hp_loss":0,"event_name":"Fountain of Cleansing","floor":31,"gold_loss":0},{"damage_healed":0,"gold_gain":0,"player_choice":"Max HP","damage_taken":0,"max_hp_gain":0,"max_hp_loss":6,"event_name":"Winding Halls","floor":39,"gold_loss":0},{"damage_healed":0,"gold_gain":0,"player_choice":"Ignored","damage_taken":0,"max_hp_gain":0,"max_hp_loss":0,"event_name":"Mysterious Sphere","floor":42,"gold_loss":0}],"is_beta":false,"boss_relics":[{"not_picked":["conspire:RoyalGoblet","Calling Bell"],"picked":"Snecko Eye"},{"not_picked":["aspiration:DefectSkillbook","Runesmith:UraniumAnvil"],"picked":"Philosopher\u0027s Stone"}],"items_purged_floors":[],"is_endless":false,"potions_floor_spawned":[2,4,6,7,11,14,20,27,28,35,40],"ascension_level":0}}