{"host":"ki5kvxn974a96omm","time":1608515407,"event":{"mods":["BaseMod","Better Altar","Better Match","Better Note","Better Sensory Stone","Better Skull","Colored Map","Colored Powertips","Highlight Path","Minty Spire (QoL Compilation)","Random Character Button","Relic Sorter","StSLib"],"gold_per_floor":[118,118,20,33,51,80,80,107,107,124,2,20,20,40,40,40,40],"floor_reached":16,"playtime":642,"items_purged":[],"score":196,"play_id":"b5efa503-1218-44ec-aec2-047b271e9530","local_time":"20201220205007","is_ascension_mode":true,"campfire_choices":[{"floor":13,"key":"REST"},{"floor":15,"key":"REST"}],"circlet_count":0,"master_deck":["AscendersBane","Strike_B","Strike_B","Strike_B","Strike_B","Defend_B","Defend_B","Defend_B","Defend_B","Zap","Dualcast","Coolheaded","Panacea","Barrage","Sweeping Beam","Ball Lightning","Loop","Conserve Battery","Rainbow","Chill","Genetic Algorithm","Auto Shields"],"relics":["Cracked Core","NeowsBlessing","Bird Faced Urn","Calipers","Bottled Lightning","DataDisk"],"acts_visited":["Exordium"],"potions_floor_usage":[6,6,12,12],"damage_taken":[{"damage":0,"enemies":"2 Louse","floor":1,"turns":1},{"damage":0,"enemies":"Cultist","floor":4,"turns":1},{"damage":0,"enemies":"Jaw Worm","floor":5,"turns":1},{"damage":16,"enemies":"Gremlin Nob","floor":6,"turns":3},{"damage":41,"enemies":"3 Sentries","floor":8,"turns":6},{"damage":8,"enemies":"3 Louse","floor":10,"turns":3},{"damage":0,"enemies":"Looter","floor":12,"turns":3},{"damage":12,"enemies":"Large Slime","floor":14,"turns":5},{"damage":38,"enemies":"Hexaghost","floor":16,"turns":11}],"seed_played":"2741033103751800488","potions_obtained":[{"floor":1,"key":"Fire Potion"},{"floor":8,"key":"PowerPotion"},{"floor":14,"key":"Ancient Potion"}],"is_trial":false,"path_per_floor":["M","?","$","M","M","E","T","E","T","M","$","M","R","M","R","B"],"character_chosen":"DEFECT","items_purchased":["Barrage","FocusPotion","Block Potion","Chill"],"campfire_rested":2,"item_purchase_floors":[3,3,11,11],"current_hp_per_floor":[64,64,64,64,64,48,48,9,9,1,1,3,24,14,35,0,0],"gold":40,"neow_bonus":"THREE_ENEMY_KILL","is_daily":false,"chose_seed":false,"campfire_upgraded":0,"win_rate":0.0,"timestamp":1608515407,"path_taken":["M","?","$","?","M","E","?","E","T","?","$","M","R","M","R","BOSS"],"items_purchased_type":["Card","Potion","Potion","Card"],"build_version":"2020-12-13","purchased_purges":0,"victory":false,"max_hp_per_floor":[71,71,71,71,71,71,71,71,71,71,71,71,71,71,71,71,71],"card_choices":[{"not_picked":["Heatsinks","Redo"],"picked":"Coolheaded","floor":1},{"not_picked":["Madness","Trip"],"picked":"Panacea","floor":2},{"not_picked":["Beam Cell","Auto Shields"],"picked":"Sweeping Beam","floor":4},{"not_picked":["Go for the Eyes","Steam"],"picked":"Ball Lightning","floor":5},{"not_picked":["Barrage","Aggregate"],"picked":"Loop","floor":6},{"not_picked":["Fusion","Static Discharge"],"picked":"Conserve Battery","floor":8},{"not_picked":["Melter","Conserve Battery"],"picked":"Rainbow","floor":10},{"not_picked":["Sweeping Beam","Ball Lightning"],"picked":"Genetic Algorithm","floor":12},{"not_picked":["Rebound","Steam"],"picked":"Auto Shields","floor":14}],"player_experience":1630730,"relics_obtained":[{"floor":6,"key":"Bird Faced Urn"},{"floor":7,"key":"Calipers"},{"floor":8,"key":"Bottled Lightning"},{"floor":9,"key":"DataDisk"}],"event_choices":[{"damage_healed":0,"gold_gain":1,"player_choice":"1","damage_taken":0,"max_hp_gain":0,"max_hp_loss":0,"event_name":"betterStone:BetterStone","floor":2,"gold_loss":0}],"is_beta":false,"boss_relics":[],"items_purged_floors":[],"is_endless":false,"potions_floor_spawned":[1,4,8,14],"killed_by":"Hexaghost","ascension_level":15}}