{"host":"pjgcdp3h1plnbocs","time":1608546235,"event":{"mods":["AchievementEnabler","BaseMod","Colored Map","Highlight Path","Minty Spire (QoL Compilation)"],"gold_per_floor":[119,44,44,44,61,86,86,86,110,110,385,404,79,92,92,92,92],"floor_reached":16,"playtime":392,"items_purged":["Pain","Regret"],"score":192,"play_id":"b591b741-9865-4ebf-806a-23e4633d0a6c","local_time":"20201221112355","is_ascension_mode":true,"campfire_choices":[{"data":"Redo","floor":7,"key":"SMITH"},{"floor":15,"key":"REST"}],"circlet_count":0,"master_deck":["Strike_B","Strike_B","Strike_B+1","Strike_B+1","Defend_B","Defend_B","Defend_B","Defend_B","Zap","Dualcast","Rebound","Gash","Redo+1","Cold Snap","Flash of Steel","FTL","Redo","Redo"],"relics":["Cracked Core","Dead Branch","Gambling Chip","Bronze Scales","Juzu Bracelet"],"acts_visited":["Exordium"],"potions_floor_usage":[16],"damage_taken":[{"damage":8,"enemies":"Jaw Worm","floor":1,"turns":4},{"damage":6,"enemies":"2 Louse","floor":5,"turns":2},{"damage":25,"enemies":"Lagavulin","floor":6,"turns":7},{"damage":2,"enemies":"Cultist","floor":12,"turns":2},{"damage":7,"enemies":"Lots of Slimes","floor":14,"turns":3},{"damage":31,"enemies":"Slime Boss","floor":16,"turns":6}],"seed_played":"2027179091276682045","potions_obtained":[{"floor":1,"key":"FocusPotion"},{"floor":5,"key":"BlessingOfTheForge"}],"is_trial":false,"path_per_floor":["M","$","?","?","M","E","R","?","T","?","?","M","$","M","R","B"],"character_chosen":"DEFECT","items_purchased":["Flash of Steel","FTL","Redo"],"campfire_rested":1,"item_purchase_floors":[13,13,13],"current_hp_per_floor":[60,60,65,49,43,18,18,15,15,15,15,13,13,6,30,0,0],"gold":92,"neow_bonus":"ONE_RARE_RELIC","is_daily":false,"chose_seed":false,"campfire_upgraded":1,"win_rate":0.0,"timestamp":1608546235,"path_taken":["M","$","?","?","M","E","R","?","T","?","?","M","$","M","R","BOSS"],"items_purchased_type":["Card","Card","Card"],"build_version":"2020-12-13","purchased_purges":2,"victory":false,"max_hp_per_floor":[75,75,80,80,80,80,80,80,80,80,80,80,80,80,80,80,80],"card_choices":[{"not_picked":["Tempest","Aggregate"],"picked":"Rebound","floor":1},{"not_picked":["Turbo","Steam Power"],"picked":"Gash","floor":5},{"not_picked":["Melter","White Noise"],"picked":"Redo","floor":6},{"not_picked":["Conserve Battery","Steam"],"picked":"Cold Snap","floor":12},{"not_picked":["Steam","Aggregate"],"picked":"Redo","floor":14}],"player_experience":130707,"relics_obtained":[{"floor":6,"key":"Gambling Chip"},{"floor":9,"key":"Juzu Bracelet"}],"event_choices":[{"damage_healed":0,"gold_gain":0,"player_choice":"Donut","damage_taken":0,"max_hp_gain":5,"max_hp_loss":0,"event_name":"Big Fish","floor":3,"gold_loss":0},{"damage_healed":0,"gold_gain":0,"player_choice":"Entered Light","damage_taken":16,"max_hp_gain":0,"max_hp_loss":0,"event_name":"Shining Light","floor":4,"gold_loss":0,"cards_upgraded":["Strike_B","Strike_B"]},{"damage_healed":0,"gold_gain":0,"player_choice":"Success","damage_taken":3,"relics_obtained":["Bronze Scales"],"max_hp_gain":0,"max_hp_loss":0,"event_name":"Scrap Ooze","floor":8,"gold_loss":0},{"damage_healed":0,"gold_gain":0,"player_choice":"Ignored","damage_taken":0,"max_hp_gain":0,"max_hp_loss":0,"event_name":"Liars Game","floor":10,"gold_loss":0},{"damage_healed":0,"gold_gain":275,"player_choice":"Desecrate","damage_taken":0,"max_hp_gain":0,"max_hp_loss":0,"event_name":"Golden Shrine","floor":11,"gold_loss":0,"cards_obtained":["Regret"]}],"is_beta":false,"boss_relics":[],"items_purged_floors":[2,13],"is_endless":false,"potions_floor_spawned":[1,5],"killed_by":"Slime Boss","ascension_level":6}}