{"host":"yuhy0i501zzmn1iz","time":1608532358,"event":{"mods":["AchievementEnabler","AlwaysNeverKeys","BaseMod","Bestiary","Better Match","Better Third Choice","Curses Come First","Downfall","Minty Spire (QoL Compilation)","StSLib","The Blue Laboratory","slay the spire mod where everything is the same but ironclad has a cowboy hat"],"gold_per_floor":[99,9,36,486,486,561,585,600,123,135,151,168,168,268,285,389,389,164,179,205,221,221,621,621,641,641,675,690,26,44,58,74,169,169,169,169,202,212,212,212,212,224,267,279,305,336,363,394,425,437],"floor_reached":51,"playtime":4525,"items_purged":["Clumsy","Slimebound:Icky","Normality"],"score":756,"play_id":"35162af7-a6cb-4137-b5aa-5098f1e34bb1","local_time":"20201221013238","is_ascension_mode":false,"campfire_choices":[{"data":"Guardian:CompilePackage","floor":1,"key":"SMITH"},{"data":"Guardian:PrismaticBeam","floor":5,"key":"SMITH"},{"data":"Guardian:TimeCapacitor","floor":18,"key":"SMITH"},{"data":"Guardian:TimeSifter","floor":22,"key":"SMITH"},{"data":"Guardian:SphericShield","floor":35,"key":"SMITH"},{"floor":40,"key":"REST"},{"data":"Guardian:PolyBeam","floor":42,"key":"SMITH"},{"data":"Guardian:GemFinder","floor":44,"key":"SMITH"}],"circlet_count":0,"master_deck":["Guardian:Strike_Guardian","Guardian:Strike_Guardian","Guardian:Strike_Guardian","Guardian:Strike_Guardian","Guardian:Defend_Guardian+1","Guardian:Defend_Guardian","Guardian:Defend_Guardian","Guardian:CurlUp","Guardian:TwinSlam","Guardian:CompilePackage+1","Guardian:TimeCapacitor+1","Guardian:PrismaticBeam+1","Slimebound:Icky","Slimebound:Icky","Guardian:Emergency","Secret Weapon","Guardian:FuturePlans","Guardian:ChargeCore","Guardian:ChargeCore","Guardian:TimeSifter+1","Guardian:BronzeOrb","Guardian:RollAttack","PanicButton","Guardian:CrystalBeam","Guardian:FuturePlans","Guardian:FastForward","Guardian:BronzeArmor+1","Guardian:PrimingBeam","Guardian:SphericShield+1","Slimebound:CheckThePlaybook+1","Slimebound:Icky","Guardian:PrimingBeam","Guardian:PolyBeam+1","Guardian:StasisField","Guardian:BaubleBeam","Guardian:BaubleBeam","Guardian:DonusPower","Guardian:FastForward","Guardian:SpikerProtocol+1","Guardian:Incinerate","Guardian:GemFinder+1","Guardian:ShieldSpikes","Guardian:PrismaticBarrier+1","Guardian:Gem_Cyan","Guardian:Gem_Lightblue","Guardian:Clone","Guardian:EvasiveProtocol","Guardian:GuardianWhirl","Guardian:Gem_Red","Guardian:BronzeArmor+1"],"relics":["Guardian:ModeShifter","Boot","Centennial Puzzle","Smiling Mask","downfall:GremlinSack","Guardian:StasisSlotReductionRelic","downfall:HeartBlessingRed","downfall:HeartBlessingGreen","downfall:HeartBlessingBlue","Art of War","Old Coin","Matryoshka","Bag of Preparation","The Courier","Mercury Hourglass","Du-Vu Doll","Philosopher\u0027s Stone","War Paint","downfall:TeleportStone","MawBank","White Beast Statue","Pen Nib"],"acts_visited":["Exordium","TheCity","TheBeyond"],"potions_floor_usage":[14,16,21,23,27,32,46],"damage_taken":[{"damage":0,"enemies":"downfall:FleeingMerchant","floor":2,"turns":4},{"damage":4,"enemies":"3 Sentries","floor":3,"turns":10},{"damage":4,"enemies":"Small Slimes","floor":8,"turns":3},{"damage":9,"enemies":"downfall:FleeingMerchant","floor":9,"turns":4},{"damage":5,"enemies":"Cultist","floor":10,"turns":3},{"damage":2,"enemies":"Jaw Worm","floor":11,"turns":2},{"damage":0,"enemies":"Large Slime","floor":12,"turns":4},{"damage":3,"enemies":"Large Slime","floor":14,"turns":3},{"damage":13,"enemies":"Lots of Slimes","floor":15,"turns":2},{"damage":34,"enemies":"downfall:Silent","floor":16,"turns":13},{"damage":0,"enemies":"Shell Parasite","floor":19,"turns":3},{"damage":10,"enemies":"3 Cultists","floor":21,"turns":5},{"damage":30,"enemies":"Colosseum Nobs","floor":23,"turns":6},{"damage":0,"enemies":"Shelled Parasite and Fungi","floor":25,"turns":2},{"damage":15,"enemies":"Slavers","floor":27,"turns":5},{"damage":4,"enemies":"Chosen and Byrds","floor":28,"turns":4},{"damage":0,"enemies":"downfall:FleeingMerchant","floor":29,"turns":4},{"damage":9,"enemies":"Snake Plant","floor":30,"turns":3},{"damage":0,"enemies":"Centurion and Healer","floor":31,"turns":1},{"damage":0,"enemies":"Chosen and Byrds","floor":32,"turns":3},{"damage":19,"enemies":"downfall:Defect","floor":33,"turns":7},{"damage":25,"enemies":"Reptomancer","floor":37,"turns":4},{"damage":12,"enemies":"3 Shapes","floor":38,"turns":2},{"damage":3,"enemies":"Nemesis","floor":43,"turns":5},{"damage":0,"enemies":"Orb Walker","floor":45,"turns":2},{"damage":19,"enemies":"3 Darklings","floor":46,"turns":3},{"damage":0,"enemies":"4 Shapes","floor":47,"turns":3},{"damage":0,"enemies":"Spire Growth","floor":48,"turns":3},{"damage":3,"enemies":"Writhing Mass","floor":49,"turns":2},{"damage":20,"enemies":"downfall:Ironclad","floor":50,"turns":9}],"seed_played":"-2648203942127449248","potions_obtained":[{"floor":3,"key":"blueLaboratory:PyrophylliteBrew"},{"floor":6,"key":"downfall:CursedFountainPotion"},{"floor":10,"key":"Swift Potion"},{"floor":14,"key":"Guardian:AcceleratePotion"},{"floor":15,"key":"blueLaboratory:NullPotion"},{"floor":16,"key":"Weak Potion"},{"floor":19,"key":"SkillPotion"},{"floor":27,"key":"blueLaboratory:BottleOfRum"},{"floor":31,"key":"Explosive Potion"},{"floor":33,"key":"SteroidPotion"},{"floor":37,"key":"EntropicBrew"},{"floor":43,"key":"blueLaboratory:PyrophylliteBrew"},{"floor":45,"key":"hexamod:EctoCoolerPotion"},{"floor":46,"key":"Strength Potion"}],"is_trial":false,"path_per_floor":["R","$","E","?","R","?","T","M","$","M","M","M","T","?","M","B",null,"R","M","T","M","R","?","T","M","?","E","M","$","M","M","M","B",null,"R","?","E","M","?","R","T","R","E","R","M","M","M","M","M","B",null],"character_chosen":"GUARDIAN","items_purchased":["Guardian:Gem_Fragmented","Guardian:Emergency","Secret Weapon","Guardian:FuturePlans","Guardian:StasisField","Guardian:BaubleBeam","Du-Vu Doll","Guardian:BaubleBeam","Guardian:DonusPower"],"campfire_rested":1,"item_purchase_floors":[9,9,9,9,29,29,29,29,29],"current_hp_per_floor":[80,80,76,76,76,80,80,76,67,62,60,60,60,57,44,10,80,90,90,90,80,80,50,50,50,50,35,31,31,22,22,22,3,90,90,90,65,53,53,80,80,80,77,77,77,58,58,58,55,35],"gold":449,"neow_bonus":"THREE_RARE_CARDS","is_daily":false,"chose_seed":false,"campfire_upgraded":7,"win_rate":0.0,"timestamp":1608532358,"path_taken":["R","$","E","?","R","?","T","?","$","M","M","M","?","?","M","BOSS","R","?","?","M","R","?","T","M","?","E","M","$","?","M","M","BOSS","R","?","E","M","?","R","T","R","E","R","M","M","M","?","M","BOSS"],"items_purchased_type":["Card","Card","Card","Card","Card","Card","Relic","Card","Card"],"build_version":"2020-12-13","purchased_purges":3,"victory":true,"max_hp_per_floor":[80,80,80,80,80,80,80,80,80,80,80,80,80,80,80,80,80,90,90,90,90,90,90,90,90,90,90,90,90,90,90,90,90,90,90,90,90,90,90,90,90,90,90,90,90,90,90,90,90,90],"card_choices":[{"not_picked":["Guardian:ConstructionForm","Guardian:GemFire"],"picked":"Guardian:CompilePackage","floor":0},{"not_picked":["Guardian:Planning","Guardian:PrimingBeam"],"picked":"Guardian:TimeCapacitor","floor":2},{"not_picked":["Guardian:TimeBomb","Guardian:Harden"],"picked":"Guardian:PrismaticBeam","floor":3},{"not_picked":["Guardian:Suspension","Guardian:ShieldSpikes"],"picked":"Guardian:Gem_Purple","floor":8},{"not_picked":["Guardian:ShieldSpikes","Guardian:Reroute"],"picked":"Guardian:Gem_Blue","floor":9},{"not_picked":["Guardian:Gem_Cyan","Guardian:WalkerClaw"],"picked":"Guardian:Gem_Blue","floor":10},{"not_picked":["Guardian:Reroute","Guardian:Gem_Cyan"],"picked":"Guardian:ChargeCore","floor":11},{"not_picked":["Guardian:Recover","Guardian:TemporalStrike"],"picked":"Guardian:ChargeCore","floor":12},{"not_picked":["Guardian:RollAttack","Guardian:Incinerate"],"picked":"Guardian:CrystalBeam","floor":14},{"not_picked":["Guardian:VentSteam","Guardian:WalkerClaw"],"picked":"Guardian:FuturePlans","floor":15},{"not_picked":["Guardian:ConstructionForm","Guardian:TimeSifter"],"picked":"Guardian:FastForward","floor":16},{"not_picked":["Guardian:Gem_Blue","Guardian:VentSteam"],"picked":"Guardian:BronzeArmor+1","floor":19},{"not_picked":["Guardian:Recover","Guardian:ShieldCharger"],"picked":"Guardian:Gem_Green","floor":21},{"not_picked":["Guardian:CrystalBeam+1","Guardian:Incinerate"],"picked":"Guardian:PrimingBeam","floor":23},{"not_picked":["Guardian:Recover+1","Guardian:Gem_Cyan"],"picked":"Guardian:SphericShield","floor":25},{"not_picked":["Guardian:Reroute","Guardian:RollAttack+1"],"picked":"Guardian:Gem_Green","floor":27},{"not_picked":["Guardian:Repulse","Guardian:Planning"],"picked":"Guardian:PrimingBeam","floor":28},{"not_picked":["Guardian:WalkerClaw","Guardian:Incinerate+1"],"picked":"Guardian:PolyBeam","floor":29},{"not_picked":["Guardian:Planning","Guardian:Gem_Lightblue"],"picked":"Guardian:FastForward","floor":30},{"not_picked":["Guardian:CrystalBeam","Guardian:ShieldCharger"],"picked":"Guardian:SpikerProtocol+1","floor":31},{"not_picked":["Guardian:Suspension","Guardian:Reroute"],"picked":"Guardian:Incinerate","floor":32},{"not_picked":["Guardian:FastForward","Guardian:StasisStrike"],"picked":"Guardian:GemFinder","floor":33},{"not_picked":["Guardian:Gem_Red","Guardian:Gem_Green"],"picked":"Guardian:Gem_Lightblue","floor":37},{"not_picked":["Guardian:BronzeArmor","Guardian:ShieldCharger"],"picked":"Guardian:Gem_Cyan","floor":37},{"not_picked":["Guardian:TemporalStrike+1","Guardian:Harden"],"picked":"Guardian:ShieldSpikes","floor":38},{"not_picked":["Guardian:Orbwalk+1","Guardian:TemporalShield+1"],"picked":"Guardian:PrismaticBarrier+1","floor":43},{"not_picked":["Guardian:CrystalBeam+1","Guardian:PrismaticBeam"],"picked":"Guardian:Gem_Cyan","floor":45},{"not_picked":["Guardian:Gem_Green","Guardian:Gem_Cyan"],"picked":"Guardian:Gem_Lightblue","floor":46},{"not_picked":["Guardian:Recover","Guardian:BronzeArmor"],"picked":"Guardian:Clone","floor":46},{"not_picked":["Guardian:TemporalStrike","Guardian:WalkerClaw+1"],"picked":"Guardian:EvasiveProtocol","floor":47},{"not_picked":["Guardian:FuturePlans","Guardian:Reroute"],"picked":"Guardian:GuardianWhirl","floor":48},{"not_picked":["Guardian:Gem_Lightblue","Guardian:Gem_Green"],"picked":"Guardian:Gem_Red","floor":49},{"not_picked":["Guardian:Incinerate","Guardian:SentryBeam+1"],"picked":"Guardian:BronzeArmor+1","floor":49}],"player_experience":219256,"relics_obtained":[{"floor":3,"key":"Boot"},{"floor":7,"key":"Centennial Puzzle"},{"floor":13,"key":"Smiling Mask"},{"floor":14,"key":"downfall:GremlinSack"},{"floor":20,"key":"Art of War"},{"floor":23,"key":"Old Coin"},{"floor":23,"key":"Matryoshka"},{"floor":24,"key":"Bag of Preparation"},{"floor":24,"key":"The Courier"},{"floor":27,"key":"Mercury Hourglass"},{"floor":37,"key":"War Paint"},{"floor":41,"key":"MawBank"},{"floor":41,"key":"White Beast Statue"},{"floor":43,"key":"Pen Nib"}],"event_choices":[{"cards_removed":["Guardian:Defend_Guardian"],"damage_healed":0,"gold_gain":0,"player_choice":"Removed Skill","damage_taken":0,"max_hp_gain":0,"max_hp_loss":0,"event_name":"Falling","floor":36,"gold_loss":0}],"is_beta":false,"boss_relics":[{"not_picked":["Tiny House","Busted Crown"],"picked":"Guardian:StasisSlotReductionRelic"},{"not_picked":["Black Star","Pandora\u0027s Box"],"picked":"Philosopher\u0027s Stone"}],"items_purged_floors":[2,9,29],"is_endless":false,"potions_floor_spawned":[3,10,14,15,16,19,27,31,33,37,38,43,45,46,47,48,49],"ascension_level":0}}