{"host":"Charlie","time":1608517441,"event":{"mods":["Aspiration","BaseMod","Better Match","Better Skull","Better Third Choice","BetterRewards","ChefMod","Colored Map","Colored Powertips","Conspire","Curses Come First","Downfall","Ekko","Friendly Minions","Halation","Hermit","Hubris","Infinite Spire","Luminous","Melee Mod","Minty Spire (QoL Compilation)","Quick Restart","Rare Cards Sparkle","Relic Stats","Robot Space Explorer","Shade Mod","Spicy Shops","StSLib","SuperFastMode","Synergy Search","The Animator","The Blue Laboratory","The Cursed","The Dragon Tamer","The Factory","The Gatherer","The Jungle","The Marked","The Necromancer","Unceasing Turn Reminder","vexMod"],"gold_per_floor":[111,111,111,19,33,65,65,77,159,171,185,85,119,135,135,239,239,255,255,255,275,275,275],"floor_reached":22,"playtime":932,"items_purged":["theMarked:Strike","theMarked:Strike","theMarked:Defend"],"score":221,"play_id":"2596e7fb-30c0-45e6-9513-203a73d6e479","local_time":"20201220182401","is_ascension_mode":false,"campfire_choices":[{"data":"theMarked:ThrowWeapon","floor":7,"key":"SMITH"}],"circlet_count":0,"master_deck":["theMarked:Strike","theMarked:Strike","theMarked:Strike+1","theMarked:Defend","theMarked:Defend","theMarked:Defend","theMarked:SoldierOfQuellstein+1","Panache","theMarked:ThrowWeapon+1","theMarked:Electrify","theMarked:RogueSparks","theMarked:MagicAdept","theMarked:EternalStudent","theMarked:Reabsorb+1","infinitespire:Starlight"],"relics":["theMarked:ArtifactOfAir","NeowsBlessing","aspiration:HiddenCompartment","aspiration:StickyExplosives_weak","Art of War","theMarked:SpiritSword","infinitespire:ShieldingShard"],"acts_visited":["Exordium","TheCity"],"potions_floor_usage":[10,13],"damage_taken":[{"damage":0,"enemies":"conspire:RoseBush","floor":1,"turns":1},{"damage":0,"enemies":"2 Louse","floor":5,"turns":1},{"damage":0,"enemies":"Lagavulin","floor":6,"turns":2},{"damage":1,"enemies":"Jaw Worm","floor":8,"turns":3},{"damage":0,"enemies":"Gremlin Gang","floor":10,"turns":4},{"damage":13,"enemies":"3 Louse","floor":11,"turns":2},{"damage":14,"enemies":"Gremlin Nob","floor":13,"turns":3},{"damage":10,"enemies":"Looter","floor":14,"turns":3},{"damage":14,"enemies":"Slime Boss","floor":16,"turns":7},{"damage":25,"enemies":"2 Thieves","floor":18,"turns":3},{"damage":34,"enemies":"conspire:FuzzyDice","floor":21,"turns":6},{"damage":25,"enemies":"Snake Plant","floor":22,"turns":2}],"seed_played":"-2986927129266062102","potions_obtained":[{"floor":1,"key":"SkillPotion"},{"floor":5,"key":"blueLaboratory:CorrosionFlask"},{"floor":10,"key":"blueLaboratory:ExaltedPotion"},{"floor":16,"key":"blueLaboratory:Moonshine"},{"floor":18,"key":"blueLaboratory:BubblePotion"},{"floor":21,"key":"BlessingOfTheForge"}],"is_trial":false,"path_per_floor":["M","?","?","$","M","E","R","M","T","M","M","$","E","M","R","B",null,"M","?","AVR","M","M"],"character_chosen":"THE_DEFAULT","items_purchased":["Panache"],"campfire_rested":0,"item_purchase_floors":[4],"current_hp_per_floor":[70,70,70,70,70,70,70,69,69,69,56,56,42,32,32,18,70,45,45,45,21,0,0],"gold":275,"neow_bonus":"THREE_ENEMY_KILL","is_daily":false,"chose_seed":false,"campfire_upgraded":1,"win_rate":0.0,"timestamp":1608517441,"path_taken":["M","?","?","$","M","E","R","M","T","M","M","$","E","M","R","BOSS","M","?","AVR","?","M"],"items_purchased_type":["Card"],"build_version":"2020-12-18","purchased_purges":3,"victory":false,"max_hp_per_floor":[70,70,70,70,70,70,70,70,70,70,70,70,70,70,70,70,70,70,70,70,70,70,70],"relic_stats":{"counters":[12,37],"Art of War":[3],"obtain_stats":[{"theMarked:ArtifactOfAir":0,"infinitespire:ShieldingShard":20,"NeowsBlessing":0,"theMarked:SpiritSword":17,"Art of War":13,"aspiration:HiddenCompartment":6,"aspiration:StickyExplosives_weak":9},{"theMarked:ArtifactOfAir":0,"infinitespire:ShieldingShard":10,"NeowsBlessing":0,"theMarked:SpiritSword":9,"Art of War":7,"aspiration:HiddenCompartment":3,"aspiration:StickyExplosives_weak":4},{"theMarked:ArtifactOfAir":0,"infinitespire:ShieldingShard":29,"NeowsBlessing":0,"theMarked:SpiritSword":26,"Art of War":16,"aspiration:HiddenCompartment":4,"aspiration:StickyExplosives_weak":7}]},"card_choices":[{"not_picked":["theMarked:SwordAndMagic","theMarked:HeightenedSenses","theMarked:Static"],"picked":"SKIP","floor":1},{"not_picked":["theMarked:BanishingStrike","theMarked:Improvise","theMarked:ResourceFulStrike"],"picked":"SKIP","floor":5},{"not_picked":["theMarked:EmpowerWeapon","theMarked:ChainLightning"],"picked":"theMarked:ThrowWeapon","floor":6},{"not_picked":["theMarked:Static","theMarked:BanishingStrike","theMarked:SwordAndMagic"],"picked":"SKIP","floor":8},{"not_picked":["theMarked:Aftermath","theMarked:WastefulAttack"],"picked":"theMarked:Electrify","floor":10},{"not_picked":["theMarked:RepellingDischarge","theMarked:WastefulDefense"],"picked":"theMarked:RogueSparks","floor":11},{"not_picked":["theMarked:Reabsorb","theMarked:CreepingChasm"],"picked":"theMarked:MagicAdept","floor":13},{"not_picked":["theMarked:ParalyzingBlade","theMarked:TakeCover","theMarked:ChainLightning"],"picked":"SKIP","floor":14},{"not_picked":["theMarked:UnarmedFury","theMarked:DispelDoubt"],"picked":"theMarked:EternalStudent","floor":16},{"not_picked":["theMarked:TwofoldDefense+1","theMarked:HeritageOfTheMarked"],"picked":"theMarked:Reabsorb+1","floor":18},{"not_picked":["theMarked:Improvise","theMarked:WardOff","theMarked:LightningStrikesTwice"],"picked":"SKIP","floor":21}],"player_experience":436269,"relics_obtained":[{"floor":6,"key":"aspiration:HiddenCompartment"},{"floor":9,"key":"aspiration:StickyExplosives_weak"},{"floor":13,"key":"Art of War"}],"event_choices":[{"damage_healed":0,"gold_gain":0,"player_choice":"Grow","damage_taken":0,"max_hp_gain":0,"max_hp_loss":0,"event_name":"Living Wall","floor":2,"gold_loss":0,"cards_upgraded":["theMarked:SoldierOfQuellstein"]},{"damage_healed":0,"gold_gain":0,"player_choice":"Bought 0 Potions","damage_taken":0,"max_hp_gain":0,"max_hp_loss":0,"event_name":"The Woman in Blue","floor":19,"gold_loss":0}],"is_beta":true,"boss_relics":[{"not_picked":["halation:ForbiddenBikini","hubris:RunicObelisk"],"picked":"theMarked:SpiritSword"}],"items_purged_floors":[4,12,20],"is_endless":false,"potions_floor_spawned":[1,5,10,16,18,21],"killed_by":"Snake Plant","ascension_level":0}}