{"host":"l8lkgdumzpe3823a","time":1608521314,"event":{"mods":["Aspiration","BaseMod","Better Note","Colored Powertips","Curses Come First","Custom Start","DeckTracker","Defuse TimeMaze Blight","Highlight Path","Hubris","Infinite Spire","Minty Spire (QoL Compilation)","Quick Restart","Replay The Spire","Shop Mod","StSLib","SuperFastMode","The Construct","The Dragon Tamer","vexMod"],"gold_per_floor":[113,188,188,37,37,37,50,50,50,50,61,74,91,119,119,119,119],"floor_reached":16,"playtime":375,"items_purged":[],"score":100,"play_id":"a8209171-9162-4420-878e-04be82c3efda","local_time":"20201220212834","is_ascension_mode":false,"campfire_choices":[{"floor":6,"key":"RECALL"},{"data":"Strike_B","floor":10,"key":"SMITH"},{"data":"Go for the Eyes","floor":15,"key":"SMITH"}],"circlet_count":0,"master_deck":["Strike_B","Strike_B","Strike_B+1","Defend_B","Defend_B","Defend_B","Zap+1","Dualcast","Coolheaded","Go for the Eyes+1"],"relics":["Cracked Core","NeowsBlessing","Lee\u0027s Waffle","HornCleat","Happy Flower"],"acts_visited":["Exordium"],"potions_floor_usage":[14,16],"damage_taken":[{"damage":0,"enemies":"2 Louse","floor":1,"turns":1},{"damage":0,"enemies":"Small Slimes","floor":7,"turns":1},{"damage":0,"enemies":"Cultist","floor":11,"turns":1},{"damage":9,"enemies":"3 Louse","floor":12,"turns":3},{"damage":1,"enemies":"Red Slaver","floor":13,"turns":3},{"damage":6,"enemies":"Lagavulin","floor":14,"turns":7},{"damage":81,"enemies":"Fading Forest","floor":16,"turns":9}],"seed_played":"6141905867742826382","potions_obtained":[{"floor":1,"key":"Weak Potion"},{"floor":7,"key":"Elixir"},{"floor":13,"key":"BlessingOfTheForge"}],"is_trial":false,"path_per_floor":["M","?","?","$","?","R","M","?","T","R","M","M","M","E","R","B"],"character_chosen":"DEFECT","items_purchased":["Lee\u0027s Waffle"],"campfire_rested":0,"item_purchase_floors":[4],"current_hp_per_floor":[75,64,57,82,82,82,82,82,82,82,82,73,72,66,66,0,0],"gold":119,"neow_bonus":"THREE_ENEMY_KILL","is_daily":false,"chose_seed":false,"campfire_upgraded":2,"win_rate":0.0,"timestamp":1608521314,"path_taken":["M","?","?","$","?","R","?","?","T","R","M","M","M","E","R","BOSS"],"items_purchased_type":["Relic"],"build_version":"2020-12-13","purchased_purges":0,"victory":false,"max_hp_per_floor":[75,75,75,82,82,82,82,82,82,82,82,82,82,82,82,82,82],"card_choices":[{"not_picked":["Sweeping Beam","Turbo","Lockon"],"picked":"SKIP","floor":1},{"not_picked":["Stack","Turbo","Tempest"],"picked":"SKIP","floor":7},{"not_picked":["Turbo","Amplify"],"picked":"Coolheaded","floor":11},{"not_picked":["Rip and Tear","Cold Snap","Stack"],"picked":"SKIP","floor":12},{"not_picked":["Chaos","Streamline"],"picked":"Go for the Eyes","floor":13},{"not_picked":["BasicCrystalCard","Reprogram","Coolheaded"],"picked":"SKIP","floor":14}],"player_experience":574917,"relics_obtained":[{"floor":9,"key":"HornCleat"},{"floor":14,"key":"Happy Flower"}],"event_choices":[{"damage_healed":0,"gold_gain":75,"player_choice":"Gather Gold","damage_taken":11,"max_hp_gain":0,"max_hp_loss":0,"event_name":"World of Goop","floor":2,"gold_loss":0},{"cards_removed":["Strike_B"],"damage_healed":0,"gold_gain":0,"player_choice":"Card Removal","damage_taken":7,"max_hp_gain":0,"max_hp_loss":0,"event_name":"Golden Wing","floor":3,"gold_loss":0},{"damage_healed":0,"gold_gain":0,"player_choice":"Forge","damage_taken":0,"max_hp_gain":0,"max_hp_loss":0,"event_name":"Accursed Blacksmith","floor":5,"gold_loss":0,"cards_upgraded":["Zap"]},{"cards_removed":["Defend_B"],"damage_healed":0,"gold_gain":0,"player_choice":"Purged","damage_taken":0,"max_hp_gain":0,"max_hp_loss":0,"event_name":"Purifier","floor":8,"gold_loss":0}],"is_beta":false,"boss_relics":[],"items_purged_floors":[],"is_endless":false,"potions_floor_spawned":[1,7,13],"killed_by":"Fading Forest","ascension_level":0}}