{"host":"zm2copjc1o2b6hjv","time":1608582686,"event":{"mods":["AchievementEnabler","BaseMod","Conspire","Downfall","Friendly Minions","Infinite Spire","Minty Spire (QoL Compilation)","Replay The Spire","StSLib"],"gold_per_floor":[99,99,99,49,49,49,74,111,223,110,122,148,260,286,311,423,435,347,370,282,294,306,318,380,292,320,282,314,340,363,407,439,554,666,628,660,672,711,673,685,746,708,738,700,712,735,762,774,800,812],"floor_reached":51,"playtime":2684,"items_purged":["Writhe"],"score":780,"play_id":"ab46c038-02f0-4eda-8b17-3bd796cb5046","local_time":"20201221153126","is_ascension_mode":true,"campfire_choices":[{"data":"Slimebound:Tackle","floor":1.0,"key":"PURGE"},{"floor":4.0,"key":"RECALL"},{"data":"Slimebound:Split","floor":6.0,"key":"SMITH"},{"data":"Slimebound:Recollect","floor":10.0,"key":"SMITH"},{"data":"Slimebound:MassFeed","floor":18.0,"key":"SMITH"},{"data":"Slimebound:FormOfPuddle","floor":20.0,"key":"SMITH"},{"data":"Slimebound:Defend_Slimebound","floor":25.0,"key":"SMITH"},{"data":"Slimebound:Defend_Slimebound","floor":27.0,"key":"SMITH"},{"floor":35.0,"key":"DIG"},{"data":"Slimebound:LeadByExample","floor":39.0,"key":"SMITH"},{"data":"Slimebound:SlimeBarrage","floor":42,"key":"SMITH"},{"data":"Slimebound:Defend_Slimebound","floor":44,"key":"SMITH"}],"circlet_count":0,"master_deck":["Slimebound:Strike_Slimebound","Slimebound:Strike_Slimebound","Slimebound:Strike_Slimebound","Slimebound:Defend_Slimebound","Slimebound:Defend_Slimebound+3","Slimebound:Split+1","Slimebound:Prepare","Slimebound:ItLooksTasty","Slimebound:SplitMire+1","Slimebound:Recollect+1","Slimebound:RallyTheTroops","Slimebound:FormOfPuddle+1","Slimebound:MassFeed+1","Slimebound:LeechEnergy+1","Slimebound:MegaLick","Slimebound:SlimeBarrage+1","Slimebound:LeadByExample+1","Slimebound:DisruptingSlam+1","Slimebound:Recollect","Slimebound:WasteNot","Slimebound:Replication+1","Slimebound:SplitLeeching+1","Overencumbered","Slimebound:Nibble+1"],"relics":["Slimebound:AbsorbEndCombat","downfall:HeartsMalice","Slimebound:GreedOozeRelic","MawBank","Meat on the Bone","downfall:HeartBlessingRed","infinitespire:WardingShard","downfall:GremlinWheel","Cursed Key","Gremlin Horn","Simple Rune","Mirror","Replay:Wanted Poster","infinitespire:Beetle Shell","infinitespire:Magic Flask","Empty Cage","infinitespire:PuzzleCube","Guardian:PocketSentry","downfall:TeleportStone"],"acts_visited":["Exordium","TheCity","TheBeyond"],"potions_floor_usage":[43],"damage_taken":[{"damage":0.0,"enemies":"Jaw Worm","floor":3.0,"turns":1.0},{"damage":0.0,"enemies":"2 Louse","floor":5.0,"turns":1.0},{"damage":0.0,"enemies":"Lagavulin","floor":8.0,"turns":1.0},{"damage":30.0,"enemies":"downfall:Heads","floor":9.0,"turns":5.0},{"damage":12.0,"enemies":"Small Slimes","floor":12.0,"turns":2.0},{"damage":27.0,"enemies":"Small Slimes","floor":13.0,"turns":3.0},{"damage":21.0,"enemies":"Exordium Thugs","floor":14.0,"turns":3.0},{"damage":12.0,"enemies":"2 Fungi Beasts","floor":15.0,"turns":2.0},{"damage":34.0,"enemies":"downfall:Ironclad","floor":16.0,"turns":6.0},{"damage":12.0,"enemies":"Spheric Guardian","floor":19.0,"turns":3.0},{"damage":26.0,"enemies":"Snake Plant","floor":26.0,"turns":2.0},{"damage":8.0,"enemies":"Centurion and Healer","floor":28.0,"turns":4.0},{"damage":7.0,"enemies":"conspire:HollyBat","floor":29.0,"turns":5.0},{"damage":17.0,"enemies":"Snake Plant","floor":30.0,"turns":3.0},{"damage":12.0,"enemies":"conspire:MimicChest","floor":31.0,"turns":5.0},{"damage":8.0,"enemies":"Chosen and Byrds","floor":32.0,"turns":4.0},{"damage":44.0,"enemies":"downfall:Silent","floor":33.0,"turns":6.0},{"damage":12.0,"enemies":"3 Darklings","floor":36.0,"turns":3.0},{"damage":39.0,"enemies":"Giant Head","floor":38.0,"turns":8.0},{"damage":12,"enemies":"3 Shapes","floor":43,"turns":1},{"damage":41,"enemies":"3 Darklings","floor":46,"turns":3},{"damage":31,"enemies":"Sphere and 2 Shapes","floor":47,"turns":2},{"damage":24,"enemies":"Spire Growth","floor":49,"turns":3},{"damage":22,"enemies":"downfall:Defect","floor":50,"turns":5}],"seed_played":"-8189321459988476913","potions_obtained":[{"floor":8.0,"key":"Venom Potion"},{"floor":12.0,"key":"FearPotion"},{"floor":13.0,"key":"Block Potion"},{"floor":16.0,"key":"DuplicationPotion"},{"floor":23.0,"key":"downfall:CursedFountainPotion"},{"floor":26.0,"key":"Regen Potion"},{"floor":30.0,"key":"Swift Potion"},{"floor":31.0,"key":"Venom Potion"},{"floor":32.0,"key":"Dexterity Potion"},{"floor":33.0,"key":"Elixir"},{"floor":36.0,"key":"SteroidPotion"},{"floor":38.0,"key":"AttackPotion"},{"floor":46,"key":"sneckomod:MuddlingPotion"}],"is_trial":false,"path_per_floor":["R","?","M","R","M","R","T","E","?","R","T","M","?","M","M","B",null,"R","M","R","?","?","?","T","R","M","R","M","M","M","?","M","B",null,"R","M","AVR","E","R","?","T","R","M","R","?","M","M","?","M","B",null],"character_chosen":"SLIMEBOUND","items_purchased":[],"campfire_rested":0,"item_purchase_floors":[],"current_hp_per_floor":[60,60,60,60,60,60,60,60,60,60,60,60,56,60,60,60,60,60,60,60,60,60,60,60,60,50,50,64,64,55,68,68,56,68,68,68,68,68,68,68,68,68,64,64,64,51,56,56,60,80],"gold":824,"neow_bonus":"THREE_ENEMY_KILL","is_daily":false,"chose_seed":false,"campfire_upgraded":9,"win_rate":0.0,"timestamp":1608582686,"path_taken":["R","?","M","R","M","R","T","E","?","R","?","?","?","M","M","BOSS","R","M","R","?","?","?","T","R","M","R","M","?","M","?","M","BOSS","R","M","AVR","E","R","?","T","R","M","R","?","?","M","?","M","BOSS"],"items_purchased_type":[],"build_version":"2020-12-13","purchased_purges":1,"victory":true,"max_hp_per_floor":[60,60,60,60,60,60,60,60,60,60,60,60,60,60,60,60,60,60,60,60,60,60,60,60,60,60,60,64,64,64,68,68,68,68,68,68,68,68,68,68,68,68,76,76,76,76,76,76,76,80],"card_choices":[{"not_picked":["Slimebound:SlimeSpikes","Slimebound:Chomp"],"picked":"Slimebound:Prepare","floor":3.0},{"not_picked":["Slimebound:ViciousTackle","Slimebound:SplitBruiser"],"picked":"Slimebound:ItLooksTasty","floor":5.0},{"not_picked":["Slimebound:SplitBruiser","Slimebound:ViciousTackle"],"picked":"Slimebound:SplitMire","floor":8.0},{"not_picked":["Slimebound:Chomp","Slimebound:SplitMire"],"picked":"Slimebound:Recollect","floor":9.0},{"not_picked":["Slimebound:RollThrough","Slimebound:Nibble"],"picked":"Slimebound:RallyTheTroops","floor":12.0},{"not_picked":["Slimebound:SlimeSpikes","Slimebound:Equalize"],"picked":"Slimebound:FormOfPuddle","floor":14.0},{"not_picked":["Slimebound:GoopTackle","Slimebound:LeechingTouch","Slimebound:Schlurp"],"picked":"SKIP","floor":15.0},{"not_picked":["Slimebound:CheckThePlaybook","Slimebound:TagTeam"],"picked":"Slimebound:MassFeed","floor":16.0},{"not_picked":["Slimebound:FormOfPuddle","Slimebound:ForwardTackle"],"picked":"Slimebound:LeechEnergy+1","floor":19.0},{"not_picked":["Slimebound:SlimeBarrage","Slimebound:Nibble"],"picked":"Slimebound:MegaLick","floor":26.0},{"not_picked":["Slimebound:Nibble","Slimebound:ForwardTackle"],"picked":"Slimebound:SlimeBarrage","floor":28.0},{"not_picked":["Slimebound:SplitBruiser","Slimebound:RollThrough"],"picked":"Slimebound:LeadByExample","floor":29.0},{"not_picked":["Slimebound:FinishingTackle","Slimebound:DivideAndConquer"],"picked":"Slimebound:DisruptingSlam+1","floor":30.0},{"not_picked":["Slimebound:SplitLeeching","Slimebound:LivingWall"],"picked":"Slimebound:Recollect","floor":32.0},{"not_picked":["Slimebound:PrepareCrush","Slimebound:TagTeam"],"picked":"Slimebound:WasteNot","floor":33.0},{"not_picked":["Slimebound:FinishingTackle","Slimebound:SamplingLick"],"picked":"Slimebound:Replication+1","floor":36.0},{"not_picked":["Slimebound:Chomp","Slimebound:GoopSpray"],"picked":"Slimebound:SplitLeeching+1","floor":38.0},{"not_picked":["Slimebound:GrowthPunch","Slimebound:ComboTackle","Slimebound:SamplingLick"],"picked":"SKIP","floor":43},{"not_picked":["Slimebound:RejuvenatingLick+1","Slimebound:Chomp+1"],"picked":"Slimebound:Nibble+1","floor":46},{"not_picked":["Slimebound:Schlurp+1","Slimebound:GoopSpray+1","Slimebound:SamplingLick+1"],"picked":"SKIP","floor":47},{"not_picked":["Slimebound:Replication","Slimebound:SplitLeeching","Slimebound:ViciousTackle"],"picked":"SKIP","floor":49}],"player_experience":172990,"relics_obtained":[{"floor":7.0,"key":"MawBank"},{"floor":8.0,"key":"Meat on the Bone"},{"floor":11.0,"key":"infinitespire:WardingShard"},{"floor":13.0,"key":"downfall:GremlinWheel"},{"floor":24.0,"key":"Simple Rune"},{"floor":31.0,"key":"Mirror"},{"floor":35.0,"key":"infinitespire:Beetle Shell"},{"floor":38.0,"key":"infinitespire:PuzzleCube"},{"floor":41,"key":"Guardian:PocketSentry"}],"event_choices":[{"cards_removed":["conspire:NecroticWound"],"damage_healed":0.0,"max_hp_gain":0.0,"max_hp_loss":0.0,"gold_gain":0.0,"event_name":"Wheel of Change","player_choice":"Card Removal","floor":25.0,"gold_loss":0.0,"damage_taken":0.0},{"damage_healed":0,"gold_gain":0,"player_choice":"Upgraded","damage_taken":0,"max_hp_gain":0,"max_hp_loss":0,"event_name":"Upgrade Shrine","floor":48,"gold_loss":0,"cards_upgraded":["Slimebound:Defend_Slimebound"]}],"is_beta":false,"boss_relics":[{"not_picked":["conspire:SpecialSausage","conspire:SeveredTorchhead"],"picked":"Cursed Key"},{"not_picked":["Philosopher\u0027s Stone","Slimebound:AbsorbEndCombatUpgraded"],"picked":"Replay:Wanted Poster"}],"items_purged_floors":[37],"is_endless":false,"potions_floor_spawned":[8,12,13,16,26,30,31,32,33,36,38,46,47],"ascension_level":1}}