{"host":"soyfmymeou4emntr","time":1608520193,"event":{"mods":["BaseMod","Minty Spire (QoL Compilation)","Relic Sorter","Relic Stats","StSLib"],"gold_per_floor":[113,113,113,137,18,18,58,81,81,81,81],"floor_reached":10,"playtime":474,"items_purged":["Strike_G"],"score":132,"play_id":"9349dd11-8e50-4c8f-aa59-63c8b3bcc71e","local_time":"20201220200953","is_ascension_mode":true,"campfire_choices":[{"data":"Finisher","floor":6,"key":"SMITH"}],"circlet_count":0,"master_deck":["AscendersBane","Strike_G","Strike_G","Strike_G","Strike_G","Defend_G","Defend_G","Defend_G","Defend_G","Defend_G","Survivor","Neutralize","Flying Knee","Blade Dance+1","Finisher+1","Infinite Blades","Dagger Throw","PiercingWail"],"relics":["Ring of the Snake","Golden Idol","HornCleat","Singing Bowl"],"acts_visited":["Exordium"],"potions_floor_usage":[7,10,10,10],"damage_taken":[{"damage":3,"enemies":"Jaw Worm","floor":1,"turns":4},{"damage":0,"enemies":"2 Louse","floor":4,"turns":2},{"damage":42,"enemies":"Lagavulin","floor":7,"turns":7},{"damage":0,"enemies":"Small Slimes","floor":8,"turns":1},{"damage":20,"enemies":"3 Sentries","floor":10,"turns":5}],"seed_played":"4527269742967431229","potions_obtained":[{"floor":1,"key":"BlessingOfTheForge"},{"floor":8,"key":"EntropicBrew"}],"is_trial":false,"path_per_floor":["M","?","?","M","$","R","E","M","T","E"],"character_chosen":"THE_SILENT","items_purchased":["Infinite Blades"],"campfire_rested":0,"item_purchase_floors":[5],"current_hp_per_floor":[56,56,56,56,56,56,14,14,14,0,0],"gold":81,"neow_bonus":"THREE_CARDS","is_daily":false,"chose_seed":false,"campfire_upgraded":1,"win_rate":0.0,"timestamp":1608520193,"path_taken":["M","?","?","M","?","R","E","M","T","E"],"items_purchased_type":["Card"],"build_version":"2020-12-13","purchased_purges":1,"victory":false,"max_hp_per_floor":[66,66,60,60,60,60,60,60,60,60,60],"relic_stats":{"Singing Bowl":0,"counters":[5,19],"Golden Idol":18,"obtain_stats":[{"HornCleat":7,"Singing Bowl":9,"Golden Idol":3,"Ring of the Snake":0},{"HornCleat":3,"Singing Bowl":4,"Golden Idol":1,"Ring of the Snake":0},{"HornCleat":13,"Singing Bowl":14,"Golden Idol":4,"Ring of the Snake":0}],"Ring of the Snake":[10]},"card_choices":[{"not_picked":["Dagger Throw","Slice"],"picked":"Flying Knee","floor":0},{"not_picked":["Reflex","Masterful Stab"],"picked":"Blade Dance","floor":1},{"not_picked":["Masterful Stab","Endless Agony"],"picked":"Finisher","floor":4},{"not_picked":["Riddle With Holes","Setup"],"picked":"Dagger Throw","floor":7},{"not_picked":["Phantasmal Killer","Bane"],"picked":"PiercingWail","floor":8}],"player_experience":2604133,"relics_obtained":[{"floor":7,"key":"HornCleat"},{"floor":9,"key":"Singing Bowl"}],"event_choices":[{"damage_healed":0,"gold_gain":0,"player_choice":"Grow","damage_taken":0,"max_hp_gain":0,"max_hp_loss":0,"event_name":"Living Wall","floor":2,"gold_loss":0,"cards_upgraded":["Blade Dance"]},{"damage_healed":0,"gold_gain":0,"player_choice":"Lose Max HP","damage_taken":0,"relics_obtained":["Golden Idol"],"max_hp_gain":0,"max_hp_loss":6,"event_name":"Golden Idol","floor":3,"gold_loss":0}],"is_beta":false,"boss_relics":[],"items_purged_floors":[5],"is_endless":false,"potions_floor_spawned":[1,8],"killed_by":"3 Sentries","ascension_level":20}}