{"host":"btj53a7qlsawl9sy","time":1608554572,"event":{"mods":["Act Like it!","BaseMod","Better Vampires","Colored Powertips","Gensokyo","Luminous","Marisa（F雨　魔理沙）","Marked Mod","Minty Spire (QoL Compilation)","Quick Restart","Reimu（博丽灵梦）","Relic Stats","Remilia（蕾米莉亚）","Replay The Spire","Spicy Shops","StSLib","The Administrix","The Hierophant","The Servant 0.9.4","Waifu the Spire","WarShipGirlsR/战舰少女R mod","Youmu（魂魄妖梦）","Yuyuko","vexMod","【东方二次创作】八云紫mod","【遗物卡牌】REMEMod"],"gold_per_floor":[118,118,118,118,128,128,156,156,179,31,68,85,183,212,212,328,428,446,494,403,445,531,531,546,595,622,622,702,734,734,817,817,931,931,941,961,961,601,656,746,746,746],"floor_reached":41,"playtime":1980,"items_purged":[],"score":569,"play_id":"062db358-70da-4df2-a4ed-a5e97aad458b","local_time":"20201221204252","is_ascension_mode":true,"campfire_choices":[{"data":"Gensokyo:MarisaTwilightSpark","floor":6,"key":"SMITH"},{"data":"WitchOfGreed","floor":8,"key":"SMITH"},{"floor":15,"key":"REST"},{"floor":23,"key":"REST"},{"floor":30,"key":"REST"},{"floor":32,"key":"REST"}],"circlet_count":0,"master_deck":["Strike_MRS","Strike_MRS","Strike_MRS","Strike_MRS","Defend_MRS","Defend_MRS","Defend_MRS","Defend_MRS","MasterSpark","UpSweep","Gensokyo:MarisaTwilightSpark+1","AsteroidBelt","WitchOfGreed+1","RefractionSpark","AsteroidBelt","LuminesStrike","Robbery","SprinkleStarSeal","MilkyWay","MillisecondPulsars","IllusionStar+1","MilkyWay","EarthLightRay","WitchOfGreed","Acceleration","MysteriousBeam","FairyDestructionRay","6A","MilkyWay","MilkyWay","AsteroidBelt","StarDustReverie","MilkyWay","CasketOfStar","DC+1","MilkyWay+1","HandOfGreed","MilkyWay","GrandCross","MilkyWay","PropBag"],"relics":["MiniHakkero","REME_ComplimentaryCards","NeowsBlessing","Gensokyo:OccultBall","Regal Pillow","Unceasing Top","Boot","Replay:Wanted Poster","Dream Catcher","Strawberry","Ginger","Velvet Choker","Replay:WaspNest","Bottled Flame"],"acts_visited":["Gensokyo:Gensokyo","Gensokyo:Gensokyoer","TheBeyond"],"potions_floor_usage":[14,16,22,22,25,29,36,41,41],"damage_taken":[{"damage":0,"enemies":"Gensokyo:3_Fairies","floor":1,"turns":1},{"damage":0,"enemies":"Gensokyo:Gryphon","floor":5,"turns":1},{"damage":0,"enemies":"Gensokyo:Aya","floor":7,"turns":1},{"damage":8,"enemies":"Gensokyo:2_Kodama","floor":11,"turns":4},{"damage":24,"enemies":"Gensokyo:LivingMonolith","floor":12,"turns":4},{"damage":5,"enemies":"Gensokyo:Gryphon_and_Rabbit","floor":14,"turns":4},{"damage":26,"enemies":"Gensokyo:Reimu","floor":16,"turns":16},{"damage":18,"enemies":"Gensokyo:Chomper","floor":18,"turns":4},{"damage":14,"enemies":"Gensokyo:2_Gloops","floor":19,"turns":5},{"damage":0,"enemies":"Gensokyo:Swordslinger","floor":21,"turns":4},{"damage":12,"enemies":"Gensokyo:Slime_Group","floor":22,"turns":5},{"damage":0,"enemies":"Gensokyo:3_Gloops","floor":24,"turns":3},{"damage":10,"enemies":"Gensokyo:Swordslinger","floor":25,"turns":5},{"damage":33,"enemies":"Gensokyo:Slime_Group","floor":28,"turns":6},{"damage":16,"enemies":"Gensokyo:Wraith","floor":29,"turns":4},{"damage":20,"enemies":"Gensokyo:Koishi","floor":31,"turns":6},{"damage":24,"enemies":"Gensokyo:Kaguya","floor":33,"turns":11},{"damage":6,"enemies":"3 Shapes","floor":35,"turns":3},{"damage":7,"enemies":"3 Darklings","floor":36,"turns":1},{"damage":38,"enemies":"Sphere and 2 Shapes","floor":39,"turns":5},{"damage":20,"enemies":"Giant Head","floor":40,"turns":6},{"damage":20,"enemies":"Jaw Worm Horde","floor":41,"turns":1}],"seed_played":"-2655166104431120465","potions_obtained":[{"floor":5,"key":"Block Potion"},{"floor":7,"key":"ZuzhouPotion:ReiMu"},{"floor":11,"key":"Flashbang"},{"floor":12,"key":"EssenceOfSteel"},{"floor":18,"key":"Adrenaline Potion"},{"floor":19,"key":"Weak Potion"},{"floor":22,"key":"Strength Potion"},{"floor":24,"key":"AttackPotion"},{"floor":28,"key":"Block Potion"},{"floor":29,"key":"Dexterity Potion"},{"floor":36,"key":"SteroidPotion"}],"is_trial":false,"path_per_floor":["M","?","?","T","M","R","E","R","T","$","M","M","?","M","R","B",null,"M","M","$","M","M","R","M","M","T","?","M","M","R","E","R","B",null,"M","M","?","$","M","E","M"],"character_chosen":"MARISA","items_purchased":["Boot","EarthLightRay","WitchOfGreed","Replay:WaspNest","MilkyWay","GrandCross"],"campfire_rested":4,"item_purchase_floors":[10,20,20,38,38,38],"current_hp_per_floor":[75,75,75,75,75,75,75,75,75,75,67,43,43,38,75,49,75,57,43,43,47,39,75,75,69,69,76,47,35,72,56,76,56,76,70,63,63,63,29,13,0,0],"gold":746,"neow_bonus":"THREE_ENEMY_KILL","is_daily":false,"chose_seed":false,"campfire_upgraded":2,"win_rate":0.0,"timestamp":1608554572,"path_taken":["M","?","?","?","?","R","E","R","T","$","M","M","?","M","R","BOSS","M","M","?","M","M","R","M","?","T","?","?","M","R","E","R","BOSS","M","M","?","$","M","E","M"],"items_purchased_type":["Relic","Card","Card","Relic","Card","Card"],"build_version":"2020-12-13","purchased_purges":0,"victory":false,"max_hp_per_floor":[75,75,75,75,75,75,75,75,75,75,75,75,75,75,75,75,75,75,75,75,75,75,75,75,75,75,76,76,76,76,76,76,76,76,76,76,76,76,76,76,76,76],"relic_stats":{"Regal Pillow":44,"Dream Catcher":2,"counters":[22,99],"Ginger":[3],"Boot":[56],"obtain_stats":[{"Regal Pillow":4,"NeowsBlessing":0,"Blue Candle":33,"Velvet Choker":34,"Replay:WaspNest":38,"Ginger":31,"Boot":10,"Replay:Wanted Poster":17,"Frozen Eye":31,"Dream Catcher":26,"Bottled Flame":40,"Strawberry":27,"Gensokyo:OccultBall":3,"MiniHakkero":0,"Unceasing Top":7,"REME_ComplimentaryCards":0},{"Regal Pillow":1,"NeowsBlessing":0,"Blue Candle":17,"Velvet Choker":17,"Replay:WaspNest":19,"Ginger":16,"Boot":3,"Replay:Wanted Poster":7,"Frozen Eye":15,"Dream Catcher":13,"Bottled Flame":21,"Strawberry":13,"Gensokyo:OccultBall":1,"MiniHakkero":0,"Unceasing Top":3,"REME_ComplimentaryCards":0},{"Regal Pillow":1,"NeowsBlessing":0,"Blue Candle":76,"Velvet Choker":83,"Replay:WaspNest":87,"Ginger":72,"Boot":3,"Replay:Wanted Poster":31,"Frozen Eye":66,"Dream Catcher":56,"Bottled Flame":98,"Strawberry":56,"Gensokyo:OccultBall":1,"MiniHakkero":0,"Unceasing Top":3,"REME_ComplimentaryCards":0}],"Unceasing Top":[7]},"card_choices":[{"not_picked":["UnstableBomb","StarlightTyphoon"],"picked":"GrandCross","floor":1},{"not_picked":["DC","SporeBomb"],"picked":"AsteroidBelt","floor":5},{"not_picked":["Occultation","FinalSpark"],"picked":"WitchOfGreed","floor":7},{"not_picked":["PowerUp","UnstableBomb"],"picked":"RefractionSpark","floor":11},{"not_picked":["SprinkleStarSeal","DoubleSpark"],"picked":"AsteroidBelt","floor":12},{"not_picked":["DoubleSpark","DarkSpark"],"picked":"LuminesStrike","floor":13},{"not_picked":["ChargingUp","DarkMatter"],"picked":"Robbery","floor":13},{"not_picked":["DoubleSpark","MilkyWay"],"picked":"SprinkleStarSeal","floor":13},{"not_picked":["OneTimeOff","ManaConvection"],"picked":"MilkyWay","floor":14},{"not_picked":["CasketOfStar","TreasureHunter"],"picked":"MillisecondPulsars","floor":16},{"not_picked":["MagicAbsorber+1","UnstableBomb"],"picked":"IllusionStar+1","floor":18},{"not_picked":["WitchLeyline","Acceleration"],"picked":"MilkyWay","floor":19},{"not_picked":["DC+1","UnstableBomb"],"picked":"Acceleration","floor":21},{"not_picked":["StarBarrage","WitchOfGreed+1"],"picked":"MysteriousBeam","floor":22},{"not_picked":["Occultation","LuminesStrike"],"picked":"FairyDestructionRay","floor":24},{"not_picked":["AbsoluteMagnitude","MilkyWay"],"picked":"6A","floor":25},{"not_picked":["ChargingUp","SprinkleStarSeal"],"picked":"MilkyWay","floor":28},{"not_picked":["ShootingEcho+1","WitchLeyline"],"picked":"MilkyWay","floor":29},{"not_picked":["DoubleSpark","DC"],"picked":"AsteroidBelt","floor":30},{"not_picked":["SuperNova","DC"],"picked":"StarDustReverie","floor":31},{"not_picked":["MysteriousBeam+1","EventHorizon+1"],"picked":"MilkyWay","floor":32},{"not_picked":["FinalSpark","BigCrunch"],"picked":"CasketOfStar","floor":33},{"not_picked":["Orbital+1","Singularity"],"picked":"DC+1","floor":35},{"not_picked":["DoubleSpark+1","SuperPerseids"],"picked":"MilkyWay+1","floor":36},{"not_picked":["REME_TwoStrings","Bandage Up"],"picked":"HandOfGreed","floor":37},{"not_picked":["DC+1","DragonMeteor"],"picked":"MilkyWay","floor":39},{"not_picked":["DragonMeteor","DC"],"picked":"PropBag","floor":40}],"player_experience":99754,"relics_obtained":[{"floor":4,"key":"Regal Pillow"},{"floor":7,"key":"Gensokyo:OccultBall"},{"floor":7,"key":"Unceasing Top"},{"floor":16,"key":"Gensokyo:OccultBall"},{"floor":18,"key":"Gensokyo:OccultBall"},{"floor":26,"key":"Dream Catcher"},{"floor":29,"key":"Gensokyo:OccultBall"},{"floor":31,"key":"Ginger"},{"floor":33,"key":"Gensokyo:OccultBall"},{"floor":40,"key":"Bottled Flame"}],"event_choices":[{"damage_healed":0,"gold_gain":0,"player_choice":"Memory 1","damage_taken":0,"max_hp_gain":0,"max_hp_loss":0,"event_name":"SensoryStone","floor":37,"gold_loss":0}],"is_beta":false,"boss_relics":[{"not_picked":["Runic Dome","vexMod:EndlessSickness"],"picked":"Replay:Wanted Poster"},{"not_picked":["REME_LowDesire","Runic Pyramid"],"picked":"Velvet Choker"}],"items_purged_floors":[],"is_endless":false,"potions_floor_spawned":[5,7,12,18,21,24,29,35,36,39],"killed_by":"Jaw Worm Horde","ascension_level":1}}