{"host":"i0avyit1s6jb1siw","time":1608563220,"event":{"mods":["BaseMod","DeckTracker","Dota2Spire","Highlight Path","Minty Spire (QoL Compilation)","Quick Restart","Replay The Spire","StSLib","SuperFastMode"],"gold_per_floor":[114,114,114,114,127,156,156,184,207,227,227,247,274,317,317,388,388,402,413,432,38,55,55,90,90,114,141,96,124,124,49,49,126,126,140,140,157,157,167,201,254,273,273,273,273,300,314,345,345,345,345,345,345,96,131,131],"floor_reached":57,"playtime":1820,"items_purged":["Shame"],"score":3032,"play_id":"a502f2db-3108-4797-bc0e-df022c3cebe5","local_time":"20201221160700","is_ascension_mode":true,"campfire_choices":[{"data":"Perfected Strike","floor":7.0,"key":"SMITH"},{"data":"Barricade","floor":15.0,"key":"SMITH"},{"data":"Pommel Strike","floor":23,"key":"SMITH"},{"data":"Shockwave","floor":25,"key":"SMITH"},{"data":"Evolve","floor":30,"key":"SMITH"},{"data":"Bash","floor":32,"key":"SMITH"},{"data":"Apotheosis","floor":45,"key":"SMITH"},{"floor":49,"key":"RECALL"},{"data":"Feel No Pain","floor":53,"key":"SMITH"}],"circlet_count":0,"master_deck":["Strike_R","Strike_R+1","Strike_R","Strike_R+1","Strike_R","Defend_R","Defend_R","Defend_R","Defend_R","Bash+1","Perfected Strike+1","Perfected Strike+1","Pommel Strike","Barricade+1","Wild Strike","Shockwave+1","Impervious","Armaments","Wild Strike","ReplayTheSpireMod:Strike From Hell","Pommel Strike+1","Power Through","Evolve+1","Shrug It Off","ReplayTheSpireMod:Stacked","Second Wind","Impervious","Purity","Apotheosis+1","Feel No Pain+1","Pommel Strike","Fire Breathing+1","Sentinel"],"relics":["Burning Blood","NeowsBlessing","Dota2Spire:Vanguard","Omamori","Orichalcum","Replay:Wax Seal","Replay:Ringing Soul","Dota2Spire:RefresherOrb","FossilizedHelix","Mummified Hand","Potion Belt","Dota2Spire:PhaseBoots","PreservedInsect","Calling Bell","Simple Rune","Eternal Feather","Peace Pipe","Divine Protection","Dead Branch","Dota2Spire:Butterfly","Golden Egg","Dota2Spire:MaskOfMadness","ClockworkSouvenir","Oddly Smooth Stone"],"acts_visited":["Exordium","TheCity","TheBeyond","TheEnding"],"potions_floor_usage":[41,50,56,56,56],"damage_taken":[{"damage":0.0,"enemies":"2 Louse","floor":1.0,"turns":1.0},{"damage":0.0,"enemies":"Small Slimes","floor":5.0,"turns":1.0},{"damage":0.0,"enemies":"Lagavulin","floor":6.0,"turns":1.0},{"damage":32.0,"enemies":"Gremlin Nob","floor":8.0,"turns":4.0},{"damage":0.0,"enemies":"Cultist","floor":10.0,"turns":2.0},{"damage":0.0,"enemies":"2 Fungi Beasts","floor":12.0,"turns":2.0},{"damage":6.0,"enemies":"3 Sentries","floor":13.0,"turns":7.0},{"damage":34.0,"enemies":"Slime Boss","floor":16.0,"turns":11.0},{"damage":2,"enemies":"Chosen","floor":18,"turns":3},{"damage":18,"enemies":"2 Thieves","floor":19,"turns":3},{"damage":2,"enemies":"Cultist and Chosen","floor":20,"turns":4},{"damage":4,"enemies":"Centurion and Healer","floor":22,"turns":6},{"damage":6,"enemies":"Replay:Snechameleon","floor":24,"turns":3},{"damage":11,"enemies":"Book of Stabbing","floor":27,"turns":4},{"damage":4,"enemies":"Replay:Snechameleon","floor":29,"turns":5},{"damage":31,"enemies":"Champ","floor":33,"turns":9},{"damage":6,"enemies":"3 Shapes","floor":35,"turns":3},{"damage":0,"enemies":"Orb Walker","floor":37,"turns":4},{"damage":0,"enemies":"Sphere and 2 Shapes","floor":39,"turns":6},{"damage":23,"enemies":"Nemesis","floor":40,"turns":5},{"damage":0,"enemies":"2 Orb Walkers","floor":41,"turns":5},{"damage":0,"enemies":"Maw","floor":42,"turns":9},{"damage":0,"enemies":"Giant Head","floor":46,"turns":7},{"damage":0,"enemies":"Spire Growth","floor":47,"turns":6},{"damage":0,"enemies":"Nemesis","floor":48,"turns":9},{"damage":18,"enemies":"Donu and Deca","floor":50,"turns":14},{"damage":14,"enemies":"Awakened One","floor":51,"turns":13},{"damage":66,"enemies":"Shield and Spear","floor":55,"turns":6},{"damage":22,"enemies":"The Heart","floor":56,"turns":13}],"seed_played":"8823935562321632841","potions_obtained":[{"floor":10.0,"key":"Explosive Potion"},{"floor":12.0,"key":"Adrenaline Potion"},{"floor":16.0,"key":"FairyPotion"},{"floor":24,"key":"BloodPotion"},{"floor":29,"key":"Adrenaline Potion"},{"floor":37,"key":"Block Potion"},{"floor":42,"key":"FearPotion"},{"floor":46,"key":"Block Potion"},{"floor":55,"key":"LifebloodPotion"}],"is_trial":false,"path_per_floor":["M","$","?","?","M","E","R","E","T","M","?","M","E","?","R","B",null,"M","M","M","$","M","R","E","R","T","E","$","E","R","?","R","B",null,"M","?","M","$","M","E","?","M","T","?","R","E","M","E","R","B","B",null,"R","$","E","B",null],"character_chosen":"IRONCLAD","items_purchased":["FossilizedHelix","Evolve","ClockworkSouvenir","Fire Breathing"],"campfire_rested":0,"item_purchase_floors":[21,28,54,54],"current_hp_per_floor":[74,74,74,74,75,75,75,49,49,55,60,66,66,43,43,18,69,76,67,74,74,79,79,79,79,79,77,80,85,85,85,85,60,95,98,98,104,104,110,96,102,111,111,104,119,122,125,125,125,113,105,120,125,128,71,81],"gold":131,"neow_bonus":"THREE_ENEMY_KILL","is_daily":false,"chose_seed":false,"campfire_upgraded":8,"win_rate":0.0,"timestamp":1608563220,"path_taken":["M","$","?","?","?","E","R","E","T","M","?","M","E","?","R","BOSS","M","M","M","$","M","R","E","R","T","E","$","E","R","?","R","BOSS","M","?","?","$","M","E","?","M","T","?","R","E","M","E","R","BOSS","BOSS","R","$","E","BOSS"],"items_purchased_type":["Relic","Card","Relic","Card"],"build_version":"2020-12-13","purchased_purges":1,"victory":true,"max_hp_per_floor":[75,75,75,75,75,75,75,75,75,75,80,80,80,83,83,86,86,89,92,95,95,98,98,98,98,98,101,104,107,107,107,107,107,107,110,110,110,110,110,113,113,116,116,119,119,122,125,125,125,125,125,125,125,128,131,131],"card_choices":[{"not_picked":["True Grit","Anger"],"picked":"Perfected Strike","floor":1.0},{"not_picked":["Clash","Replay:Undeath\u0027s Touch"],"picked":"Perfected Strike","floor":5.0},{"not_picked":["Run Through","Abandon","ReplayReversal"],"picked":"SKIP","floor":6.0},{"not_picked":["Heavy Blade","Infernal Blade"],"picked":"Perfected Strike","floor":8.0},{"not_picked":["Shockwave","Clothesline"],"picked":"Pommel Strike","floor":10.0},{"not_picked":["Disarm","Heavy Blade"],"picked":"Barricade","floor":12.0},{"not_picked":["Iron Wave","Cleave","Clothesline"],"picked":"SKIP","floor":13.0},{"not_picked":["Rampage","Rage"],"picked":"Wild Strike","floor":14.0},{"not_picked":["Cleave","Uppercut"],"picked":"Shockwave","floor":14.0},{"not_picked":["Juggernaut","Hemogenesis"],"picked":"Impervious","floor":16.0},{"not_picked":["Pummel","Clash"],"picked":"Armaments","floor":18},{"not_picked":["Shrug It Off","Infernal Blade"],"picked":"Wild Strike","floor":19},{"not_picked":["Thunderclap","Ghostly Armor+1"],"picked":"ReplayTheSpireMod:Strike From Hell","floor":20},{"not_picked":["Wild Strike","Iron Wave+1"],"picked":"Pommel Strike","floor":22},{"not_picked":["Thunderclap","Shockwave","Clash"],"picked":"SKIP","floor":24},{"not_picked":["Headbutt","Feed"],"picked":"Power Through","floor":27},{"not_picked":["ReplayReversal","Limit Break"],"picked":"Shrug It Off","floor":29},{"not_picked":["ReplayTheSpireMod:Strike From Hell","Cleave"],"picked":"ReplayTheSpireMod:Stacked","floor":35},{"not_picked":["Sword Boomerang+1","Heavy Blade","Cleave"],"picked":"SKIP","floor":37},{"not_picked":["Abandon+1","Perfected Strike","ReplayTheSpireMod:Strike From Hell"],"picked":"SKIP","floor":39},{"not_picked":["Rampage","Reckless Charge"],"picked":"Second Wind","floor":40},{"not_picked":["Hemokinesis","Whirlwind+1"],"picked":"Impervious","floor":42},{"not_picked":["ReplayTheSpireMod:Trickstab","ReplayTheSpireMod:Uncanny Aura"],"picked":"Purity","floor":44},{"not_picked":["The Bomb","Sadistic Nature"],"picked":"Apotheosis","floor":44},{"not_picked":["Dropkick","Thunderclap"],"picked":"Feel No Pain","floor":46},{"not_picked":["Headbutt+1","True Grit"],"picked":"Pommel Strike","floor":47},{"not_picked":["Replay:Many Hands","ReplayTheSpireMod:Muscle Training","Flex"],"picked":"SKIP","floor":48},{"not_picked":["Seeing Red","Cleave"],"picked":"Sentinel","floor":55}],"player_experience":2091978,"relics_obtained":[{"floor":6.0,"key":"Dota2Spire:Vanguard"},{"floor":8.0,"key":"Omamori"},{"floor":9.0,"key":"Orichalcum"},{"floor":13.0,"key":"Replay:Wax Seal"},{"floor":14.0,"key":"Replay:Ringing Soul"},{"floor":24,"key":"Mummified Hand"},{"floor":26,"key":"Potion Belt"},{"floor":27,"key":"Dota2Spire:PhaseBoots"},{"floor":29,"key":"PreservedInsect"},{"floor":34,"key":"Simple Rune"},{"floor":34,"key":"Eternal Feather"},{"floor":34,"key":"Peace Pipe"},{"floor":40,"key":"Dead Branch"},{"floor":41,"key":"Dota2Spire:Butterfly"},{"floor":46,"key":"Golden Egg"},{"floor":48,"key":"Dota2Spire:MaskOfMadness"},{"floor":55,"key":"Oddly Smooth Stone"}],"event_choices":[{"damage_healed":0.0,"max_hp_gain":0.0,"max_hp_loss":0.0,"gold_gain":0.0,"event_name":"Upgrade Shrine","player_choice":"Upgraded","floor":4.0,"gold_loss":0.0,"damage_taken":0.0,"cards_upgraded":["Perfected Strike"]},{"damage_healed":0.0,"max_hp_gain":5.0,"max_hp_loss":0.0,"gold_gain":0.0,"event_name":"Big Fish","player_choice":"Donut","floor":11.0,"gold_loss":0.0,"damage_taken":0.0},{"cards_removed":["Perfected Strike"],"damage_healed":0,"gold_gain":0,"player_choice":"Gave Gold","damage_taken":0,"max_hp_gain":0,"max_hp_loss":0,"event_name":"Beggar","floor":31,"gold_loss":75},{"damage_healed":0,"gold_gain":0,"player_choice":"Gave Potion","damage_taken":0,"relics_obtained":["Divine Protection"],"max_hp_gain":0,"max_hp_loss":0,"event_name":"WeMeetAgain","floor":36,"gold_loss":0},{"damage_healed":0,"gold_gain":0,"player_choice":"Fight","damage_taken":0,"max_hp_gain":0,"max_hp_loss":0,"event_name":"Mysterious Sphere","floor":41,"gold_loss":0},{"damage_healed":0,"gold_gain":0,"player_choice":"Memory 3","damage_taken":10,"max_hp_gain":0,"max_hp_loss":0,"event_name":"SensoryStone","floor":44,"gold_loss":0}],"is_beta":false,"boss_relics":[{"not_picked":["Replay:Wanted Poster","Black Star"],"picked":"Dota2Spire:RefresherOrb"},{"not_picked":["Painkiller Herb","Busted Crown"],"picked":"Calling Bell"}],"items_purged_floors":[21],"is_endless":false,"potions_floor_spawned":[10,12,16,20,22,24,29,37,42,46,47,55],"ascension_level":20}}