{"host":"hfvpa4llnnjpeawn","time":1608591445,"event":{"mods":["2.2 Compatiblity","AchievementEnabler","Act Like it!","Aspiration","Bard","BaseMod","Beaked The Cultist","Better Sensory Stone","Better Skull","Better Third Choice","BetterRewards","CapriCore","Conspire","Downfall","Elementarium","Energized Spire","Hubris","Infinite Spire","Jorbs\u0027s Wanderer Trilogy","Lobotomy","LobotomyExtend","Minty Spire (QoL Compilation)","Replay The Spire","Shade Mod","Spicy Shops","StSLib","The Bladedancer","The Factory","The Gatherer","The Jungle","Waifu the Spire","Wandering Minibosses"],"gold_per_floor":[361,9,26,26,41,74,74,108,159,175,175,205,225,238,238,334,334,351,351,386,401,401,401,401,401],"floor_reached":24,"playtime":1309,"items_purged":[],"score":227,"play_id":"a154b42d-f4ec-4e7e-a418-529085d7c018","local_time":"20201221175725","is_ascension_mode":true,"campfire_choices":[{"data":"ReplaySolidLightProjector","floor":7,"key":"SMITH"},{"floor":11,"key":"REST"},{"floor":15,"key":"REST"},{"floor":23,"key":"REST"}],"circlet_count":0,"master_deck":["Strike_B","Strike_B","Strike_B","Defend_B+1","Defend_B+1","Defend_B","Defend_B","Zap","Dualcast","Leap","Writhe","Panic Button","Consume","ReplaySolidLightProjector+1","Scrape+1","Buffer","Hologram+1","Darkness+1","ReplayRNGCard+1","Genetic Algorithm+1","Static Discharge","Beam Cell+1","Decay"],"relics":["Cracked Core","infinitespire:Freezer","Replay:Frozen Program","Boot","Bag of Marbles","Art of War","Gremlin Food","hubris:Potato","Astrolabe","conspire:SpecialSausage","Red Mask"],"acts_visited":["Exordium","TheCity"],"potions_floor_usage":[6,6,8,16,24],"damage_taken":[{"damage":1,"enemies":"2 Louse","floor":1,"turns":2},{"damage":0,"enemies":"Jaw Worm","floor":3,"turns":3},{"damage":0,"enemies":"Small Slimes","floor":5,"turns":2},{"damage":27,"enemies":"Lagavulin","floor":6,"turns":9},{"damage":12,"enemies":"Gremlin Nob","floor":8,"turns":3},{"damage":8,"enemies":"2 Fungi Beasts","floor":10,"turns":3},{"damage":26,"enemies":"Lagavulin","floor":12,"turns":10},{"damage":0,"enemies":"Large Slime","floor":13,"turns":8},{"damage":0,"enemies":"Red Slaver","floor":14,"turns":4},{"damage":34,"enemies":"Fading Forest","floor":16,"turns":11},{"damage":13,"enemies":"Spheric Guardian","floor":18,"turns":5},{"damage":41,"enemies":"Masked Bandits","floor":20,"turns":6},{"damage":8,"enemies":"Chosen","floor":21,"turns":6},{"damage":29,"enemies":"Book of Stabbing","floor":24,"turns":4}],"seed_played":"7090487924509484806","potions_obtained":[{"floor":1,"key":"sneckomod:MuddlingPotion"},{"floor":5,"key":"Doom Potion"},{"floor":6,"key":"ColorlessPotion"},{"floor":12,"key":"SteroidPotion"},{"floor":16,"key":"Venom Potion"}],"is_trial":false,"path_per_floor":["M","$","M","?","M","E","R","E","T","M","R","E","M","M","R","B",null,"M","AVR","?","M","?","R","E"],"character_chosen":"DEFECT","items_purchased":["infinitespire:Freezer","Replay:Frozen Program","Boot"],"campfire_rested":3,"item_purchase_floors":[2,2,2],"current_hp_per_floor":[67,67,67,67,67,40,40,28,28,20,40,14,14,14,34,10,68,55,55,14,6,6,26,0,0],"gold":401,"neow_bonus":"TWO_FIFTY_GOLD","is_daily":false,"chose_seed":false,"campfire_upgraded":1,"win_rate":0.0,"timestamp":1608591445,"path_taken":["M","$","M","?","M","E","R","E","T","M","R","E","M","M","R","BOSS","M","AVR","?","M","?","R","E"],"items_purchased_type":["Relic","Relic","Relic"],"build_version":"2020-12-13","purchased_purges":0,"victory":false,"max_hp_per_floor":[68,68,68,68,68,68,68,68,68,68,68,68,68,68,68,68,68,68,68,68,68,68,68,68,68],"card_choices":[{"not_picked":["Blizzard","Crystallizer"],"picked":"Leap","floor":1},{"not_picked":["Leap","Stack"],"picked":"Panic Button","floor":3},{"not_picked":["Panic Button","Darkness","Leap"],"picked":"SKIP","floor":5},{"not_picked":["Conserve Battery","Hologram"],"picked":"ReplaySolidLightProjector","floor":6},{"not_picked":["Cold Snap","Steam"],"picked":"Buffer","floor":8},{"not_picked":["Coolheaded","Barrage"],"picked":"Scrape","floor":10},{"not_picked":["hubris:Ukulele","Skim","ReplayTheSpireMod:GoodbyeWorld"],"picked":"SKIP","floor":12},{"not_picked":["Conserve Battery","Panic Button","Leap"],"picked":"SKIP","floor":13},{"not_picked":["Stack","Coolheaded"],"picked":"Buffer","floor":14},{"not_picked":["hubris:SpecializedCircuitry","hubris:DoWhile"],"picked":"Seek","floor":16},{"not_picked":["Turbo","Crystallizer+1"],"picked":"Genetic Algorithm+1","floor":18},{"not_picked":["Blizzard","Steam"],"picked":"Static Discharge","floor":20},{"not_picked":["Streamline","Steam"],"picked":"Beam Cell+1","floor":21}],"player_experience":309524,"relics_obtained":[{"floor":6,"key":"Bag of Marbles"},{"floor":8,"key":"Art of War"},{"floor":9,"key":"Gremlin Food"},{"floor":12,"key":"hubris:Potato"},{"floor":20,"key":"Red Mask"}],"event_choices":[{"damage_healed":0,"gold_gain":0,"player_choice":"Fought Bandits","damage_taken":0,"max_hp_gain":0,"max_hp_loss":0,"event_name":"Masked Bandits","floor":20,"gold_loss":0},{"damage_healed":0,"gold_gain":0,"player_choice":"Smashed Altar","damage_taken":0,"max_hp_gain":0,"max_hp_loss":0,"event_name":"Forgotten Altar","floor":22,"gold_loss":0,"cards_obtained":["Decay"]}],"is_beta":false,"boss_relics":[{"not_picked":["infinitespire:Cupcake","hubris:RunicObelisk"],"picked":"Astrolabe"}],"items_purged_floors":[],"is_endless":false,"potions_floor_spawned":[1,5,6,12,16],"killed_by":"Book of Stabbing","ascension_level":1}}