{"host":"npubv26u89aif4fa","time":1608541325,"event":{"mods":["Astrologer","BaseMod","Better Vampires","Colored Powertips","GifTheSpireLib","GungeonMod","HornydragonMod","Hubris","Jedi Mod","Minty Spire (QoL Compilation)","Nova Terra(诺娃・泰拉)","Quick Restart","Remilia（蕾米莉亚）","Replay The Spire","StSLib","Td1madao Mod","The Administrix","The Alterego","The Bug Knight","The Cursed","The Dragon Tamer","The Hayseed","The Runesmith","TheWitcher","Yuri Mod","Yuyuko","【东方二次创作】八云紫mod"],"gold_per_floor":[84,109,127,146,146,176,186,214,237,237,237,266,286,298,298,394,394,410,410,91,111,121,135,165,194,194,226,226,226,241,241,241,345,345,358,370,370,15,12,12,45,59,359,0,34,34,46,63,63,63,63,63,63,92,92],"floor_reached":56,"playtime":3754,"items_purged":["Strike_HD"],"score":1294,"play_id":"eb0624b9-7361-4906-818e-e3bf15c1a215","local_time":"20201221170205","is_ascension_mode":false,"campfire_choices":[{"floor":11.0,"key":"RECALL"},{"floor":15.0,"key":"REST"},{"floor":28.0,"key":"REST"},{"floor":32.0,"key":"REST"},{"floor":40.0,"key":"REST"},{"floor":46.0,"key":"REST"},{"data":"Strike_HD","floor":49.0,"key":"PURGE"},{"floor":52.0,"key":"REST"}],"circlet_count":0,"master_deck":["Strike_HD","Strike_HD","DrunkenFist","Defend_HD","Defend_HD","Defend_HD","Defend_HD","AlcoholBarrier","BreakDrink","ShrimpCocktail+1","Beer","Brimstone","ShrimpCocktail","Ahahah","Hammer+1","Beer","Hammer","StrangeSheild+1","IceTea","Hammer+1","Metabolism","Yeast","AlcoholFlame","GetToilet","ShrimpCocktail","GetWldd","ShrimpCocktail","Melancholia","IceTea","IceTea","BloodyMary","BloodyMary+1","Bike","ChickenAttack","Conch+1","KingRound","BottleAttack+1","Metabolism+1","Twin"],"relics":["Runesmith:UraniumAnvil","ReplayFunnel","Replay:Wax Seal","Onion Ring","Oddly Smooth Stone","DemoMod:ChaffGrenade","DemoMod:OrangeGuonStone","Sozu","hubris:Icosahedron","DemoMod:MeltedRock","Red Mask","hubris:SlimyHat","Dream Catcher","Runic Pyramid","hubris:Towel","Guide Book","jedi:crownofsimplicity","Calipers","Old Coin","Strange Spoon","jedi:cryingmask","Shuriken"],"acts_visited":["Exordium","TheCity","TheBeyond","TheEnding"],"potions_floor_usage":[],"damage_taken":[{"damage":0.0,"enemies":"Cultist","floor":1.0,"turns":4.0},{"damage":0.0,"enemies":"2 Louse","floor":3.0,"turns":3.0},{"damage":0.0,"enemies":"Jaw Worm","floor":4.0,"turns":3.0},{"damage":1.0,"enemies":"3 Sentries","floor":6.0,"turns":4.0},{"damage":0.0,"enemies":"Blue Slaver","floor":7.0,"turns":3.0},{"damage":23.0,"enemies":"Gremlin Nob","floor":8.0,"turns":5.0},{"damage":6.0,"enemies":"Lagavulin","floor":12.0,"turns":6.0},{"damage":0.0,"enemies":"Large Slime","floor":13.0,"turns":2.0},{"damage":0.0,"enemies":"2 Fungi Beasts","floor":14.0,"turns":1.0},{"damage":0.0,"enemies":"The Guardian","floor":16.0,"turns":10.0},{"damage":0.0,"enemies":"2 Thieves","floor":18.0,"turns":2.0},{"damage":0.0,"enemies":"Spheric Guardian","floor":21.0,"turns":3.0},{"damage":0.0,"enemies":"Shelled Parasite and Fungi","floor":22.0,"turns":3.0},{"damage":0.0,"enemies":"3 Cultists","floor":23.0,"turns":3.0},{"damage":0.0,"enemies":"Masked Bandits","floor":24.0,"turns":5.0},{"damage":0.0,"enemies":"Gremlin Leader","floor":25.0,"turns":4.0},{"damage":0.0,"enemies":"HollowMod:Nosk","floor":27.0,"turns":6.0},{"damage":0.0,"enemies":"Chosen and Byrds","floor":30.0,"turns":5.0},{"damage":0.0,"enemies":"Champ","floor":33.0,"turns":17.0},{"damage":0.0,"enemies":"3 Shapes","floor":35.0,"turns":1.0},{"damage":0.0,"enemies":"3 Darklings","floor":36.0,"turns":5.0},{"damage":0.0,"enemies":"Sphere and 2 Shapes","floor":39.0,"turns":3.0},{"damage":0.0,"enemies":"Reptomancer","floor":41.0,"turns":5.0},{"damage":0.0,"enemies":"Writhing Mass","floor":42.0,"turns":5.0},{"damage":0.0,"enemies":"Giant Head","floor":45.0,"turns":7.0},{"damage":0.0,"enemies":"Spire Growth","floor":47.0,"turns":4.0},{"damage":0.0,"enemies":"4 Shapes","floor":48.0,"turns":1.0},{"damage":6.0,"enemies":"Replay:Hell Engine","floor":50.0,"turns":22.0},{"damage":0.0,"enemies":"Shield and Spear","floor":54.0,"turns":5.0},{"damage":4,"enemies":"The Heart","floor":55,"turns":13}],"seed_played":"8941574309104724264","potions_obtained":[{"floor":1.0,"key":"Flashbang"},{"floor":4.0,"key":"SteroidPotion"},{"floor":12.0,"key":"LiquidMemories"},{"floor":13.0,"key":"Block Potion"}],"is_trial":false,"path_per_floor":["M","T","M","M","?","E","M","E","T","?","R","E","M","M","R","B",null,"M","?","$","M","M","M","?","E","T","E","R","?","M","?","R","B",null,"M","M","?","$","M","R","E","M","T","?","E","R","M","M","R","B",null,"R","$","E","B",null],"character_chosen":"HORNYDRAGON","items_purchased":["DemoMod:MeltedRock","Guide Book","jedi:crownofsimplicity","IceTea"],"campfire_rested":6,"item_purchase_floors":[20,38,38,38],"current_hp_per_floor":[87,87,87,87,87,86,86,63,63,63,63,57,57,57,83,83,87,87,87,87,87,87,87,87,87,87,87,87,87,87,90,90,90,90,90,90,90,90,90,90,90,90,90,90,90,90,90,90,90,90,90,90,90,90,90],"gold":92,"neow_bonus":"BOSS_RELIC","is_daily":false,"chose_seed":false,"campfire_upgraded":0,"win_rate":0.0,"timestamp":1608541325,"path_taken":["M","?","M","M","?","E","M","E","T","?","R","E","?","M","R","BOSS","M","?","$","M","M","M","?","E","T","E","R","?","M","?","R","BOSS","M","M","?","?","?","R","E","M","T","?","E","R","M","?","R","BOSS","R","$","E","BOSS"],"items_purchased_type":["Relic","Relic","Relic","Card"],"build_version":"2020-12-13","purchased_purges":1,"victory":true,"max_hp_per_floor":[87,87,87,87,87,87,87,87,87,87,87,87,87,87,87,87,87,87,87,87,87,87,87,87,87,87,87,87,87,87,90,90,90,90,90,90,90,90,90,90,90,90,90,90,90,90,90,90,90,90,90,90,90,90,90],"card_choices":[{"not_picked":["Alcoholic","Conch"],"picked":"ShrimpCocktail","floor":1.0},{"not_picked":["BloodyMary","AlcoholAttack"],"picked":"Beer","floor":3.0},{"not_picked":["DrumStick","BlackJackAttack"],"picked":"Brimstone","floor":4.0},{"not_picked":["BunnyJump","Scp261"],"picked":"ShrimpCocktail","floor":6.0},{"not_picked":["BunnyJump","BirdAttack"],"picked":"Ahahah","floor":7.0},{"not_picked":["Pigeon","ShrimpCocktail"],"picked":"Hammer","floor":8.0},{"not_picked":["PowerGlove","LuckyCoin","BraveAlcohol"],"picked":"SKIP","floor":12.0},{"not_picked":["BunnyJump","AlcoholGun"],"picked":"Beer","floor":13.0},{"not_picked":["GetToilet","BirdAttack","BreakDrink"],"picked":"SKIP","floor":14.0},{"not_picked":["GetAlcoholism","GetAlcoholSmell"],"picked":"Hammer","floor":16.0},{"not_picked":["Circle","Fbi"],"picked":"StrangeSheild+1","floor":18.0},{"not_picked":["GetStonks+1","Fury+1","DrumStick+1"],"picked":"SKIP","floor":21.0},{"not_picked":["DrumStick+1","Conch","PowerGlove"],"picked":"SKIP","floor":22.0},{"not_picked":["Alcoholic","Conch+1","DoNotDrink"],"picked":"SKIP","floor":23.0},{"not_picked":["DrunkenFist","Ahahah"],"picked":"IceTea","floor":24.0},{"not_picked":["HeadDefend","BreakDrink"],"picked":"Hammer","floor":25.0},{"not_picked":["DrumStick","Beer+1"],"picked":"Metabolism","floor":27.0},{"not_picked":["Weed","AlcoholBarrier"],"picked":"Yeast","floor":28.0},{"not_picked":["BloodyMary","Circle+1"],"picked":"GetToilet","floor":30.0},{"not_picked":["Fury+1","BunnyJump+1"],"picked":"ShrimpCocktail","floor":32.0},{"not_picked":["FearFace","GetAlcoholSmell"],"picked":"GetWldd","floor":33.0},{"not_picked":["Wtf","Circle+1"],"picked":"ShrimpCocktail","floor":35.0},{"not_picked":["ThrowBottle+1","PowerGlove"],"picked":"Melancholia","floor":36.0},{"not_picked":["DrunkardWalk","Wtf"],"picked":"BloodyMary","floor":39.0},{"not_picked":["PowerGlove","Icecream+1"],"picked":"BloodyMary+1","floor":41.0},{"not_picked":["BunnyJump+1","Circle"],"picked":"Bike","floor":42.0},{"not_picked":["Trumpet+1","BottleAttack"],"picked":"ChickenAttack","floor":45.0},{"not_picked":["Heart6+1","DrumStick"],"picked":"Conch+1","floor":46.0},{"not_picked":["HeadDefend","Caffeine+1"],"picked":"KingRound","floor":47.0},{"not_picked":["DrunkenFist+1","DrumStick+1"],"picked":"BottleAttack+1","floor":48.0},{"not_picked":["Conch+1","BottleAttack+1"],"picked":"Metabolism+1","floor":52.0},{"not_picked":["ShrimpCocktail+1","Fury+1"],"picked":"Twin","floor":54.0}],"player_experience":125915,"relics_obtained":[{"floor":2.0,"key":"ReplayFunnel"},{"floor":6.0,"key":"Replay:Wax Seal"},{"floor":8.0,"key":"Onion Ring"},{"floor":9.0,"key":"Oddly Smooth Stone"},{"floor":12.0,"key":"DemoMod:OrangeGuonStone"},{"floor":24.0,"key":"Red Mask"},{"floor":25.0,"key":"hubris:SlimyHat"},{"floor":27.0,"key":"Dream Catcher"},{"floor":41.0,"key":"Calipers"},{"floor":43.0,"key":"Old Coin"},{"floor":45.0,"key":"jedi:cryingmask"},{"floor":54.0,"key":"Shuriken"}],"event_choices":[{"damage_healed":0.0,"max_hp_gain":0.0,"max_hp_loss":0.0,"gold_gain":0.0,"event_name":"WeMeetAgain","player_choice":"Gave Potion","floor":10.0,"gold_loss":0.0,"damage_taken":0.0,"relics_obtained":["DemoMod:ChaffGrenade"]},{"damage_healed":0.0,"max_hp_gain":0.0,"max_hp_loss":0.0,"gold_gain":0.0,"event_name":"Masked Bandits","player_choice":"Fought Bandits","floor":24.0,"gold_loss":0.0,"damage_taken":0.0},{"damage_healed":0.0,"max_hp_gain":0.0,"max_hp_loss":0.0,"gold_gain":0.0,"event_name":"The Library","player_choice":"Read","floor":29.0,"gold_loss":0.0,"damage_taken":0.0,"cards_obtained":["AlcoholFlame"]}],"is_beta":false,"boss_relics":[{"not_picked":["Kintsugi","Cursed Key"],"picked":"Sozu"},{"not_picked":["Painkiller Herb","SacredBark"],"picked":"Runic Pyramid"}],"items_purged_floors":[20],"is_endless":false,"potions_floor_spawned":[1,4,12,13,14,22,27,33,35,39,41,42,47],"ascension_level":0}}