{"host":"kjehzzhcyp0nyrrl","time":1608565359,"event":{"mods":["AchievementEnabler","BaseMod","Custom Start","Hermit","Keyboard Shortcuts","Koishi","Minty Spire (QoL Compilation)","StSLib","SuperFastMode","The Dragon Tamer","The Gatherer","everything is the same but u backflip on backflip"],"gold_per_floor":[110,121,141,151,170,201,201,236,236,236,236,256,35,35,35,137,137,157,168,168,42,69,69,69,80,80,80,99,116,116,116,116],"floor_reached":31,"playtime":639,"items_purged":["Strike_G","Strike_G"],"score":395,"play_id":"5d90df5f-8bc8-4a21-81c6-f5438ad34730","local_time":"20201222004239","is_ascension_mode":true,"campfire_choices":[{"data":"Noxious Fumes","floor":7.0,"key":"SMITH"},{"floor":10.0,"key":"REST"},{"floor":15.0,"key":"REST"},{"floor":23.0,"key":"REST"},{"floor":27.0,"key":"REST"}],"circlet_count":0,"master_deck":["AscendersBane","Strike_G","Strike_G","Strike_G","Defend_G","Defend_G","Defend_G","Defend_G","Defend_G","Survivor","Neutralize","Quick Slash","All Out Attack","Sucker Punch","Noxious Fumes+1","Dagger Throw","Riddle With Holes","Malaise","Noxious Fumes+1","PiercingWail","Flying Knee+1"],"relics":["Busted Crown","StoneCalendar","Smiling Mask","Membership Card","Runic Pyramid","Vajra","Bronze Scales","CaptainsWheel"],"acts_visited":["Exordium","TheCity"],"potions_floor_usage":[],"damage_taken":[{"damage":0.0,"enemies":"Cultist","floor":1.0,"turns":4.0},{"damage":1.0,"enemies":"2 Louse","floor":2.0,"turns":2.0},{"damage":0.0,"enemies":"Jaw Worm","floor":3.0,"turns":4.0},{"damage":1.0,"enemies":"2 Fungi Beasts","floor":4.0,"turns":4.0},{"damage":5.0,"enemies":"Exordium Thugs","floor":5.0,"turns":4.0},{"damage":33.0,"enemies":"Lagavulin","floor":6.0,"turns":9.0},{"damage":18.0,"enemies":"Gremlin Nob","floor":8.0,"turns":4.0},{"damage":8.0,"enemies":"3 Louse","floor":12.0,"turns":2.0},{"damage":25.0,"enemies":"Slime Boss","floor":16.0,"turns":7.0},{"damage":12.0,"enemies":"3 Byrds","floor":18.0,"turns":5.0},{"damage":30.0,"enemies":"2 Thieves","floor":19.0,"turns":4.0},{"damage":14.0,"enemies":"Snake Plant","floor":25.0,"turns":4.0},{"damage":11.0,"enemies":"Cultist and Chosen","floor":28.0,"turns":5.0},{"damage":8.0,"enemies":"Sentry and Sphere","floor":29.0,"turns":5.0},{"damage":9,"enemies":"Snake Plant","floor":31,"turns":2}],"seed_played":"870683133512752944","potions_obtained":[{"floor":3.0,"key":"SkillPotion"},{"floor":8.0,"key":"PowerPotion"},{"floor":16.0,"key":"SmokeBomb"},{"floor":29.0,"key":"Regen Potion"}],"is_trial":false,"path_per_floor":["M","M","M","M","M","E","R","E","T","R","?","M","$","$","R","B",null,"M","M","?","$","T","R","?","M","T","R","M","M","?","M"],"character_chosen":"THE_SILENT","items_purchased":["Membership Card","Riddle With Holes","Vajra"],"campfire_rested":4,"item_purchase_floors":[13,13,21],"current_hp_per_floor":[63,62,62,61,56,23,23,5,5,26,31,23,23,23,45,20,61,49,19,12,12,12,34,34,20,20,42,31,23,9,0,0],"gold":116,"neow_bonus":"BOSS_RELIC","is_daily":false,"chose_seed":false,"campfire_upgraded":1,"win_rate":0.0,"timestamp":1608565359,"path_taken":["M","?","M","M","M","E","R","E","T","R","?","M","?","$","R","BOSS","M","M","?","$","?","R","?","?","T","R","M","M","?","M"],"items_purchased_type":["Relic","Card","Relic"],"build_version":"2020-12-13","purchased_purges":2,"victory":false,"max_hp_per_floor":[70,70,70,70,70,70,70,70,70,70,75,75,75,75,75,75,75,75,75,75,75,75,75,75,75,75,75,75,75,80,80,80],"card_choices":[{"not_picked":[],"picked":"Quick Slash","floor":1.0},{"not_picked":["Outmaneuver"],"picked":"SKIP","floor":2.0},{"not_picked":[],"picked":"All Out Attack","floor":3.0},{"not_picked":[],"picked":"Sucker Punch","floor":4.0},{"not_picked":[],"picked":"Noxious Fumes","floor":5.0},{"not_picked":[],"picked":"Dagger Throw","floor":6.0},{"not_picked":["Bouncing Flask"],"picked":"SKIP","floor":8.0},{"not_picked":["All Out Attack"],"picked":"SKIP","floor":12.0},{"not_picked":[],"picked":"Malaise","floor":16.0},{"not_picked":[],"picked":"Noxious Fumes+1","floor":18.0},{"not_picked":["Finisher"],"picked":"SKIP","floor":19.0},{"not_picked":["Quick Slash"],"picked":"SKIP","floor":25.0},{"not_picked":["PiercingWail"],"picked":"SKIP","floor":28.0},{"not_picked":[],"picked":"PiercingWail","floor":28.0},{"not_picked":[],"picked":"Flying Knee+1","floor":29.0}],"player_experience":373791,"relics_obtained":[{"floor":6.0,"key":"StoneCalendar"},{"floor":8.0,"key":"Smiling Mask"},{"floor":22.0,"key":"Bronze Scales"},{"floor":26.0,"key":"CaptainsWheel"}],"event_choices":[{"damage_healed":0.0,"max_hp_gain":5.0,"max_hp_loss":0.0,"gold_gain":0.0,"event_name":"Big Fish","player_choice":"Donut","floor":11.0,"gold_loss":0.0,"damage_taken":0.0},{"damage_healed":0.0,"max_hp_gain":0.0,"max_hp_loss":0.0,"gold_gain":0.0,"event_name":"Wheel of Change","player_choice":"Damaged","floor":20.0,"gold_loss":0.0,"damage_taken":7.0},{"damage_healed":0.0,"max_hp_gain":0.0,"max_hp_loss":0.0,"gold_gain":0.0,"event_name":"Cursed Tome","player_choice":"Ignored","floor":24.0,"gold_loss":0.0,"damage_taken":0.0},{"damage_healed":0.0,"max_hp_gain":5.0,"max_hp_loss":0.0,"gold_gain":0.0,"event_name":"Forgotten Altar","player_choice":"Shed Blood","floor":30.0,"gold_loss":0.0,"damage_taken":19.0}],"is_beta":false,"boss_relics":[{"not_picked":["Philosopher\u0027s Stone","Black Star"],"picked":"Runic Pyramid"}],"items_purged_floors":[13,21],"is_endless":false,"potions_floor_spawned":[3,8,16,18,29],"killed_by":"Snake Plant","ascension_level":12}}