{"host":"4id8injl4bo2b6ih","time":1608584285,"event":{"mods":["Act Like it!","BaseMod","Better Third Choice","Colored Map","Downfall","Friendly Minions","Highlight Path","Ironclad Rager","Minty Spire (QoL Compilation)","Robot Space Explorer","Shop Mod","Spicy Shops","StSLib","The Runesmith"],"gold_per_floor":[99,109,138,152,163,163,163,163,188,113,113,131,145,169,181,283,283,208,228,78,112,125,50,50,50,62,62,79,98,98,108,126,226,226,226,251,279,308,351,30,91,129,141,153,179,203,126,144,156,156],"floor_reached":51,"playtime":7135,"items_purged":[],"score":1123,"play_id":"4aa48838-5f68-4f9a-942c-18db1cf708aa","local_time":"20201221215805","is_ascension_mode":false,"campfire_choices":[{"data":"sneckomod:TailWhip","floor":1.0,"key":"SMITH"},{"data":"sneckomod:Unknown3Cost","floor":6.0,"key":"SMITH"},{"floor":8.0,"key":"REST"},{"data":"sneckomod:UnknownUncommonAttack","floor":10.0,"key":"SMITH"},{"floor":18.0,"key":"RECALL"},{"data":"sneckomod:UnknownRarePower","floor":23.0,"key":"SMITH"},{"data":"sneckomod:UnknownRareSkill","floor":25.0,"key":"SMITH"},{"data":"sneckomod:Unknown3Cost","floor":27.0,"key":"SMITH"},{"data":"sneckomod:MorePower","floor":35.0,"key":"SMITH"},{"data":"sneckomod:UnknownRarePower","floor":44.0,"key":"SMITH"}],"circlet_count":0,"master_deck":["sneckomod:TailWhip+1","sneckomod:SnekBite","sneckomod:Unknown","sneckomod:Unknown","sneckomod:UnknownBlock","sneckomod:QuickMove","sneckomod:Unknown3Cost+1","hexamod:ThirdSeal","sneckomod:UnknownUncommonAttack+1","sneckomod:Unknown0Cost","sneckomod:Nope","sneckomod:Mudshield","sneckomod:Unknown3Cost+1","sneckomod:UnknownRarePower+1","sneckomod:UnknownRareSkill+1","sneckomod:UnknownClassRUNESMITH_BEIGE","sneckomod:UnknownUncommonAttack","Ghostly","sneckomod:SoulDraw+1","sneckomod:UnknownClassROBOT_ORANGE_COLOR","sneckomod:UnknownDexterity","sneckomod:UnknownClassPURPLE","sneckomod:UnknownClassHEXA_GHOST_PURPLE","sneckomod:UnknownRareAttack","sneckomod:UnknownBlock+1","sneckomod:UnknownClassSLIMEBOUND+1","sneckomod:UnknownRarePower+1","sneckomod:DiceCrush+1","sneckomod:MorePower+1","sneckomod:UnknownColorless","sneckomod:UnknownWeak","sneckomod:UnknownBlock","sneckomod:UnknownColorless","sneckomod:Cheat","sneckomod:IronFang","sneckomod:UnknownUncommonPower+1","sneckomod:CheapStock+1","sneckomod:UnknownClassROBOT_ORANGE_COLOR+1","sneckomod:CheapStock","sneckomod:UnknownStrength+1","sneckomod:Nope+1","sneckomod:UnknownRarePower+1","sneckomod:Nope+1","sneckomod:Unknown0Cost+1","sneckomod:UnknownRarePower+1","sneckomod:UnknownRareAttack","sneckomod:UnknownClassBLUE+1","sneckomod:UnknownWeak+1","sneckomod:UnknownRareSkill+1","sneckomod:UnknownStrength+1","sneckomod:QuickMove+1","sneckomod:Nope+1","sneckomod:SnakeSap+1","sneckomod:Unknown2Cost+1","sneckomod:UnknownExhaust+1","sneckomod:UnknownClassGREEN+1","sneckomod:Unknown0Cost","sneckomod:UnknownUncommonSkill+1","sneckomod:Unknown1Cost+1","sneckomod:UnknownRarePower+1","sneckomod:SnakeSap+1"],"relics":["sneckomod:SneckoSoul","Runesmith:AutoHammer","Runesmith:Nanobots","Question Card","Letter Opener","downfall:HeartBlessingGreen","Philosopher\u0027s Stone","downfall:HeartBlessingBlue","Peace Pipe","downfall:HeartBlessingRed","Smiling Mask","Orichalcum","Pandora\u0027s Box","MawBank","Art of War","Gremlin Horn","Regal Pillow","PreservedInsect","Orrery"],"acts_visited":["Exordium","TheCity","TheBeyond"],"potions_floor_usage":[50],"damage_taken":[{"damage":3.0,"enemies":"Jaw Worm","floor":2.0,"turns":2.0},{"damage":33.0,"enemies":"3 Sentries","floor":3.0,"turns":8.0},{"damage":0.0,"enemies":"2 Louse","floor":4.0,"turns":4.0},{"damage":0.0,"enemies":"Cultist","floor":5.0,"turns":2.0},{"damage":16.0,"enemies":"Gremlin Nob","floor":9.0,"turns":5.0},{"damage":3.0,"enemies":"Blue Slaver","floor":12.0,"turns":4.0},{"damage":11.0,"enemies":"Gremlin Gang","floor":13.0,"turns":3.0},{"damage":0.0,"enemies":"Red Slaver","floor":15.0,"turns":2.0},{"damage":37.0,"enemies":"downfall:Defect","floor":16.0,"turns":8.0},{"damage":10.0,"enemies":"Shell Parasite","floor":19.0,"turns":6.0},{"damage":29.0,"enemies":"Slavers","floor":21.0,"turns":7.0},{"damage":3.0,"enemies":"Centurion and Healer","floor":22.0,"turns":5.0},{"damage":12.0,"enemies":"Cultist and Chosen","floor":26.0,"turns":6.0},{"damage":9.0,"enemies":"Snecko","floor":28.0,"turns":6.0},{"damage":21.0,"enemies":"Centurion and Healer","floor":29.0,"turns":5.0},{"damage":2.0,"enemies":"Shelled Parasite and Fungi","floor":31.0,"turns":4.0},{"damage":39.0,"enemies":"Snake Plant","floor":32.0,"turns":7.0},{"damage":18.0,"enemies":"downfall:Ironclad","floor":33.0,"turns":10.0},{"damage":31.0,"enemies":"Nemesis","floor":36.0,"turns":7.0},{"damage":30.0,"enemies":"Orb Walker","floor":37.0,"turns":4.0},{"damage":23.0,"enemies":"3 Darklings","floor":38.0,"turns":4.0},{"damage":63.0,"enemies":"Giant Head","floor":39.0,"turns":9.0},{"damage":48.0,"enemies":"Reptomancer","floor":42.0,"turns":9.0},{"damage":7.0,"enemies":"Sphere and 2 Shapes","floor":45.0,"turns":3.0},{"damage":25.0,"enemies":"Spire Growth","floor":46.0,"turns":5.0},{"damage":0.0,"enemies":"downfall:FleeingMerchant","floor":47.0,"turns":4.0},{"damage":11.0,"enemies":"Transient","floor":48.0,"turns":5.0},{"damage":20,"enemies":"Writhing Mass","floor":49,"turns":3},{"damage":24,"enemies":"downfall:Silent","floor":50,"turns":10}],"seed_played":"9155386809066279728","potions_obtained":[{"floor":2.0,"key":"EssenceOfSteel"},{"floor":5.0,"key":"Block Potion"},{"floor":13.0,"key":"Explosive Potion"},{"floor":21.0,"key":"Swift Potion"},{"floor":31.0,"key":"Fruit Juice"},{"floor":37.0,"key":"CultistPotion"},{"floor":45.0,"key":"sneckomod:MuddlingPotion"},{"floor":46.0,"key":"Fruit Juice"},{"floor":48.0,"key":"Guardian:BlockOnCardUsePotion"}],"is_trial":false,"path_per_floor":["R","M","E","M","M","R","T","R","E","R","?","M","M","T","M","B",null,"R","M","?","E","M","R","T","R","M","R","M","M","?","M","M","B",null,"R","E","M","M","E","?","T","E","?","R","M","M","$","M","M","B",null],"character_chosen":"THE_SNECKO","items_purchased":["Orrery"],"campfire_rested":1,"item_purchase_floors":[47],"current_hp_per_floor":[90,88,55,58,59,59,59,87,72,72,72,70,59,59,60,25,100,110,102,102,74,72,72,72,72,61,61,54,48,48,47,29,12,129,129,115,85,67,5,150,150,105,105,105,100,77,90,89,70,46],"gold":156,"neow_bonus":"RANDOM_COMMON_RELIC","is_daily":false,"chose_seed":false,"campfire_upgraded":8,"win_rate":0.0,"timestamp":1608584285,"path_taken":["R","M","E","M","M","R","T","R","E","R","?","M","M","?","M","BOSS","R","M","?","E","M","R","T","R","M","R","M","M","?","M","M","BOSS","R","E","?","M","E","?","T","E","?","R","M","?","?","M","M","BOSS"],"items_purchased_type":["Relic"],"build_version":"2020-12-13","purchased_purges":0,"victory":true,"max_hp_per_floor":[90,91,91,94,95,95,95,95,96,96,96,97,97,97,98,100,100,110,112,112,113,114,114,114,114,115,115,117,118,118,119,125,126,129,129,131,131,132,133,150,150,153,153,153,155,157,166,168,169,169],"card_choices":[{"not_picked":["sneckomod:WideSting","sneckomod:DiceBlock"],"picked":"sneckomod:UnknownBlock","floor":2.0},{"not_picked":["sneckomod:SlitherStrike","sneckomod:RainOfDice"],"picked":"sneckomod:QuickMove","floor":3.0},{"not_picked":["sneckomod:DiceBlock","sneckomod:UnknownWeak","sneckomod:DefensiveFlair"],"picked":"SKIP","floor":4.0},{"not_picked":["sneckomod:QuickMove","sneckomod:UnknownStrike"],"picked":"sneckomod:Unknown3Cost","floor":5.0},{"not_picked":["hexamod:FirstSeal","hexamod:FourthSeal","hexamod:SecondSeal"],"picked":"hexamod:ThirdSeal","floor":9.0},{"not_picked":["sneckomod:DiceBlock","sneckomod:SoulDraw","sneckomod:UnknownStrike"],"picked":"sneckomod:UnknownUncommonAttack","floor":9.0},{"not_picked":["sneckomod:UnknownBlock","sneckomod:IronFang","sneckomod:UnknownClassRED"],"picked":"sneckomod:Unknown0Cost","floor":12.0},{"not_picked":["sneckomod:UnknownBlock","sneckomod:QuickMove","sneckomod:DiceBlock"],"picked":"sneckomod:Nope","floor":12.0},{"not_picked":["sneckomod:QuickBite","sneckomod:UnknownCommonSkill","sneckomod:DiceBlock"],"picked":"sneckomod:Mudshield","floor":13.0},{"not_picked":["sneckomod:MixItUp","sneckomod:SoulRoll","sneckomod:UnknownExhaust"],"picked":"sneckomod:Unknown3Cost","floor":15.0},{"not_picked":["sneckomod:UnknownCommonSkill","sneckomod:SoulDraw","sneckomod:DiceBlock","sneckomod:IronFang"],"picked":"SKIP","floor":15.0},{"not_picked":["sneckomod:Transmogrify","sneckomod:Mudshield","sneckomod:SerpentMind"],"picked":"sneckomod:UnknownRarePower","floor":16.0},{"not_picked":["sneckomod:Mudshield","sneckomod:Transmogrify","sneckomod:UnlimitedRolls"],"picked":"sneckomod:UnknownRareSkill","floor":16.0},{"not_picked":["sneckomod:Rotation","sneckomod:SoulRoll","sneckomod:UnknownCommonSkill"],"picked":"sneckomod:UnknownClassRUNESMITH_BEIGE","floor":19.0},{"not_picked":["sneckomod:SlitherStrike","sneckomod:QuickBite","sneckomod:DiceCrush"],"picked":"sneckomod:UnknownUncommonAttack","floor":19.0},{"not_picked":["sneckomod:DiceCrush","sneckomod:SlitherStrike","sneckomod:WideSting"],"picked":"sneckomod:SoulDraw+1","floor":21.0},{"not_picked":["sneckomod:UnknownUncommonAttack+1","sneckomod:UnknownCommonSkill","sneckomod:UnknownWeak"],"picked":"sneckomod:UnknownClassROBOT_ORANGE_COLOR","floor":21.0},{"not_picked":["sneckomod:TrashToTreasure","sneckomod:UnknownWeak","sneckomod:PureSnecko"],"picked":"sneckomod:UnknownDexterity","floor":22.0},{"not_picked":["sneckomod:DiceCrush","sneckomod:SoulDraw","sneckomod:ImprovisedAttack"],"picked":"sneckomod:UnknownClassPURPLE","floor":26.0},{"not_picked":["sneckomod:DangerNoodle","sneckomod:SoulDraw+1","sneckomod:UnknownWeak","sneckomod:DiceCrush"],"picked":"SKIP","floor":26.0},{"not_picked":["sneckomod:QuickBite","sneckomod:UnknownWeak+1","sneckomod:UnknownClassBLUE"],"picked":"sneckomod:UnknownClassHEXA_GHOST_PURPLE","floor":28.0},{"not_picked":["sneckomod:UnknownVulnerable","sneckomod:WideSting","sneckomod:UnknownStrike"],"picked":"sneckomod:UnknownRareAttack","floor":28.0},{"not_picked":["sneckomod:UnknownStrike","sneckomod:QuickBite","sneckomod:UnknownX+1"],"picked":"sneckomod:UnknownBlock+1","floor":29.0},{"not_picked":["sneckomod:UnknownX+1","sneckomod:RainOfDice","sneckomod:DefensiveFlair"],"picked":"sneckomod:UnknownClassSLIMEBOUND+1","floor":31.0},{"not_picked":["sneckomod:UnknownBlock","sneckomod:UnknownStrike","sneckomod:UnknownCommonSkill","sneckomod:SoulRoll"],"picked":"SKIP","floor":31.0},{"not_picked":["sneckomod:DiceBoulder","sneckomod:IronFang","sneckomod:DiceBlock"],"picked":"sneckomod:UnknownRarePower","floor":32.0},{"not_picked":["sneckomod:SerpentIdol","sneckomod:SnekBeam","sneckomod:QuickBite"],"picked":"sneckomod:DiceCrush+1","floor":32.0},{"not_picked":["sneckomod:Mudshield","sneckomod:UnknownRareSkill","sneckomod:SerpentMind"],"picked":"sneckomod:MorePower","floor":33.0},{"not_picked":["sneckomod:DangerNoodle","sneckomod:UnknownRareSkill","sneckomod:GlitteringGambit"],"picked":"sneckomod:UnknownColorless","floor":33.0},{"not_picked":["sneckomod:UnknownWeak+1","sneckomod:UnknownClassGUARDIAN+1","sneckomod:Unknown2Cost+1"],"picked":"sneckomod:UnknownUncommonPower+1","floor":36.0},{"not_picked":["sneckomod:SerpentIdol","sneckomod:UnknownVulnerable+1","sneckomod:Cheat"],"picked":"sneckomod:CheapStock+1","floor":36.0},{"not_picked":["sneckomod:UnknownBlock","sneckomod:UnknownDexterity","sneckomod:UnknownCommonSkill"],"picked":"sneckomod:UnknownClassROBOT_ORANGE_COLOR+1","floor":36.0},{"not_picked":["sneckomod:UnknownVulnerable","sneckomod:UnknownWeak","sneckomod:UnknownStrike"],"picked":"sneckomod:CheapStock","floor":37.0},{"not_picked":["sneckomod:UnknownClassHEXA_GHOST_PURPLE+1","sneckomod:UnknownCommonSkill","sneckomod:UnknownCommonAttack"],"picked":"sneckomod:UnknownStrength+1","floor":38.0},{"not_picked":["sneckomod:DiceBlock+1","sneckomod:UnknownBlock+1","sneckomod:UnknownCommonAttack"],"picked":"sneckomod:Nope+1","floor":39.0},{"not_picked":["sneckomod:UnknownRareSkill+1","sneckomod:UnknownUncommonSkill+1","sneckomod:UnknownEthereal+1"],"picked":"sneckomod:UnknownRarePower+1","floor":39.0},{"not_picked":["sneckomod:UnknownCommonAttack","sneckomod:DiceBoulder+1","sneckomod:ImprovisedAttack+1"],"picked":"sneckomod:Nope+1","floor":39.0},{"not_picked":["sneckomod:UnknownCommonSkill+1","sneckomod:RainOfDice+1","sneckomod:SoulCleanse"],"picked":"sneckomod:Unknown0Cost+1","floor":42.0},{"not_picked":["sneckomod:UnknownDexterity+1","sneckomod:UnknownClassROBOT_ORANGE_COLOR+1","sneckomod:UnknownClassTHE_CHAMP_GRAY+1"],"picked":"sneckomod:UnknownRarePower+1","floor":42.0},{"not_picked":["sneckomod:UnknownUncommonSkill+1","sneckomod:Nope","sneckomod:MixItUp+1"],"picked":"sneckomod:UnknownRareAttack","floor":42.0},{"not_picked":["sneckomod:Rotation+1","sneckomod:QuickMove+1","sneckomod:UnknownUncommonSkill"],"picked":"sneckomod:UnknownClassBLUE+1","floor":45.0},{"not_picked":["sneckomod:UnknownExhaust+1","sneckomod:Unknown1Cost","sneckomod:SoulDraw"],"picked":"sneckomod:UnknownWeak+1","floor":45.0},{"not_picked":["sneckomod:UnknownX+1","sneckomod:Unknown+1","sneckomod:UnknownClassSLIMEBOUND+1"],"picked":"sneckomod:UnknownRareSkill+1","floor":46.0},{"not_picked":["sneckomod:Restock","sneckomod:UnknownBlock+1","sneckomod:UnknownEthereal"],"picked":"sneckomod:UnknownStrength+1","floor":46.0},{"not_picked":["sneckomod:UnknownStrike","sneckomod:UnknownCommonAttack","sneckomod:PureSnecko"],"picked":"sneckomod:QuickMove+1","floor":46.0},{"not_picked":["sneckomod:UnknownVulnerable+1","sneckomod:DefensiveFlair+1","sneckomod:UnknownColorless"],"picked":"sneckomod:Nope+1","floor":47.0},{"not_picked":["sneckomod:SoulRoll+1","sneckomod:Nope+1","sneckomod:SoulDraw"],"picked":"sneckomod:SnakeSap+1","floor":47.0},{"not_picked":["sneckomod:Nope","sneckomod:ImprovisedGuard+1","sneckomod:SlitherStrike+1"],"picked":"sneckomod:Unknown2Cost+1","floor":47.0},{"not_picked":["sneckomod:SoulRoll","sneckomod:ImprovisedGuard","sneckomod:Unknown1Cost+1"],"picked":"sneckomod:UnknownExhaust+1","floor":47.0},{"not_picked":["sneckomod:UnknownClassHEXA_GHOST_PURPLE+1","sneckomod:SoulExchange","sneckomod:UnknownClassTHE_CHAMP_GRAY"],"picked":"sneckomod:UnknownClassGREEN+1","floor":47.0},{"not_picked":["sneckomod:Unknown1Cost+1","sneckomod:UnknownUncommonAttack","sneckomod:DiceBlock"],"picked":"sneckomod:Unknown0Cost","floor":47.0},{"not_picked":["sneckomod:DiceBlock","sneckomod:SnekBeam","sneckomod:Unknown1Cost"],"picked":"sneckomod:UnknownUncommonSkill+1","floor":48.0},{"not_picked":["sneckomod:DiceBoulder+1","sneckomod:UnknownVulnerable+1","sneckomod:Restock"],"picked":"sneckomod:Unknown1Cost+1","floor":48.0},{"not_picked":["sneckomod:UnknownRareAttack+1","sneckomod:UnknownClassGREEN+1","sneckomod:UnknownClassGUARDIAN+1"],"picked":"sneckomod:UnknownRarePower+1","floor":49},{"not_picked":["sneckomod:UnknownStrength+1","sneckomod:UnknownBlock+1","sneckomod:Unknown2Cost"],"picked":"sneckomod:SnakeSap+1","floor":49}],"player_experience":377782,"relics_obtained":[{"floor":3.0,"key":"Runesmith:Nanobots"},{"floor":7.0,"key":"Question Card"},{"floor":9.0,"key":"Letter Opener"},{"floor":21.0,"key":"Peace Pipe"},{"floor":24.0,"key":"Smiling Mask"},{"floor":29.0,"key":"Orichalcum"},{"floor":36.0,"key":"MawBank"},{"floor":36.0,"key":"Art of War"},{"floor":39.0,"key":"Gremlin Horn"},{"floor":41.0,"key":"Regal Pillow"},{"floor":42.0,"key":"PreservedInsect"}],"event_choices":[{"cards_removed":["sneckomod:Strike"],"damage_healed":0.0,"max_hp_gain":0.0,"max_hp_loss":0.0,"gold_gain":0.0,"event_name":"Purifier","player_choice":"Purged","floor":30.0,"gold_loss":0.0,"damage_taken":0.0}],"is_beta":false,"boss_relics":[{"not_picked":["SacredBark","Busted Crown"],"picked":"Philosopher\u0027s Stone"},{"not_picked":["SlaversCollar","Velvet Choker"],"picked":"Pandora\u0027s Box"}],"items_purged_floors":[],"is_endless":false,"potions_floor_spawned":[2,5,13,21,26,28,31,37,45,46,48],"ascension_level":0}}