{"host":"vumwfieg2b2mnrfl","time":1608577258,"event":{"mods":["AchievementEnabler","BaseMod","Minty Spire (QoL Compilation)","Rare Cards Sparkle","Relic Stats"],"gold_per_floor":[114,114,114,132,151,183,183,209,209,209,226,226,242,259,259,364,364,377,394,394,419,433,433,433,433],"floor_reached":24,"playtime":854,"items_purged":[],"score":312,"play_id":"5bd82728-8a6c-4b7a-9a38-594e7d1b7016","local_time":"20201221130058","is_ascension_mode":true,"campfire_choices":[{"floor":7,"key":"REST"},{"floor":10,"key":"REST"},{"floor":15,"key":"REST"},{"floor":23,"key":"REST"}],"circlet_count":0,"master_deck":["AscendersBane","Strike_R","Strike_R","Strike_R","Strike_R","Defend_R","Defend_R","Defend_R","Bash","Normality","Shrug It Off","Clothesline","True Grit","Pommel Strike","Uppercut","Feed","Berserk+1","Injury","Twin Strike+1","Fire Breathing+1","Battle Trance","Disarm"],"relics":["Burning Blood","Dead Branch","Frozen Egg 2","Mercury Hourglass","Bag of Marbles","Shuriken","Bottled Lightning","Astrolabe","Red Mask"],"acts_visited":["Exordium","TheCity"],"potions_floor_usage":[16,19,21,24],"damage_taken":[{"damage":4,"enemies":"2 Louse","floor":1,"turns":3},{"damage":11,"enemies":"Jaw Worm","floor":4,"turns":4},{"damage":9,"enemies":"Cultist","floor":5,"turns":4},{"damage":51,"enemies":"Lagavulin","floor":6,"turns":8},{"damage":39,"enemies":"Gremlin Nob","floor":8,"turns":5},{"damage":10,"enemies":"2 Fungi Beasts","floor":11,"turns":3},{"damage":7,"enemies":"Looter","floor":13,"turns":2},{"damage":4,"enemies":"3 Louse","floor":14,"turns":4},{"damage":59,"enemies":"Slime Boss","floor":16,"turns":9},{"damage":27,"enemies":"Spheric Guardian","floor":18,"turns":5},{"damage":4,"enemies":"Chosen","floor":19,"turns":4},{"damage":22,"enemies":"Masked Bandits","floor":21,"turns":3},{"damage":33,"enemies":"Centurion and Healer","floor":22,"turns":8},{"damage":52,"enemies":"Book of Stabbing","floor":24,"turns":7}],"seed_played":"-5992238541767519478","potions_obtained":[{"floor":6,"key":"SpeedPotion"},{"floor":11,"key":"Swift Potion"},{"floor":16,"key":"EssenceOfSteel"},{"floor":18,"key":"AttackPotion"},{"floor":19,"key":"FearPotion"},{"floor":22,"key":"Regen Potion"}],"is_trial":false,"path_per_floor":["M","?","?","M","M","E","R","E","T","R","M","?","M","M","R","B",null,"M","M","?","?","M","R","E"],"character_chosen":"IRONCLAD","items_purchased":[],"campfire_rested":4,"item_purchase_floors":[],"current_hp_per_floor":[74,74,74,69,66,21,45,12,12,36,32,32,31,33,57,7,64,43,45,45,32,8,34,0,0],"gold":433,"neow_bonus":"ONE_RARE_RELIC","is_daily":false,"chose_seed":false,"campfire_upgraded":0,"win_rate":0.0,"timestamp":1608577258,"path_taken":["M","?","?","M","M","E","R","E","T","R","?","?","M","M","R","BOSS","M","M","?","?","M","R","E"],"items_purchased_type":[],"build_version":"2020-12-13","purchased_purges":0,"victory":false,"max_hp_per_floor":[80,80,80,80,80,80,80,80,80,80,80,80,80,80,80,83,83,83,83,83,86,89,89,89,89],"relic_stats":{"counters":[14,68],"Shuriken":[7],"Dead Branch":[26],"Astrolabe":["Injury","Twin Strike","Fire Breathing"],"obtain_stats":[{"Shuriken":8,"Dead Branch":0,"Astrolabe":17,"Bag of Marbles":6,"Red Mask":21,"Bottled Lightning":9,"Frozen Egg 2":2,"Burning Blood":0,"Mercury Hourglass":3},{"Shuriken":5,"Dead Branch":0,"Astrolabe":9,"Bag of Marbles":4,"Red Mask":12,"Bottled Lightning":5,"Frozen Egg 2":1,"Burning Blood":0,"Mercury Hourglass":1},{"Shuriken":24,"Dead Branch":0,"Astrolabe":41,"Bag of Marbles":19,"Red Mask":53,"Bottled Lightning":24,"Frozen Egg 2":3,"Burning Blood":0,"Mercury Hourglass":3}],"Burning Blood":78,"Mercury Hourglass":[222]},"card_choices":[{"not_picked":["Body Slam","Headbutt"],"picked":"Pommel Strike","floor":1},{"not_picked":["Armaments","Burning Pact"],"picked":"Shrug It Off","floor":4},{"not_picked":["Ghostly Armor","Combust+1"],"picked":"Clothesline","floor":5},{"not_picked":["Disarm","Perfected Strike"],"picked":"True Grit","floor":6},{"not_picked":["Pummel","Flex","Heavy Blade"],"picked":"SKIP","floor":8},{"not_picked":["Perfected Strike","Cleave"],"picked":"Pommel Strike","floor":11},{"not_picked":["Sever Soul","Havoc"],"picked":"Uppercut","floor":13},{"not_picked":["Spot Weakness","Burning Pact"],"picked":"Feed","floor":14},{"not_picked":["Exhume","Offering"],"picked":"Berserk+1","floor":16},{"not_picked":["Iron Wave","Wild Strike","Cleave"],"picked":"SKIP","floor":18},{"not_picked":["Infernal Blade","Shockwave"],"picked":"Battle Trance","floor":19},{"not_picked":["Blood for Blood","Clothesline"],"picked":"Disarm","floor":21},{"not_picked":["Dropkick","Rupture+1","Sword Boomerang"],"picked":"SKIP","floor":22}],"player_experience":272605,"relics_obtained":[{"floor":6,"key":"Bag of Marbles"},{"floor":8,"key":"Shuriken"},{"floor":9,"key":"Bottled Lightning"},{"floor":21,"key":"Red Mask"}],"event_choices":[{"damage_healed":0,"gold_gain":0,"player_choice":"Box","damage_taken":0,"relics_obtained":["Frozen Egg 2"],"max_hp_gain":0,"max_hp_loss":0,"event_name":"Big Fish","floor":2,"gold_loss":0,"cards_obtained":["Regret"]},{"cards_removed":["Pommel Strike"],"damage_healed":0,"gold_gain":0,"player_choice":"Gave Card","damage_taken":0,"relics_obtained":["Mercury Hourglass"],"max_hp_gain":0,"max_hp_loss":0,"event_name":"WeMeetAgain","floor":3,"gold_loss":0},{"damage_healed":0,"gold_gain":0,"player_choice":"Ignored","damage_taken":0,"max_hp_gain":0,"max_hp_loss":0,"event_name":"Golden Idol","floor":12,"gold_loss":0},{"damage_healed":0,"gold_gain":0,"player_choice":"Ignored","damage_taken":0,"max_hp_gain":0,"max_hp_loss":0,"event_name":"Vampires","floor":20,"gold_loss":0},{"damage_healed":0,"gold_gain":0,"player_choice":"Fought Bandits","damage_taken":0,"max_hp_gain":0,"max_hp_loss":0,"event_name":"Masked Bandits","floor":21,"gold_loss":0}],"is_beta":false,"boss_relics":[{"not_picked":["Fusion Hammer","Runic Dome"],"picked":"Astrolabe"}],"items_purged_floors":[],"is_endless":false,"potions_floor_spawned":[6,11,16,18,19,22],"killed_by":"Book of Stabbing","ascension_level":10}}