{"host":"867cnhxguf2bzj4x","time":1608578741,"event":{"mods":["BaseMod","GifTheSpireLib","Minty Spire (QoL Compilation)","StSLib","The Bug Knight","The Cursed","The Hierophant","The Servant 0.9.4"],"gold_per_floor":[112,112,112,74,86,86,118,124,124,141,156,146,146,161,161,91,91],"floor_reached":16,"playtime":626,"items_purged":[],"score":127,"play_id":"d11a6afd-aaf7-41f5-97dd-c12ba213b400","local_time":"20201221202541","is_ascension_mode":false,"campfire_choices":[{"data":"hierophant:Flagellation","floor":6,"key":"SMITH"},{"data":"hierophant:PristineSoul","floor":13,"key":"SMITH"},{"floor":15,"key":"REST"}],"circlet_count":0,"master_deck":["hierophant:Strike_Hierophant","hierophant:Strike_Hierophant","hierophant:Strike_Hierophant+1","hierophant:Strike_Hierophant","hierophant:Punish+1","hierophant:Defend_Hierophant+1","hierophant:Defend_Hierophant","hierophant:Defend_Hierophant","hierophant:Defend_Hierophant","hierophant:ChurchCoffers","hierophant:MorningPrayer","hierophant:Flagellation+1","hierophant:SealAway","hierophant:PristineSoul+1","hierophant:DivineIntervention"],"relics":["hierophant:PropheticMaskRelic","NeowsBlessing","Peace Pipe","FossilizedHelix","Odd Mushroom"],"acts_visited":["Exordium"],"potions_floor_usage":[],"damage_taken":[{"damage":0,"enemies":"2 Louse","floor":1,"turns":1},{"damage":0,"enemies":"Small Slimes","floor":5,"turns":1},{"damage":0,"enemies":"3 Sentries","floor":7,"turns":1},{"damage":6,"enemies":"Jaw Worm","floor":8,"turns":2},{"damage":0,"enemies":"The Mushroom Lair","floor":10,"turns":1},{"damage":0,"enemies":"Large Slime","floor":11,"turns":4},{"damage":0,"enemies":"Exordium Thugs","floor":12,"turns":1},{"damage":0,"enemies":"Red Slaver","floor":14,"turns":2},{"damage":100,"enemies":"The Guardian","floor":16,"turns":21}],"seed_played":"1660621357439726434","potions_obtained":[{"floor":7,"key":"SpeedPotion"},{"floor":8,"key":"Explosive Potion"},{"floor":11,"key":"PowerPotion"}],"is_trial":false,"path_per_floor":["M","?","?","$","M","R","E","M","T","?","M","M","R","M","R","B"],"character_chosen":"HIEROPHANT","items_purchased":["hierophant:Flagellation"],"campfire_rested":1,"item_purchase_floors":[4],"current_hp_per_floor":[75,75,60,60,60,60,60,54,54,54,54,54,54,54,75,0,0],"gold":91,"neow_bonus":"THREE_ENEMY_KILL","is_daily":false,"chose_seed":false,"campfire_upgraded":2,"win_rate":0.0,"timestamp":1608578741,"path_taken":["M","?","?","?","M","R","E","M","T","?","M","?","R","M","R","BOSS"],"items_purchased_type":["Card"],"build_version":"2020-12-13","purchased_purges":0,"victory":false,"max_hp_per_floor":[75,75,75,75,75,75,75,75,75,75,75,75,75,75,75,75,75],"card_choices":[{"not_picked":["hierophant:Alms","hierophant:Doubloon"],"picked":"hierophant:MorningPrayer","floor":1},{"not_picked":["hierophant:EyeForCoin","hierophant:CoinFling","hierophant:Embezzle"],"picked":"SKIP","floor":5},{"not_picked":["hierophant:RepressedViolence","hierophant:DeathKnell"],"picked":"hierophant:SealAway","floor":7},{"not_picked":["hierophant:ThreeLashes","hierophant:Charity"],"picked":"hierophant:PristineSoul","floor":8},{"not_picked":["hierophant:DisplayOfPower","hierophant:CursedGold","hierophant:OrnateBuckler"],"picked":"SKIP","floor":11},{"not_picked":["hierophant:HammerAndAnvil","hierophant:AuricBeam","hierophant:Remorse"],"picked":"SKIP","floor":12},{"not_picked":["hierophant:RepressedViolence","hierophant:FieryStrike"],"picked":"hierophant:DivineIntervention","floor":14}],"player_experience":81555,"relics_obtained":[{"floor":7,"key":"Peace Pipe"},{"floor":9,"key":"FossilizedHelix"},{"floor":10,"key":"Odd Mushroom"}],"event_choices":[{"damage_healed":0,"gold_gain":0,"player_choice":"Grow","damage_taken":0,"max_hp_gain":0,"max_hp_loss":0,"event_name":"Living Wall","floor":2,"gold_loss":0,"cards_upgraded":["hierophant:Punish"]},{"damage_healed":0,"gold_gain":0,"player_choice":"Entered Light","damage_taken":15,"max_hp_gain":0,"max_hp_loss":0,"event_name":"Shining Light","floor":3,"gold_loss":0,"cards_upgraded":["hierophant:Strike_Hierophant","hierophant:Defend_Hierophant"]},{"damage_healed":0,"gold_gain":0,"player_choice":"Fought Mushrooms","damage_taken":0,"max_hp_gain":0,"max_hp_loss":0,"event_name":"Mushrooms","floor":10,"gold_loss":0}],"is_beta":false,"boss_relics":[],"items_purged_floors":[],"is_endless":false,"potions_floor_spawned":[7,8,11,14],"killed_by":"The Guardian","ascension_level":0}}