{"host":"ml80p9p157c7xd90","time":1608515047,"event":{"mods":["2.2 Compatiblity","Act Like it!","Ascension Unlocker","Aspiration","BaseMod","Better Altar","Better Match","Better Note","Better Sensory Stone","Better Skull","Better Third Choice","CapriCore","Colored Map","Conspire","Friendly Minions","Gensokyo","Halation","Minty Spire (QoL Compilation)","Pale of the Ancients","Replay The Spire","StSLib","TheBandit","Wandering Minibosses"],"gold_per_floor":[114,114,33,47,47,77,95,95,122,147,147,166,176,205,205,284,284,304,304,304,304],"floor_reached":19,"playtime":949,"items_purged":[],"score":394,"play_id":"67566d89-c266-4766-9a78-6adb9ecae45e","local_time":"20201220184407","is_ascension_mode":true,"campfire_choices":[{"data":"wariomod:TrekTime","floor":8,"key":"SMITH"},{"data":"wariomod:GoAgain","floor":15,"key":"SMITH"}],"circlet_count":0,"master_deck":["AscendersBane","wariomod:Strike","wariomod:Strike","wariomod:Strike","wariomod:Strike","wariomod:Defend","wariomod:Defend","wariomod:Defend","wariomod:Defend","wariomod:TrekTime+1","wariomod:HappyHit","wariomod:HappyHit+1","wariomod:ImFeelingLucky","wariomod:GoAgain+1","wariomod:RacingSpeed","wariomod:GoAgain"],"relics":["wariomod:TheHat","NeowsBlessing","Gensokyo:Mercy","ReplayTheSpireMod:TigerMarble","Centennial Puzzle","Onion Ring","Blood Vial","Painkiller Herb"],"acts_visited":["Gensokyo:Gensokyo","Gensokyo:Gensokyoer"],"potions_floor_usage":[],"damage_taken":[{"damage":0,"enemies":"Gensokyo:2_Kodama","floor":1,"turns":1},{"damage":0,"enemies":"Gensokyo:Gryphon","floor":4,"turns":1},{"damage":0,"enemies":"Gensokyo:Aya","floor":6,"turns":1},{"damage":0,"enemies":"Gensokyo:3_Fairies","floor":7,"turns":3},{"damage":13,"enemies":"Gensokyo:Mamizou","floor":10,"turns":7},{"damage":15,"enemies":"Gensokyo:VengefulSpirit","floor":12,"turns":6},{"damage":2,"enemies":"Gensokyo:Kitsune","floor":13,"turns":3},{"damage":7,"enemies":"Gensokyo:Aya","floor":14,"turns":3},{"damage":22,"enemies":"Gensokyo:Kokoro","floor":16,"turns":10},{"damage":20,"enemies":"Gensokyo:CosmicMonolith","floor":18,"turns":4},{"damage":0,"enemies":"Gensokyo:3_Dogs","floor":19,"turns":1}],"seed_played":"5412459537298341660","potions_obtained":[{"floor":1,"key":"Reflective Coating"},{"floor":4,"key":"FearPotion"}],"is_trial":false,"path_per_floor":["M","?","$","M","?","E","M","R","T","E","?","M","M","E","R","B",null,"?","?"],"character_chosen":"THE_BANDIT","items_purchased":["wariomod:HappyHit"],"campfire_rested":0,"item_purchase_floors":[3],"current_hp_per_floor":[65,65,65,65,65,65,65,65,65,52,52,37,35,28,28,8,56,38,40,40,40],"gold":304,"neow_bonus":"THREE_ENEMY_KILL","is_daily":false,"chose_seed":false,"campfire_upgraded":2,"win_rate":0.0,"timestamp":1608515047,"path_taken":["M","?","$","M","?","E","M","R","T","E","?","M","?","E","R","BOSS","?","?"],"items_purchased_type":["Card"],"build_version":"2020-12-13","purchased_purges":0,"victory":false,"max_hp_per_floor":[72,72,72,72,72,72,72,72,72,72,72,72,72,72,72,72,72,72,72,72,72],"card_choices":[{"not_picked":["wariomod:DeepDig","wariomod:EmptyMind"],"picked":"wariomod:TrekTime","floor":1},{"not_picked":["wariomod:f","wariomod:SmallSprint","wariomod:Bomblaster"],"picked":"SKIP","floor":4},{"not_picked":["wariomod:BoomBoom","wariomod:SmallSprint","wariomod:DanceDash"],"picked":"SKIP","floor":6},{"not_picked":["wariomod:SmackSlam","wariomod:SpaceSwap"],"picked":"wariomod:ImFeelingLucky","floor":7},{"not_picked":["wariomod:ThatsNotAll","wariomod:DamnedStrength"],"picked":"wariomod:GoAgain","floor":10},{"not_picked":["wariomod:SmallSprint","wariomod:PayItForwards"],"picked":"wariomod:RacingSpeed","floor":12},{"not_picked":["wariomod:TempestBlasts","wariomod:Leapslam","wariomod:Bombtime"],"picked":"SKIP","floor":13},{"not_picked":["wariomod:Bombtime","wariomod:SpikeSlash","wariomod:SmallSprint"],"picked":"SKIP","floor":14},{"not_picked":["wariomod:ShipSmash","wariomod:Sidestep"],"picked":"wariomod:GoAgain","floor":16},{"not_picked":["wariomod:Smackflip","wariomod:GreaterGuard","wariomod:SmallSprint"],"picked":"SKIP","floor":18}],"player_experience":378757,"relics_obtained":[{"floor":6,"key":"ReplayTheSpireMod:TigerMarble"},{"floor":9,"key":"Centennial Puzzle"},{"floor":10,"key":"Onion Ring"},{"floor":14,"key":"Blood Vial"}],"event_choices":[],"is_beta":false,"boss_relics":[{"not_picked":["Empty Cage","ReplayTheSpireMod:DimensionalGlitch"],"picked":"Painkiller Herb"}],"items_purged_floors":[],"is_endless":false,"potions_floor_spawned":[1,4,6,7,18],"killed_by":"Gensokyo:3_Dogs","ascension_level":20}}