{"host":"dntw6kil9p09eemm","time":1608518958,"event":{"mods":["Alarm Clock","Aspiration","BaseMod","Colored Powertips","Downfall","Hermit","Hubris","Minty Spire (QoL Compilation)","Permanent Neow","Replay The Spire","Reworked Bosses","Shop Mod","Spicy Shops","StSLib","The Runesmith"],"gold_per_floor":[111,111,128,144,137,137,169,169,193,210,222,222,242,260,260,363,363,375,63,83,101,101,101,113,113,138,171,87,105,148,181,181,181,181],"floor_reached":33,"playtime":1862,"items_purged":["hexamod:Defend","hexamod:Defend"],"score":319,"play_id":"5eba315c-a244-4df7-b7e3-fe2d6d9f5f5b","local_time":"20201221114918","is_ascension_mode":false,"campfire_choices":[{"data":"hexamod:Float","floor":6.0,"key":"SMITH"},{"data":"hexamod:FastForward","floor":8.0,"key":"SMITH"},{"floor":15.0,"key":"REST"},{"floor":23.0,"key":"REST"},{"floor":32,"key":"REST"}],"circlet_count":0,"master_deck":["hexamod:Strike","hexamod:Strike","hexamod:Strike","hexamod:Defend","hexamod:Defend","hexamod:Sear","hexamod:Float+1","hexamod:FastForward+1","hexamod:ThirdSeal","hexamod:SpectralSpark","hexamod:PhantomFireball","hubris:Wrath","hexamod:FastForward+1","hexamod:FastForward","hexamod:FastForward","hexamod:Firestarter","hexamod:GhostOfSpireFuture","hexamod:ThermalTransfer","hexamod:ThermalTransfer","hexamod:VolcanoVisage","hexamod:WildfireWeapon","hexamod:EmpoweredFlame","hexamod:PhantomFireball","hexamod:SoulSteal","hexamod:GhostflameBarrier","hexamod:FirstSeal","hexamod:SoulSteal","hexamod:BurningTouch+1"],"relics":["hexamod:SpiritBrand","hubris:Towel","ReplayTheSpireMod:CursedCoin","hexamod:RecyclingMachine","MerchantsRug","hexamod:JarOfFuel","hexamod:BolsterEngine","Letter Opener","hubris:FunFungus","Red Mask"],"acts_visited":["Exordium","TheCity"],"potions_floor_usage":[31],"damage_taken":[{"damage":0.0,"enemies":"Jaw Worm","floor":1.0,"turns":6.0},{"damage":0.0,"enemies":"Cultist","floor":3.0,"turns":4.0},{"damage":2.0,"enemies":"Small Slimes","floor":4.0,"turns":3.0},{"damage":17.0,"enemies":"3 Sentries","floor":7.0,"turns":7.0},{"damage":7.0,"enemies":"Red Slaver","floor":10.0,"turns":2.0},{"damage":0.0,"enemies":"Exordium Thugs","floor":11.0,"turns":4.0},{"damage":8.0,"enemies":"Exordium Wildlife","floor":13.0,"turns":4.0},{"damage":0.0,"enemies":"Looter","floor":14.0,"turns":3.0},{"damage":24.0,"enemies":"Hexaghost","floor":16.0,"turns":9.0},{"damage":19.0,"enemies":"2 Thieves","floor":18.0,"turns":4.0},{"damage":10.0,"enemies":"Shell Parasite","floor":20.0,"turns":4.0},{"damage":7.0,"enemies":"Chosen and Byrds","floor":21.0,"turns":5.0},{"damage":0.0,"enemies":"Centurion and Healer","floor":24.0,"turns":4.0},{"damage":22.0,"enemies":"Slavers","floor":27.0,"turns":5.0},{"damage":6,"enemies":"Cultist and Chosen","floor":29,"turns":5},{"damage":30,"enemies":"Masked Bandits","floor":31,"turns":4},{"damage":44,"enemies":"Automaton","floor":33,"turns":6}],"seed_played":"1307846214217935618","potions_obtained":[{"floor":3.0,"key":"FearPotion"},{"floor":7.0,"key":"Fire Potion"},{"floor":11.0,"key":"Milkshake"},{"floor":18.0,"key":"Strength Potion"},{"floor":24.0,"key":"Reflective Coating"},{"floor":29,"key":"Ancient Potion"}],"is_trial":false,"path_per_floor":["M","?","M","M","$","R","E","R","T","M","M","?","M","M","R","B",null,"M","$","M","M","?","R","M","?","T","E","$","M","$","?","R","B"],"character_chosen":"THE_SPIRIT","items_purchased":["ReplayTheSpireMod:CursedCoin","hexamod:RecyclingMachine","MerchantsRug","hexamod:JarOfFuel","hubris:FunFungus"],"campfire_rested":3,"item_purchase_floors":[5,5,19,19,30],"current_hp_per_floor":[70,70,70,68,68,68,51,51,51,44,44,44,36,36,57,33,70,51,51,41,34,34,55,55,55,55,33,33,34,34,11,32,0,0],"gold":181,"neow_bonus":"NOSTALGIA","is_daily":false,"chose_seed":false,"campfire_upgraded":2,"win_rate":0.0,"timestamp":1608518958,"path_taken":["M","?","M","M","$","R","E","R","T","M","M","?","M","M","R","BOSS","M","$","M","M","?","R","M","?","T","E","$","?","?","?","R","BOSS"],"items_purchased_type":["Relic","Relic","Relic","Relic","Relic"],"build_version":"2020-12-13","purchased_purges":2,"victory":false,"max_hp_per_floor":[70,70,70,70,70,70,70,70,70,70,70,70,70,70,70,70,70,70,70,70,70,70,70,70,70,70,70,70,70,70,70,70,70,70],"card_choices":[{"not_picked":["hexamod:SwordOfDarkness","hexamod:HauntingEcho"],"picked":"hexamod:FastForward","floor":1.0},{"not_picked":["hexamod:AdvancingGuard","hexamod:ChargedBarrage"],"picked":"hexamod:ThirdSeal","floor":3.0},{"not_picked":["hexamod:ChargedBarrage","hexamod:NightmareStrike"],"picked":"hexamod:SpectralSpark","floor":4.0},{"not_picked":["hexamod:SpectersWail","hexamod:FifthSeal"],"picked":"hexamod:PhantomFireball","floor":4.0},{"not_picked":["hexamod:ShieldOfDarkness","hexamod:RecurringNightmare"],"picked":"hexamod:FastForward","floor":7.0},{"not_picked":["hexamod:NightmareStrike","hexamod:HeatShield","hexamod:GhostShield"],"picked":"SKIP","floor":7.0},{"not_picked":["hexamod:SpectersWail","hexamod:BacktrackSmack"],"picked":"hexamod:FastForward","floor":10.0},{"not_picked":["hexamod:InspiringFlames","hexamod:SuperheatedStrike"],"picked":"hexamod:FastForward","floor":11.0},{"not_picked":["hexamod:NightmareStrike","hexamod:NightmareGuise","hexamod:Hexaguard"],"picked":"SKIP","floor":11.0},{"not_picked":["hexamod:SwordOfDarkness","hexamod:TurnItUp"],"picked":"hexamod:Firestarter","floor":13.0},{"not_picked":["hexamod:AdvancingGuard","hexamod:ShieldOfDarkness","hexamod:SwordOfDarkness"],"picked":"SKIP","floor":13.0},{"not_picked":["hexamod:SecondSeal","hexamod:BurningTouch"],"picked":"hexamod:GhostOfSpireFuture","floor":14.0},{"not_picked":["hexamod:SkipABeat","hexamod:GhostOfSpirePresent"],"picked":"hexamod:ThermalTransfer","floor":14.0},{"not_picked":["hexamod:Hexaguard","hexamod:SwordOfDarkness"],"picked":"hexamod:ThermalTransfer","floor":15.0},{"not_picked":["hexamod:SixthSeal","hexamod:CrushingStance"],"picked":"hexamod:VolcanoVisage","floor":16.0},{"not_picked":["hexamod:TimeOfNeed","hexamod:EmpoweringStance"],"picked":"hexamod:WildfireWeapon","floor":16.0},{"not_picked":["hexamod:GhostLash","hexamod:RainOfEmbers+1"],"picked":"hexamod:EmpoweredFlame","floor":18.0},{"not_picked":["hexamod:NightmareGuise","hexamod:ShieldOfDarkness","hexamod:SwordOfDarkness"],"picked":"SKIP","floor":20.0},{"not_picked":["hexamod:ThermalTransfer","hexamod:ChargedBarrage","hexamod:SpectersWail"],"picked":"SKIP","floor":20.0},{"not_picked":["hexamod:GhostOfSpirePresent","hexamod:Hexaguard","hexamod:ThirdSeal"],"picked":"SKIP","floor":21.0},{"not_picked":["hexamod:ThirdSeal","hexamod:GhostOfSpireFuture","hexamod:HauntingEcho"],"picked":"SKIP","floor":21.0},{"not_picked":["hexamod:AdvancingGuard+1","hexamod:ThermalTransfer"],"picked":"hexamod:PhantomFireball","floor":23.0},{"not_picked":["hexamod:UnleashSpirits","hexamod:NecessarySacrifice+1"],"picked":"hexamod:SoulSteal","floor":24.0},{"not_picked":["hexamod:SuperheatedStrike","hexamod:HauntingEcho"],"picked":"hexamod:GhostflameBarrier","floor":24.0},{"not_picked":["hexamod:SixthSeal","hexamod:ThirdSeal"],"picked":"hexamod:FirstSeal","floor":27.0},{"not_picked":["hexamod:SpectersWail","hexamod:RainOfEmbers","hexamod:Again"],"picked":"SKIP","floor":27.0},{"not_picked":["hexamod:SuperheatedStrike+1","hexamod:GhostflameInferno"],"picked":"hexamod:SoulSteal","floor":29},{"not_picked":["hexamod:AdvancingGuard","hexamod:GhostLash+1"],"picked":"hexamod:BurningTouch+1","floor":31}],"player_experience":418644,"relics_obtained":[{"floor":7.0,"key":"aspiration:ChemicalBlood"},{"floor":9.0,"key":"Dream Catcher"},{"floor":26.0,"key":"hexamod:BolsterEngine"},{"floor":27.0,"key":"Letter Opener"},{"floor":31,"key":"Red Mask"}],"event_choices":[{"damage_healed":0.0,"max_hp_gain":0.0,"max_hp_loss":0.0,"gold_gain":0.0,"event_name":"NoteForYourself","player_choice":"Ignored","floor":12.0,"gold_loss":0.0,"damage_taken":0.0},{"cards_removed":["hexamod:Strike"],"damage_healed":0.0,"max_hp_gain":0.0,"max_hp_loss":0.0,"gold_gain":0.0,"event_name":"Purifier","player_choice":"Purged","floor":25.0,"gold_loss":0.0,"damage_taken":0.0},{"damage_healed":0,"gold_gain":0,"player_choice":"Fought Bandits","damage_taken":0,"max_hp_gain":0,"max_hp_loss":0,"event_name":"Masked Bandits","floor":31,"gold_loss":0}],"is_beta":false,"boss_relics":[{"not_picked":["ReplayTheSpireMod:DimensionalGlitch","Cursed Key"],"picked":"expansioncontent:StudyCardRelic"}],"items_purged_floors":[19,28],"is_endless":false,"potions_floor_spawned":[3,7,11,18,24,29],"killed_by":"Automaton","ascension_level":0}}