{"host":"ffqn1azj9urswy62","time":1608560388,"event":{"mods":["BaseMod","Better Third Choice","Minty Spire (QoL Compilation)","StSLib"],"gold_per_floor":[114,126,126,0,0,41,41,64,64,85,85,101,441,466,466,466,466],"floor_reached":16,"playtime":575,"items_purged":["Strike_G"],"score":118,"play_id":"e9956c23-c57d-4ab4-88f9-7422db93412c","local_time":"20201221091948","is_ascension_mode":true,"campfire_choices":[{"data":"Neutralize","floor":11,"key":"SMITH"},{"data":"Dagger Spray","floor":15,"key":"SMITH"}],"circlet_count":0,"master_deck":["Strike_G","Strike_G","Strike_G","Strike_G","Defend_G","Defend_G","Defend_G","Defend_G","Defend_G+1","Survivor","Neutralize+1","All Out Attack","Deadly Poison+1","Dagger Spray+1","Dagger Throw"],"relics":["Ring of the Snake","Orichalcum","Golden Idol","Gremlin Horn","War Paint","Old Coin"],"acts_visited":["Exordium"],"potions_floor_usage":[6,6,13,13],"damage_taken":[{"damage":1,"enemies":"Small Slimes","floor":1,"turns":4},{"damage":0,"enemies":"Jaw Worm","floor":2,"turns":3},{"damage":37,"enemies":"Gremlin Nob","floor":6,"turns":6},{"damage":0,"enemies":"Cultist","floor":8,"turns":3},{"damage":2,"enemies":"Looter","floor":10,"turns":3},{"damage":3,"enemies":"Exordium Wildlife","floor":12,"turns":2},{"damage":18,"enemies":"3 Sentries","floor":13,"turns":6},{"damage":0,"enemies":"Gremlin Gang","floor":14,"turns":2},{"damage":19,"enemies":"Slime Boss","floor":16,"turns":8}],"seed_played":"2437054710924670619","potions_obtained":[{"floor":2,"key":"GamblersBrew"},{"floor":10,"key":"ColorlessPotion"},{"floor":12,"key":"FearPotion"},{"floor":13,"key":"BlessingOfTheForge"}],"is_trial":false,"path_per_floor":["M","M","?","$","?","E","?","M","T","M","R","M","E","M","R","B"],"character_chosen":"THE_SILENT","items_purchased":["Fire Potion"],"campfire_rested":0,"item_purchase_floors":[4],"current_hp_per_floor":[69,69,69,69,52,15,38,38,38,36,36,33,15,15,15,0,0],"gold":466,"neow_bonus":"RANDOM_COMMON_RELIC","is_daily":false,"chose_seed":false,"campfire_upgraded":2,"win_rate":0.0,"timestamp":1608560388,"path_taken":["M","M","?","$","?","E","?","M","T","M","R","M","E","M","R","BOSS"],"items_purchased_type":["Potion"],"build_version":"2020-12-13","purchased_purges":1,"victory":false,"max_hp_per_floor":[70,70,70,70,70,70,70,70,70,70,70,70,70,70,70,70,70],"card_choices":[{"not_picked":["Prepared","Dagger Throw"],"picked":"All Out Attack","floor":1},{"not_picked":["Choke","Flying Knee","Quick Slash"],"picked":"SKIP","floor":2},{"not_picked":["Doppelganger","Poisoned Stab"],"picked":"Deadly Poison","floor":6},{"not_picked":["Outmaneuver","Concentrate","Deflect"],"picked":"SKIP","floor":8},{"not_picked":["Flying Knee","Prepared","Cloak And Dagger"],"picked":"SKIP","floor":10},{"not_picked":["Quick Slash","Escape Plan"],"picked":"Dagger Spray","floor":12},{"not_picked":["Outmaneuver","Blade Dance","Underhanded Strike"],"picked":"SKIP","floor":13},{"not_picked":["Skewer","Prepared"],"picked":"Dagger Throw","floor":14}],"player_experience":595812,"relics_obtained":[{"floor":6,"key":"Gremlin Horn"},{"floor":9,"key":"War Paint"},{"floor":13,"key":"Old Coin"}],"event_choices":[{"damage_healed":0,"gold_gain":0,"player_choice":"Ignored","damage_taken":126,"max_hp_gain":0,"max_hp_loss":0,"event_name":"betterThird:BetterSerpent","floor":3,"gold_loss":0},{"damage_healed":0,"gold_gain":0,"player_choice":"Take Damage","damage_taken":17,"relics_obtained":["Golden Idol"],"max_hp_gain":0,"max_hp_loss":0,"event_name":"Golden Idol","floor":5,"gold_loss":0},{"damage_healed":23,"gold_gain":0,"player_choice":"Banana","damage_taken":0,"max_hp_gain":0,"max_hp_loss":0,"event_name":"Big Fish","floor":7,"gold_loss":0}],"is_beta":false,"boss_relics":[],"items_purged_floors":[4],"is_endless":false,"potions_floor_spawned":[2,10,12,13],"killed_by":"Slime Boss","ascension_level":1}}