{"host":"8l1xuphorofpdxlv","time":1608558632,"event":{"mods":["AchievementEnabler","BaseMod","DeckTracker","Minty Spire (QoL Compilation)","Quick Restart","SuperFastMode"],"gold_per_floor":[110,385,403,60,79,54,83,123,123,140,140,150,3,19,19,115,115,126,141,171,48,48,48,59,59,83,110,141,153,153],"floor_reached":29,"playtime":915,"items_purged":["Regret","Clumsy"],"score":272,"play_id":"b865d48e-40e7-4fac-8c74-3707993d3d0f","local_time":"20201221225032","is_ascension_mode":true,"campfire_choices":[{"data":"Terror","floor":11.0,"key":"SMITH"},{"data":"Tactician","floor":15.0,"key":"SMITH"},{"data":"Acrobatics","floor":23.0,"key":"SMITH"},{"floor":25.0,"key":"REST"}],"circlet_count":0,"master_deck":["Strike_G","Strike_G","Strike_G","Strike_G","Strike_G","Defend_G","Defend_G","Defend_G","Defend_G","Defend_G","Survivor","Neutralize","Blade Dance","Terror+1","Infinite Blades","Backflip","Acrobatics+1","Quick Slash","Dagger Spray","Accuracy","Tactician+1","Die Die Die","Accuracy","Well Laid Plans"],"relics":["Ring of the Snake","StoneCalendar","Potion Belt","Pantograph","Odd Mushroom","Letter Opener","Membership Card","SacredBark","Red Mask","DollysMirror","MawBank"],"acts_visited":["Exordium","TheCity"],"potions_floor_usage":[],"damage_taken":[{"damage":2.0,"enemies":"Jaw Worm","floor":1.0,"turns":6.0},{"damage":5.0,"enemies":"Cultist","floor":3.0,"turns":4.0},{"damage":1.0,"enemies":"Small Slimes","floor":5.0,"turns":3.0},{"damage":12.0,"enemies":"Lagavulin","floor":7.0,"turns":6.0},{"damage":19.0,"enemies":"The Mushroom Lair","floor":8.0,"turns":5.0},{"damage":5.0,"enemies":"Exordium Thugs","floor":10.0,"turns":4.0},{"damage":2.0,"enemies":"2 Fungi Beasts","floor":12.0,"turns":3.0},{"damage":0.0,"enemies":"Blue Slaver","floor":14.0,"turns":2.0},{"damage":26.0,"enemies":"The Guardian","floor":16.0,"turns":8.0},{"damage":2.0,"enemies":"2 Thieves","floor":18.0,"turns":3.0},{"damage":0.0,"enemies":"3 Byrds","floor":19.0,"turns":3.0},{"damage":37.0,"enemies":"Masked Bandits","floor":20.0,"turns":5.0},{"damage":17.0,"enemies":"Snecko","floor":24.0,"turns":4.0},{"damage":3.0,"enemies":"Cultist and Chosen","floor":27.0,"turns":4.0},{"damage":26.0,"enemies":"Snake Plant","floor":28.0,"turns":4.0},{"damage":12,"enemies":"Slavers","floor":29,"turns":2}],"seed_played":"-4083473447926677737","potions_obtained":[{"floor":5.0,"key":"ColorlessPotion"},{"floor":7.0,"key":"ColorlessPotion"},{"floor":12.0,"key":"Fruit Juice"},{"floor":14.0,"key":"GhostInAJar"},{"floor":18.0,"key":"Dexterity Potion"},{"floor":24.0,"key":"SteroidPotion"}],"is_trial":false,"path_per_floor":["M","?","M","$","M","$","E","?","T","M","R","M","$","M","R","B",null,"M","M","?","$","?","R","M","R","T","M","M","E"],"character_chosen":"THE_SILENT","items_purchased":["Infinite Blades","Backflip","Potion Belt","Acrobatics","Membership Card","DollysMirror"],"campfire_rested":1,"item_purchase_floors":[4,4,4,6,13,21],"current_hp_per_floor":[68,68,63,63,62,62,50,31,31,26,26,29,29,29,29,28,75,73,73,36,36,36,36,19,41,41,38,12,0,0],"gold":153,"neow_bonus":"ONE_RARE_RELIC","is_daily":false,"chose_seed":false,"campfire_upgraded":3,"win_rate":0.0,"timestamp":1608558632,"path_taken":["M","?","?","$","M","?","E","?","T","M","R","M","$","M","R","BOSS","M","M","?","$","?","R","M","R","T","?","M","E"],"items_purchased_type":["Card","Card","Relic","Card","Relic","Relic"],"build_version":"2020-12-13","purchased_purges":2,"victory":false,"max_hp_per_floor":[70,70,70,70,70,70,70,70,70,70,70,75,75,75,75,75,75,75,75,75,75,75,75,75,75,75,75,75,75,75],"card_choices":[{"not_picked":["Cloak And Dagger","Deflect"],"picked":"Blade Dance","floor":1.0},{"not_picked":["Dodge and Roll","Well Laid Plans"],"picked":"Terror","floor":3.0},{"not_picked":["Terror","Infinite Blades","Deflect"],"picked":"SKIP","floor":5.0},{"not_picked":["Dagger Throw","Caltrops"],"picked":"Quick Slash","floor":7.0},{"not_picked":["Backstab","Dodge and Roll"],"picked":"Dagger Spray","floor":8.0},{"not_picked":["Choke","Predator"],"picked":"Accuracy","floor":10.0},{"not_picked":["Flying Knee","PiercingWail"],"picked":"Tactician","floor":12.0},{"not_picked":["Malaise","Acrobatics","Bane"],"picked":"SKIP","floor":14.0},{"not_picked":["Unload","A Thousand Cuts"],"picked":"Die Die Die","floor":16.0},{"not_picked":["Deflect","Dagger Spray+1","Sucker Punch"],"picked":"SKIP","floor":18.0},{"not_picked":["Expertise+1","Slice+1","Flying Knee"],"picked":"SKIP","floor":19.0},{"not_picked":["Bane","Setup","Crippling Poison"],"picked":"SKIP","floor":24.0},{"not_picked":["Bane+1","Flying Knee","Dodge and Roll"],"picked":"SKIP","floor":27.0},{"not_picked":["Flying Knee","Bane+1"],"picked":"Well Laid Plans","floor":28.0}],"player_experience":79197,"relics_obtained":[{"floor":7.0,"key":"Pantograph"},{"floor":8.0,"key":"Odd Mushroom"},{"floor":9.0,"key":"Letter Opener"},{"floor":20.0,"key":"Red Mask"},{"floor":26.0,"key":"MawBank"}],"event_choices":[{"damage_healed":0.0,"max_hp_gain":0.0,"max_hp_loss":0.0,"gold_gain":275.0,"event_name":"Golden Shrine","player_choice":"Desecrate","floor":2.0,"gold_loss":0.0,"damage_taken":0.0,"cards_obtained":["Regret"]},{"damage_healed":0.0,"max_hp_gain":0.0,"max_hp_loss":0.0,"gold_gain":0.0,"event_name":"Mushrooms","player_choice":"Fought Mushrooms","floor":8.0,"gold_loss":0.0,"damage_taken":0.0},{"damage_healed":0.0,"max_hp_gain":0.0,"max_hp_loss":0.0,"gold_gain":0.0,"event_name":"Masked Bandits","player_choice":"Fought Bandits","floor":20.0,"gold_loss":0.0,"damage_taken":0.0}],"is_beta":false,"boss_relics":[{"not_picked":["SlaversCollar","Sozu"],"picked":"SacredBark"}],"items_purged_floors":[4,21],"is_endless":false,"potions_floor_spawned":[5,7,12,14,18,24],"killed_by":"Slavers","ascension_level":4}}