{"host":"bq4pt811tk9yrmjl","time":1608576295,"event":{"mods":["AchievementEnabler","BaseMod","Colored Map","Colored Powertips","Defuse TimeMaze Blight","Minty Spire (QoL Compilation)","StSLib","SuperFastMode","UnlockEverythingMod"],"gold_per_floor":[115,115,190,115,115,115,135,135,189,223,4,15,33,49,49,150,150,169,169,169,179,29,57,69,69,69,69,84,94,126,146,146,249,249,261,261,63,83,102,102,102,117,140,140,140,155,155,167,167,167,167,167,53,53,53],"floor_reached":54,"playtime":979,"items_purged":["Regret"],"score":713,"play_id":"67f832b3-9cd7-427a-8d19-dd0d2f24286f","local_time":"20201221164455","is_ascension_mode":true,"campfire_choices":[{"data":"Zap","floor":6.0,"key":"SMITH"},{"floor":8.0,"key":"RECALL"},{"data":"Defragment","floor":15.0,"key":"SMITH"},{"floor":25,"key":"REST"},{"data":"Capacitor","floor":27,"key":"SMITH"},{"data":"Loop","floor":32,"key":"SMITH"},{"floor":40,"key":"REST"},{"data":"Biased Cognition","floor":45,"key":"SMITH"},{"data":"Electrodynamics","floor":47,"key":"SMITH"},{"data":"Streamline","floor":49,"key":"SMITH"},{"data":"BootSequence","floor":52,"key":"SMITH"}],"circlet_count":0,"master_deck":["Strike_B","Strike_B","Strike_B","Strike_B","Defend_B","Defend_B+1","Defend_B","Defend_B+1","Zap+1","Dualcast","Streamline+1","BootSequence+1","Capacitor+1","Ball Lightning","Conserve Battery","Barrage","Defragment+1","Loop+1","Electrodynamics+1","Beam Cell+1","Hologram+1","Melter","Biased Cognition+1","Echo Form"],"relics":["Cracked Core","NeowsBlessing","Letter Opener","Pear","Prayer Wheel","ClockworkSouvenir","Velvet Choker","Bronze Scales","DataDisk","InkBottle","The Courier","Busted Crown","HandDrill","War Paint","Regal Pillow"],"acts_visited":["Exordium","TheCity","TheBeyond","TheEnding"],"potions_floor_usage":[29,31,42,50,50],"damage_taken":[{"damage":0.0,"enemies":"2 Louse","floor":1.0,"turns":1.0},{"damage":0.0,"enemies":"Small Slimes","floor":7.0,"turns":1.0},{"damage":0.0,"enemies":"Gremlin Nob","floor":10.0,"turns":1.0},{"damage":0.0,"enemies":"Jaw Worm","floor":12.0,"turns":4.0},{"damage":1.0,"enemies":"3 Louse","floor":13.0,"turns":3.0},{"damage":0.0,"enemies":"Blue Slaver","floor":14.0,"turns":2.0},{"damage":51.0,"enemies":"Hexaghost","floor":16.0,"turns":9.0},{"damage":19.0,"enemies":"Shell Parasite","floor":18.0,"turns":6.0},{"damage":10,"enemies":"3 Byrds","floor":21,"turns":3},{"damage":43,"enemies":"Gremlin Leader","floor":23,"turns":7},{"damage":15,"enemies":"Snake Plant","floor":24,"turns":3},{"damage":7,"enemies":"Centurion and Healer","floor":28,"turns":4},{"damage":4,"enemies":"Cultist and Chosen","floor":29,"turns":6},{"damage":14,"enemies":"Slavers","floor":30,"turns":3},{"damage":4,"enemies":"Shelled Parasite and Fungi","floor":31,"turns":3},{"damage":3,"enemies":"Champ","floor":33,"turns":7},{"damage":13,"enemies":"Orb Walker","floor":35,"turns":3},{"damage":20,"enemies":"3 Darklings","floor":38,"turns":4},{"damage":6,"enemies":"Spire Growth","floor":39,"turns":4},{"damage":1,"enemies":"Transient","floor":42,"turns":5},{"damage":2,"enemies":"3 Darklings","floor":46,"turns":5},{"damage":10,"enemies":"4 Shapes","floor":48,"turns":3},{"damage":85,"enemies":"Time Eater","floor":50,"turns":8},{"damage":59,"enemies":"Shield and Spear","floor":54,"turns":4}],"seed_played":"-7788589017214884237","potions_obtained":[{"floor":7.0,"key":"Swift Potion"},{"floor":12.0,"key":"ColorlessPotion"},{"floor":13.0,"key":"Dexterity Potion"},{"floor":18.0,"key":"FairyPotion"},{"floor":28,"key":"Regen Potion"},{"floor":30,"key":"ColorlessPotion"},{"floor":33,"key":"AttackPotion"},{"floor":35,"key":"Energy Potion"},{"floor":48,"key":"Fire Potion"}],"is_trial":false,"path_per_floor":["M","?","?","$","?","R","M","R","T","E","$","M","M","M","R","B",null,"M","?","?","M","$","E","M","R","T","R","M","M","E","M","R","B",null,"M","?","$","M","M","R","?","M","T","?","R","M","R","M","R","B",null,"R","$","E"],"character_chosen":"DEFECT","items_purchased":["ClockworkSouvenir","Capacitor","Bronze Scales","FairyPotion","HandDrill","Echo Form"],"campfire_rested":2,"item_purchase_floors":[11,11,22,37,37,53],"current_hp_per_floor":[75,75,75,75,82,82,82,82,82,82,82,82,81,81,81,30,85,66,66,66,56,56,13,25,50,50,50,43,61,54,50,50,54,85,79,79,79,66,67,85,81,81,81,81,81,79,79,69,69,13,81,81,81,22,22],"gold":53,"neow_bonus":"THREE_ENEMY_KILL","is_daily":false,"chose_seed":false,"campfire_upgraded":8,"win_rate":0.0,"timestamp":1608576295,"path_taken":["M","?","?","$","?","R","M","R","T","E","$","M","?","M","R","BOSS","M","?","?","?","$","E","M","R","T","R","M","M","E","?","R","BOSS","M","?","$","M","M","R","?","M","T","?","R","M","R","M","R","BOSS","R","$","E"],"items_purchased_type":["Relic","Card","Relic","Potion","Relic","Card"],"build_version":"2020-12-13","purchased_purges":1,"victory":false,"max_hp_per_floor":[75,75,75,75,85,85,85,85,85,85,85,85,85,85,85,85,85,85,85,85,85,85,85,85,85,85,85,85,85,85,85,85,85,85,85,85,85,85,85,85,81,81,81,81,81,81,81,81,81,81,81,81,81,81,81],"card_choices":[{"not_picked":["Conserve Battery","Cold Snap"],"picked":"Streamline","floor":1.0},{"not_picked":["Rebound","Leap"],"picked":"BootSequence","floor":7.0},{"not_picked":["Streamline","Compile Driver","Hologram"],"picked":"SKIP","floor":10.0},{"not_picked":["Coolheaded","Leap"],"picked":"Ball Lightning","floor":12.0},{"not_picked":["Stack","Machine Learning","Double Energy"],"picked":"SKIP","floor":12.0},{"not_picked":["Ball Lightning","Cold Snap"],"picked":"Conserve Battery","floor":13.0},{"not_picked":["Blizzard","Turbo"],"picked":"Barrage","floor":13.0},{"not_picked":["Hello World","Sweeping Beam"],"picked":"Defragment","floor":14.0},{"not_picked":["Compile Driver","Go for the Eyes"],"picked":"Loop","floor":14.0},{"not_picked":["Core Surge","Hyperbeam"],"picked":"Electrodynamics","floor":16.0},{"not_picked":["Chill","Redo"],"picked":"Beam Cell+1","floor":18.0},{"not_picked":["Ball Lightning","Leap","Rip and Tear+1"],"picked":"SKIP","floor":18.0},{"not_picked":["Stack","Steam+1"],"picked":"Hologram+1","floor":21},{"not_picked":["Gash","Steam Power","Meteor Strike"],"picked":"SKIP","floor":21},{"not_picked":["Cold Snap+1","Coolheaded","Blizzard"],"picked":"SKIP","floor":23},{"not_picked":["Coolheaded","Doom and Gloom","Reprogram"],"picked":"SKIP","floor":24},{"not_picked":["Hologram","Ball Lightning+1","Coolheaded"],"picked":"SKIP","floor":24},{"not_picked":["Heatsinks","White Noise"],"picked":"Self Repair","floor":28},{"not_picked":["Fusion","Capacitor","Coolheaded"],"picked":"SKIP","floor":28},{"not_picked":["Coolheaded","Hologram","Stack"],"picked":"SKIP","floor":29},{"not_picked":["Steam","Rip and Tear","Fusion"],"picked":"SKIP","floor":29},{"not_picked":["Compile Driver+1","Reprogram+1"],"picked":"Melter","floor":30},{"not_picked":["Coolheaded","Redo","Gash"],"picked":"SKIP","floor":31},{"not_picked":["Steam Power+1","Melter","Rainbow"],"picked":"SKIP","floor":31},{"not_picked":["All For One","Buffer"],"picked":"Biased Cognition","floor":33},{"not_picked":["Skim+1"],"picked":"SKIP","floor":35},{"not_picked":["Cold Snap"],"picked":"SKIP","floor":35},{"not_picked":["Hologram"],"picked":"SKIP","floor":38},{"not_picked":["Compile Driver+1"],"picked":"SKIP","floor":38},{"not_picked":["Conserve Battery"],"picked":"SKIP","floor":39},{"not_picked":["Storm"],"picked":"SKIP","floor":39},{"not_picked":["Go for the Eyes"],"picked":"SKIP","floor":42},{"not_picked":["Cold Snap+1"],"picked":"SKIP","floor":42},{"not_picked":["Rebound+1"],"picked":"SKIP","floor":46},{"not_picked":["Loop"],"picked":"SKIP","floor":46},{"not_picked":["Streamline+1"],"picked":"SKIP","floor":48},{"not_picked":["Leap"],"picked":"SKIP","floor":48}],"player_experience":97851,"relics_obtained":[{"floor":10.0,"key":"Prayer Wheel"},{"floor":23,"key":"DataDisk"},{"floor":26,"key":"InkBottle"},{"floor":30,"key":"The Courier"},{"floor":43,"key":"War Paint"}],"event_choices":[{"damage_healed":0.0,"max_hp_gain":0.0,"max_hp_loss":0.0,"gold_gain":0.0,"event_name":"Big Fish","player_choice":"Box","floor":2.0,"gold_loss":0.0,"damage_taken":0.0,"relics_obtained":["Letter Opener"],"cards_obtained":["Regret"]},{"damage_healed":0.0,"max_hp_gain":0.0,"max_hp_loss":0.0,"gold_gain":75.0,"event_name":"Golden Wing","player_choice":"Gained Gold","floor":3.0,"gold_loss":0.0,"damage_taken":0.0},{"damage_healed":0.0,"max_hp_gain":0.0,"max_hp_loss":0.0,"gold_gain":0.0,"event_name":"Scrap Ooze","player_choice":"Success","floor":5.0,"gold_loss":0.0,"damage_taken":3.0,"relics_obtained":["Pear"]},{"damage_healed":0,"gold_gain":0,"player_choice":"Ignored","damage_taken":0,"max_hp_gain":0,"max_hp_loss":0,"event_name":"Cursed Tome","floor":19,"gold_loss":0},{"damage_healed":0,"gold_gain":0,"player_choice":"0 cards matched","damage_taken":0,"max_hp_gain":0,"max_hp_loss":0,"event_name":"Match and Keep!","floor":20,"gold_loss":0,"cards_obtained":[]},{"damage_healed":0,"gold_gain":0,"player_choice":"Memory 1","damage_taken":0,"max_hp_gain":0,"max_hp_loss":0,"event_name":"SensoryStone","floor":36,"gold_loss":0},{"damage_healed":0,"gold_gain":0,"player_choice":"Max HP","damage_taken":0,"max_hp_gain":0,"max_hp_loss":4,"event_name":"Winding Halls","floor":41,"gold_loss":0},{"cards_removed":["Self Repair"],"damage_healed":0,"gold_gain":0,"player_choice":"Gave Card","damage_taken":0,"relics_obtained":["Regal Pillow"],"max_hp_gain":0,"max_hp_loss":0,"event_name":"WeMeetAgain","floor":44,"gold_loss":0}],"is_beta":false,"boss_relics":[{"not_picked":["Fusion Hammer","Pandora\u0027s Box"],"picked":"Velvet Choker"},{"not_picked":["Inserter","Coffee Dripper"],"picked":"Busted Crown"}],"items_purged_floors":[4],"is_endless":false,"potions_floor_spawned":[7,12,13,18,28,30,33,35,48],"killed_by":"Shield and Spear","ascension_level":1}}