{"host":"17j25xn3vk5d1e3v","time":1608576362,"event":{"mods":["AchievementEnabler","Act Like it!","BaseMod","GifTheSpireLib","Hermit","HexUI Lib","Hubris","Minty Spire (QoL Compilation)","Replay The Spire","StSLib"],"gold_per_floor":[110,302,302,313,327,355,355,365,417,154,154,70,80,95,95,200,200,220,69,69,69],"floor_reached":20,"playtime":825,"items_purged":["Strike_B","Strike_B","Strike_B"],"score":191,"play_id":"790f4fca-a4b4-4f21-af49-9b584e4c15c3","local_time":"20201221194602","is_ascension_mode":true,"campfire_choices":[{"data":"Zap","floor":7,"key":"SMITH"},{"data":"hubris:Ukulele","floor":11,"key":"SMITH"},{"floor":15,"key":"DIG"}],"circlet_count":0,"master_deck":["Strike_B","Defend_B","Defend_B","Defend_B","Defend_B","Zap+1","Dualcast","hubris:Ukulele+1","Compile Driver","Sweeping Beam","Steam","BasicCrystalCard","Stack","Loop","Barrage","Leap","Fission","Stack+1","Defragment","Deep Breath"],"relics":["Cracked Core","NeowsBlessing","hubris:Towel","Replay:Bottled Flurry","ReplayTheSpireMod:TigerMarble","Membership Card","MealTicket","hubris:TinFlute","Honey Jar"],"acts_visited":["Exordium","TheCity"],"potions_floor_usage":[],"damage_taken":[{"damage":0,"enemies":"2 Louse","floor":1,"turns":1},{"damage":0,"enemies":"Small Slimes","floor":4,"turns":1},{"damage":0,"enemies":"Jaw Worm","floor":5,"turns":1},{"damage":8,"enemies":"Gremlin Nob","floor":6,"turns":3},{"damage":15,"enemies":"Gremlin Gang","floor":8,"turns":3},{"damage":0,"enemies":"3 Louse","floor":13,"turns":2},{"damage":0,"enemies":"2 Fungi Beasts","floor":14,"turns":2},{"damage":36,"enemies":"Fading Forest","floor":16,"turns":11},{"damage":0,"enemies":"Spheric Guardian","floor":18,"turns":3},{"damage":17,"enemies":"Shell Parasite","floor":20,"turns":6}],"seed_played":"-6215767367745526276","potions_obtained":[{"floor":1,"key":"Strength Potion"},{"floor":5,"key":"PotionOfCapacity"},{"floor":8,"key":"Reflective Coating"}],"is_trial":false,"path_per_floor":["M","?","?","M","M","E","R","M","T","$","R","$","M","M","R","B",null,"M","$","M"],"character_chosen":"DEFECT","items_purchased":["Membership Card","MealTicket","Loop","Defragment","Deep Breath"],"campfire_rested":0,"item_purchase_floors":[10,10,12,19,19],"current_hp_per_floor":[75,57,57,57,57,49,49,34,34,34,34,49,49,49,49,27,75,75,75,58,58],"gold":69,"neow_bonus":"THREE_ENEMY_KILL","is_daily":false,"chose_seed":false,"campfire_upgraded":2,"win_rate":0.0,"timestamp":1608576362,"path_taken":["M","?","?","M","?","E","R","M","T","$","R","$","M","M","R","BOSS","M","$","M"],"items_purchased_type":["Relic","Relic","Card","Card","Card"],"build_version":"2020-12-13","purchased_purges":3,"victory":false,"max_hp_per_floor":[75,75,75,75,75,75,75,75,75,75,75,75,75,75,75,75,75,75,75,75,75],"card_choices":[{"not_picked":["Coolheaded","Chaos"],"picked":"hubris:Ukulele","floor":1},{"not_picked":["ReplayTheSpireMod:Repulse","Ball Lightning"],"picked":"Compile Driver","floor":2},{"not_picked":["Redo","Gash"],"picked":"Sweeping Beam","floor":4},{"not_picked":["Hologram","Heatsinks"],"picked":"Steam","floor":5},{"not_picked":["Ball Lightning","Blizzard"],"picked":"BasicCrystalCard","floor":6},{"not_picked":["Rebound","BasicCrystalCard"],"picked":"Stack","floor":8},{"not_picked":["Turbo","Hologram"],"picked":"Barrage","floor":13},{"not_picked":["Sweeping Beam","Beam Cell"],"picked":"Leap","floor":14},{"not_picked":["Seek","Multi-Cast"],"picked":"Fission","floor":16},{"not_picked":["BasicCrystalCard","Hologram","Steam Power"],"picked":"Stack+1","floor":18}],"player_experience":188485,"relics_obtained":[{"floor":6,"key":"Replay:Bottled Flurry"},{"floor":9,"key":"ReplayTheSpireMod:TigerMarble"},{"floor":15,"key":"hubris:TinFlute"}],"event_choices":[],"is_beta":false,"boss_relics":[{"not_picked":["Fusion Hammer","hubris:Stopwatch"],"picked":"Honey Jar"}],"items_purged_floors":[10,12,19],"is_endless":false,"potions_floor_spawned":[1,5,8,16],"killed_by":"Shell Parasite","ascension_level":2}}