{"host":"e4o8jqjcho94s7p7","time":1608566505,"event":{"mods":["AchievementEnabler","BaseMod","Minty Spire (QoL Compilation)","Relic Stats"],"gold_per_floor":[144,189,234,279,324,426,513,570,582,639,696,753,855,912,924,1236,1248,1305,965,1010,1055,1100,1100,1190,1235,1260,1305,1350,1350,818,863,863,1163,1163,1208,1253,338,85,85,175,220,265,265,265,310,355,355,445,445,445],"floor_reached":51,"playtime":3124,"items_purged":["Berserk","Decay","Immolate","Bludgeon"],"score":1028,"play_id":"de0b0a69-576d-40fb-bf1f-98746a3cb6ae","local_time":"20201221110145","daily_mods":["Shiny","Vintage","Midas"],"is_ascension_mode":false,"campfire_choices":[{"floor":15,"key":"REST"},{"floor":23,"key":"REST"},{"floor":32,"key":"REST"},{"floor":49,"key":"REST"}],"circlet_count":0,"master_deck":["Double Tap+1","Demon Form+1","Feed+1","Limit Break+1","Corruption+1","Barricade+1","Fiend Fire+1","Impervious+1","Juggernaut+1","Brutality+1","Reaper+1","Exhume+1","Offering+1","Dark Embrace+1","Sentinel+1","Offering+1","Shrug It Off+1","Havoc+1","Dark Embrace+1","Rupture+1","True Grit+1","Panacea+1","Exhume+1","Rage+1","Impervious+1","Burning Pact+1","Seeing Red+1","Madness+1","Bloodletting+1","True Grit+1","Burning Pact+1"],"relics":["Burning Blood","Bottled Flame","Pen Nib","Singing Bowl","MawBank","StoneCalendar","Anchor","Bag of Preparation","Torii","PreservedInsect","Bronze Scales","Ornamental Fan","Runic Dome","Paper Frog","Strange Spoon","Frozen Egg 2","MealTicket","Toxic Egg 2","Mummified Hand","Art of War","Strawberry","Regal Pillow","Mercury Hourglass","DollysMirror","Omamori","Philosopher\u0027s Stone","Orichalcum","Charon\u0027s Ashes","Chemical X","Oddly Smooth Stone","Happy Flower","Centennial Puzzle","War Paint","Meat on the Bone","Bottled Lightning","Mark of the Bloom","White Beast Statue","Vajra","Dream Catcher"],"acts_visited":["Exordium","TheCity","TheBeyond"],"potions_floor_usage":[4,13],"damage_taken":[{"damage":8,"enemies":"Jaw Worm","floor":1,"turns":3},{"damage":19,"enemies":"Cultist","floor":2,"turns":4},{"damage":22,"enemies":"Small Slimes","floor":3,"turns":4},{"damage":34,"enemies":"Exordium Thugs","floor":4,"turns":4},{"damage":0,"enemies":"Looter","floor":5,"turns":1},{"damage":50,"enemies":"3 Sentries","floor":6,"turns":7},{"damage":19,"enemies":"2 Fungi Beasts","floor":8,"turns":5},{"damage":0,"enemies":"3 Louse","floor":10,"turns":1},{"damage":6,"enemies":"Red Slaver","floor":11,"turns":2},{"damage":16,"enemies":"Exordium Thugs","floor":12,"turns":4},{"damage":14,"enemies":"Gremlin Nob","floor":13,"turns":3},{"damage":18,"enemies":"Looter","floor":14,"turns":3},{"damage":29,"enemies":"Slime Boss","floor":16,"turns":6},{"damage":13,"enemies":"Shell Parasite","floor":18,"turns":3},{"damage":13,"enemies":"Spheric Guardian","floor":20,"turns":4},{"damage":35,"enemies":"Snake Plant","floor":21,"turns":4},{"damage":23,"enemies":"Centurion and Healer","floor":22,"turns":4},{"damage":50,"enemies":"Book of Stabbing","floor":24,"turns":3},{"damage":12,"enemies":"3 Cultists","floor":25,"turns":1},{"damage":13,"enemies":"Sentry and Sphere","floor":27,"turns":3},{"damage":20,"enemies":"Shelled Parasite and Fungi","floor":28,"turns":3},{"damage":18,"enemies":"3 Cultists","floor":31,"turns":3},{"damage":42,"enemies":"Champ","floor":33,"turns":2},{"damage":14,"enemies":"3 Darklings","floor":35,"turns":4},{"damage":18,"enemies":"Orb Walker","floor":36,"turns":2},{"damage":39,"enemies":"Giant Head","floor":40,"turns":1},{"damage":24,"enemies":"Spire Growth","floor":41,"turns":1},{"damage":21,"enemies":"4 Shapes","floor":42,"turns":1},{"damage":16,"enemies":"Writhing Mass","floor":45,"turns":2},{"damage":3,"enemies":"3 Darklings","floor":46,"turns":1},{"damage":12,"enemies":"Reptomancer","floor":48,"turns":1},{"damage":29,"enemies":"Time Eater","floor":50,"turns":3}],"seed_played":"7329645460642280970","potions_obtained":[{"floor":1,"key":"Energy Potion"},{"floor":2,"key":"FearPotion"},{"floor":3,"key":"ColorlessPotion"},{"floor":10,"key":"SkillPotion"},{"floor":11,"key":"BloodPotion"},{"floor":16,"key":"FearPotion"},{"floor":48,"key":"Strength Potion"}],"is_trial":false,"path_per_floor":["M","M","M","M","M","E","?","M","T","M","M","M","E","M","R","B",null,"M","$","M","M","M","R","E","M","T","M","M","?","$","M","R","B",null,"M","M","$","$","?","E","M","M","T","?","M","M","?","E","R","B",null],"character_chosen":"IRONCLAD","items_purchased":["Strange Spoon","Shrug It Off","Havoc","Dark Embrace","Rupture+1","True Grit+1","Panacea+1","DollysMirror","Rage+1","Chemical X","Oddly Smooth Stone","Happy Flower","Burning Pact+1","Seeing Red+1","Madness+1","BloodPotion","BloodPotion","Bloodletting+1","True Grit+1"],"campfire_rested":4,"item_purchase_floors":[19,19,19,19,30,30,30,30,30,37,37,37,37,37,37,37,37,38,38],"current_hp_per_floor":[78,76,73,59,65,44,35,37,37,43,46,50,49,37,70,82,116,112,112,113,91,94,128,97,132,139,142,142,142,157,170,170,145,173,176,176,176,176,176,181,172,169,169,169,153,150,140,128,128,99],"gold":445,"neow_bonus":"","is_daily":true,"chose_seed":false,"campfire_upgraded":0,"win_rate":0.0,"timestamp":1608566505,"path_taken":["M","M","M","M","M","E","?","M","T","M","M","?","E","M","R","BOSS","M","$","M","M","M","R","E","M","T","?","M","?","$","M","R","BOSS","M","M","?","$","?","E","M","?","T","?","M","M","?","E","R","BOSS"],"items_purchased_type":["Relic","Card","Card","Card","Card","Card","Card","Relic","Card","Relic","Relic","Relic","Card","Card","Card","Potion","Potion","Card","Card"],"build_version":"2020-12-13","purchased_purges":4,"victory":true,"max_hp_per_floor":[80,83,89,95,95,98,98,101,101,101,104,110,113,113,113,116,116,119,119,122,125,128,128,133,142,149,155,161,161,161,170,170,173,173,176,176,176,176,176,181,184,196,196,196,200,200,206,212,214,214],"relic_stats":{"Regal Pillow":15,"Mark of the Bloom":142,"Singing Bowl":14,"Torii":1,"StoneCalendar":[0],"Bag of Preparation":[50],"Burning Blood":150,"Centennial Puzzle":[18],"Dream Catcher":1,"Mummified Hand":[152],"MealTicket":15,"Chemical X":[1],"Happy Flower":[3],"counters":[32,93],"Pen Nib":[11],"PreservedInsect":244,"Charon\u0027s Ashes":[521],"Orichalcum":[0],"War Paint":["Offering","Impervious"],"MawBank":168,"Mercury Hourglass":[108],"Strange Spoon":[199],"Ornamental Fan":[44],"Bronze Scales":[111],"Art of War":[1],"obtain_stats":[{"Regal Pillow":27,"Mark of the Bloom":44,"Singing Bowl":4,"Torii":10,"Vajra":46,"StoneCalendar":6,"Bag of Preparation":9,"Burning Blood":0,"Centennial Puzzle":40,"Dream Catcher":48,"Mummified Hand":24,"DollysMirror":30,"Strawberry":26,"MealTicket":21,"Philosopher\u0027s Stone":34,"Chemical X":37,"Toxic Egg 2":22,"Paper Frog":18,"Happy Flower":37,"Oddly Smooth Stone":37,"Pen Nib":2,"PreservedInsect":11,"Charon\u0027s Ashes":36,"Omamori":31,"Frozen Egg 2":20,"Orichalcum":35,"War Paint":41,"MawBank":5,"White Beast Statue":45,"Mercury Hourglass":28,"Runic Dome":17,"Strange Spoon":19,"Bottled Flame":1,"Anchor":8,"Ornamental Fan":14,"Bronze Scales":12,"Art of War":25,"Bottled Lightning":43,"Meat on the Bone":42},{"Regal Pillow":20,"Mark of the Bloom":28,"Singing Bowl":4,"Torii":8,"Vajra":30,"StoneCalendar":6,"Bag of Preparation":7,"Burning Blood":0,"Centennial Puzzle":26,"Dream Catcher":31,"Mummified Hand":18,"DollysMirror":21,"Strawberry":19,"MealTicket":16,"Philosopher\u0027s Stone":23,"Chemical X":25,"Toxic Egg 2":17,"Paper Frog":14,"Happy Flower":25,"Oddly Smooth Stone":25,"Pen Nib":2,"PreservedInsect":9,"Charon\u0027s Ashes":25,"Omamori":22,"Frozen Egg 2":15,"Orichalcum":24,"War Paint":27,"MawBank":5,"White Beast Statue":29,"Mercury Hourglass":21,"Runic Dome":13,"Strange Spoon":14,"Bottled Flame":1,"Anchor":7,"Ornamental Fan":12,"Bronze Scales":10,"Art of War":19,"Bottled Lightning":28,"Meat on the Bone":28},{"Regal Pillow":69,"Mark of the Bloom":86,"Singing Bowl":15,"Torii":29,"Vajra":89,"StoneCalendar":23,"Bag of Preparation":28,"Burning Blood":0,"Centennial Puzzle":84,"Dream Catcher":90,"Mummified Hand":65,"DollysMirror":72,"Strawberry":66,"MealTicket":58,"Philosopher\u0027s Stone":77,"Chemical X":83,"Toxic Egg 2":62,"Paper Frog":50,"Happy Flower":83,"Oddly Smooth Stone":83,"Pen Nib":7,"PreservedInsect":31,"Charon\u0027s Ashes":83,"Omamori":75,"Frozen Egg 2":54,"Orichalcum":81,"War Paint":85,"MawBank":16,"White Beast Statue":88,"Mercury Hourglass":72,"Runic Dome":47,"Strange Spoon":50,"Bottled Flame":3,"Anchor":28,"Ornamental Fan":41,"Bronze Scales":35,"Art of War":66,"Bottled Lightning":86,"Meat on the Bone":86}],"Meat on the Bone":0},"card_choices":[{"not_picked":["Uppercut","Inflame"],"picked":"Dark Embrace","floor":6},{"not_picked":["Clothesline","Seeing Red"],"picked":"Sentinel","floor":13},{"not_picked":["Berserk","Feed"],"picked":"Offering","floor":16},{"not_picked":["Body Slam+1","Reckless Charge","Thunderclap+1"],"picked":"Singing Bowl","floor":24},{"not_picked":["Corruption+1","Juggernaut+1"],"picked":"Impervious+1","floor":33},{"not_picked":["Battle Trance+1","Fire Breathing+1","Headbutt"],"picked":"Singing Bowl","floor":40},{"not_picked":["Deep Breath+1","Mayhem+1","Discovery+1"],"picked":"Singing Bowl","floor":47},{"not_picked":["Impatience+1","Finesse+1","Forethought+1"],"picked":"Singing Bowl","floor":47},{"not_picked":["Secret Weapon+1","Blind+1","Flash of Steel"],"picked":"Singing Bowl","floor":47},{"not_picked":["Clothesline","Flame Barrier+1","Infernal Blade+1"],"picked":"Singing Bowl","floor":48},{"not_picked":["Intimidate+1","Pommel Strike+1","Armaments+1"],"picked":"Singing Bowl","floor":49}],"player_experience":128296,"relics_obtained":[{"floor":1,"key":"Bottled Flame"},{"floor":2,"key":"Pen Nib"},{"floor":4,"key":"Singing Bowl"},{"floor":5,"key":"MawBank"},{"floor":6,"key":"StoneCalendar"},{"floor":8,"key":"Anchor"},{"floor":9,"key":"Bag of Preparation"},{"floor":10,"key":"Torii"},{"floor":11,"key":"PreservedInsect"},{"floor":12,"key":"Bronze Scales"},{"floor":14,"key":"Ornamental Fan"},{"floor":18,"key":"Paper Frog"},{"floor":20,"key":"Frozen Egg 2"},{"floor":21,"key":"MealTicket"},{"floor":22,"key":"Toxic Egg 2"},{"floor":24,"key":"Mummified Hand"},{"floor":25,"key":"Art of War"},{"floor":26,"key":"Strawberry"},{"floor":27,"key":"Regal Pillow"},{"floor":28,"key":"Mercury Hourglass"},{"floor":31,"key":"Omamori"},{"floor":35,"key":"Orichalcum"},{"floor":36,"key":"Charon\u0027s Ashes"},{"floor":40,"key":"Centennial Puzzle"},{"floor":41,"key":"War Paint"},{"floor":42,"key":"Meat on the Bone"},{"floor":43,"key":"Bottled Lightning"},{"floor":45,"key":"White Beast Statue"},{"floor":46,"key":"Vajra"},{"floor":48,"key":"Dream Catcher"}],"event_choices":[{"damage_healed":0,"gold_gain":75,"player_choice":"Touch","damage_taken":9,"max_hp_gain":0,"max_hp_loss":0,"event_name":"FaceTrader","floor":7,"gold_loss":0},{"damage_healed":0,"gold_gain":0,"player_choice":"Cursed","damage_taken":0,"max_hp_gain":0,"max_hp_loss":0,"event_name":"Wheel of Change","floor":29,"gold_loss":0,"cards_obtained":["Decay"]},{"damage_healed":0,"gold_gain":0,"player_choice":"1 cards matched","damage_taken":0,"max_hp_gain":0,"max_hp_loss":0,"event_name":"Match and Keep!","floor":39,"gold_loss":0,"cards_obtained":["Burning Pact"]},{"damage_healed":0,"gold_gain":0,"player_choice":"Upgrade","damage_taken":0,"relics_obtained":["Mark of the Bloom"],"max_hp_gain":0,"max_hp_loss":0,"event_name":"MindBloom","floor":44,"gold_loss":0,"cards_upgraded":["Double Tap","Demon Form","Feed","Limit Break","Corruption","Barricade","Fiend Fire","Juggernaut","Brutality","Reaper","Exhume","Offering","Dark Embrace","Sentinel","Shrug It Off","Havoc","Dark Embrace"]},{"damage_healed":0,"gold_gain":0,"player_choice":"Memory 3","damage_taken":10,"max_hp_gain":0,"max_hp_loss":0,"event_name":"SensoryStone","floor":47,"gold_loss":0}],"is_beta":false,"boss_relics":[{"not_picked":["Calling Bell","Black Star"],"picked":"Runic Dome"},{"not_picked":["Astrolabe","Runic Pyramid"],"picked":"Philosopher\u0027s Stone"}],"items_purged_floors":[19,30,37,38],"is_endless":false,"potions_floor_spawned":[1,2,3,10,11,16,21,25,28,36,41,42,46,48],"ascension_level":0}}