{"host":"l8lkgdumzpe3823a","time":1608524192,"event":{"mods":["Aspiration","BaseMod","Better Note","Colored Powertips","Curses Come First","Custom Start","DeckTracker","Defuse TimeMaze Blight","Highlight Path","Hubris","Infinite Spire","Minty Spire (QoL Compilation)","Quick Restart","Replay The Spire","Shop Mod","StSLib","SuperFastMode","The Construct","The Dragon Tamer","vexMod"],"gold_per_floor":[110,64,64,83,8,8,23,49,49,222,232,278,278,290,290,390,390,404,404,404,424,441,441,441],"floor_reached":23,"playtime":861,"items_purged":["Strike_B","Strike_B","Defend_B"],"score":191,"play_id":"734d9984-418a-4698-8140-edf03f5913a5","local_time":"20201220221632","is_ascension_mode":false,"campfire_choices":[{"data":"ReplayTheSpireMod:GoodbyeWorld","floor":6.0,"key":"SMITH"},{"data":"FTL","floor":15,"key":"SMITH"}],"circlet_count":0,"master_deck":["Strike_B","Strike_B","Defend_B","Defend_B","Defend_B","Zap","ReplayTheSpireMod:GoodbyeWorld+1","Gash+1","Hologram","Hologram","FTL+1","Redo","ReplayGash","Seek","Gash+1","Amplify"],"relics":["Cracked Core","hubris:ToyBattleship","Ornamental Fan","aspiration:EnhancedActuators","aspiration:Stellarator","DataDisk"],"acts_visited":["Exordium","TheCity"],"potions_floor_usage":[16,22],"damage_taken":[{"damage":0.0,"enemies":"Small Slimes","floor":1.0,"turns":3.0},{"damage":0.0,"enemies":"Cultist","floor":4.0,"turns":4.0},{"damage":3.0,"enemies":"Jaw Worm","floor":7.0,"turns":2.0},{"damage":26.0,"enemies":"Lagavulin","floor":8.0,"turns":7.0},{"damage":8,"enemies":"Exordium Wildlife","floor":11,"turns":4},{"damage":10,"enemies":"Exordium Thugs","floor":14,"turns":3},{"damage":41,"enemies":"Fading Forest","floor":16,"turns":11},{"damage":20,"enemies":"Shell Parasite","floor":18,"turns":5},{"damage":32,"enemies":"2 Thieves","floor":21,"turns":4},{"damage":21,"enemies":"Snecko","floor":22,"turns":5},{"damage":5,"enemies":"Gremlin Leader","floor":23,"turns":1}],"seed_played":"-2736659674879918494","potions_obtained":[{"floor":4.0,"key":"Block Potion"},{"floor":14,"key":"infinitespire:BlackPotion"},{"floor":16,"key":"Energy Potion"},{"floor":21,"key":"Dexterity Potion"}],"is_trial":false,"path_per_floor":["M","$","?","M","$","R","M","E","T","$","M","T","?","M","R","B",null,"M","?","AVR","M","M","E"],"character_chosen":"DEFECT","items_purchased":["Hologram","Redo","ReplayGash"],"campfire_rested":0,"item_purchase_floors":[2,10,10],"current_hp_per_floor":[75,75,75,75,75,75,72,46,46,46,38,38,38,28,28,9,75,55,55,55,23,2,0,0],"gold":441,"neow_bonus":"RANDOM_EVENT","is_daily":false,"chose_seed":false,"campfire_upgraded":2,"win_rate":0.0,"timestamp":1608524192,"path_taken":["M","$","?","M","?","R","M","E","T","$","?","?","?","M","R","BOSS","M","?","AVR","M","M","E"],"items_purchased_type":["Card","Card","Card"],"build_version":"2020-12-13","purchased_purges":3,"victory":false,"max_hp_per_floor":[75,75,75,75,75,75,75,75,75,75,75,75,75,75,75,75,75,75,75,75,75,75,75,75],"card_choices":[{"not_picked":["Double Energy","Beam Cell"],"picked":"Gash","floor":1.0},{"not_picked":["Turbo","Biased Cognition"],"picked":"Hologram","floor":4.0},{"not_picked":["Steam","Hologram","Lockon"],"picked":"SKIP","floor":7.0},{"not_picked":["Beam Cell","FIFO Queue"],"picked":"FTL","floor":8.0},{"not_picked":["Steam","Cold Snap","Leap"],"picked":"SKIP","floor":11},{"not_picked":["Darkness","Recycle","Chaos"],"picked":"SKIP","floor":14},{"not_picked":["Machine Learning","Thunder Strike"],"picked":"Seek","floor":16},{"not_picked":["FTL","Panic Button"],"picked":"Gash+1","floor":18},{"not_picked":["Heatsinks","Rebound","Doom and Gloom"],"picked":"SKIP","floor":21},{"not_picked":["Streamline","Rebound+1","ReplayTheSpireMod:Calculation Training"],"picked":"SKIP","floor":22}],"player_experience":577121,"relics_obtained":[{"floor":8.0,"key":"hubris:ToyBattleship"},{"floor":9.0,"key":"Ornamental Fan"},{"floor":12,"key":"aspiration:EnhancedActuators"}],"event_choices":[{"damage_healed":0.0,"max_hp_gain":0.0,"max_hp_loss":0.0,"gold_gain":0.0,"event_name":"betterNote:BetterNote","player_choice":"Ignored","floor":3.0,"gold_loss":0.0,"damage_taken":0.0,"cards_obtained":["ReplayTheSpireMod:Scrap Shanks"]},{"damage_healed":0,"gold_gain":0,"cards_transformed":["Dualcast"],"player_choice":"Transformed","damage_taken":0,"max_hp_gain":0,"max_hp_loss":0,"event_name":"Transmorgrifier","floor":19,"gold_loss":0,"cards_obtained":["Amplify"]}],"is_beta":false,"boss_relics":[{"not_picked":["aspiration:RitualDagger","hubris:RunicObelisk"],"picked":"aspiration:Stellarator"}],"items_purged_floors":[5,10,20],"is_endless":false,"potions_floor_spawned":[4,14,16,21],"killed_by":"Gremlin Leader","ascension_level":0}}