{"host":"d8hh7rr4yzitjeuj","time":1608525577,"event":{"mods":["2.2 Compatiblity","AchievementEnabler","BaseMod","CapriCore","Colored Map","Colored Powertips","Highlight Path","Keyboard Shortcuts","Marisa£¨Ùöéë¡¡Øª×âÞÞ£©","Minty Spire (QoL Compilation)","Permanent Neow","Quick Restart","StSLib","SuperFastMode"],"gold_per_floor":[113,131,146,157,29,58,58,92,92,117,149,175,175,194,194,234,234],"floor_reached":16,"playtime":655,"items_purged":[],"score":212,"play_id":"3fd2923d-4047-492e-ae9d-1c710383b5b8","local_time":"20201221133937","is_ascension_mode":true,"campfire_choices":[{"data":"ShootingEcho","floor":7.0,"key":"SMITH"},{"floor":13,"key":"REST"},{"data":"Strike_MRS","floor":15,"key":"PURGE"}],"circlet_count":0,"master_deck":["Strike_MRS","Strike_MRS","Strike_MRS","Defend_MRS","Defend_MRS","Defend_MRS+1","Defend_MRS+1","MasterSpark","UpSweep","NonDirectionalLaser","DC","MysteriousBeam","StarBarrage","ShootingEcho+1","GasGiant","UltimateShortwave","Robbery","PowerUp","GasGiant"],"relics":["MiniHakkero","Peace Pipe","Centennial Puzzle","War Paint","Shuriken","Singing Bowl","Mummified Hand"],"acts_visited":["Exordium"],"potions_floor_usage":[10,12,12],"damage_taken":[{"damage":1.0,"enemies":"Cultist","floor":1.0,"turns":4.0},{"damage":0.0,"enemies":"Small Slimes","floor":2.0,"turns":3.0},{"damage":2.0,"enemies":"Jaw Worm","floor":3.0,"turns":3.0},{"damage":12.0,"enemies":"Exordium Wildlife","floor":4.0,"turns":3.0},{"damage":26.0,"enemies":"Lagavulin","floor":6.0,"turns":4.0},{"damage":6.0,"enemies":"Gremlin Nob","floor":8.0,"turns":3.0},{"damage":2,"enemies":"3 Sentries","floor":10,"turns":4},{"damage":0,"enemies":"Looter","floor":11,"turns":2},{"damage":0,"enemies":"Gremlin Nob","floor":12,"turns":2},{"damage":1,"enemies":"Blue Slaver","floor":14,"turns":2},{"damage":41,"enemies":"Hexaghost","floor":16,"turns":7}],"seed_played":"-6021841849594198484","potions_obtained":[{"floor":1.0,"key":"BlessingOfTheForge"},{"floor":2.0,"key":"BlessingOfTheForge"},{"floor":10,"key":"Fire Potion"},{"floor":12,"key":"Ancient Potion"},{"floor":14,"key":"BottledSpark"}],"is_trial":false,"path_per_floor":["M","M","M","M","$","E","R","E","T","E","M","E","R","M","R","B"],"character_chosen":"MARISA","items_purchased":["ShootingEcho","GasGiant"],"campfire_rested":1,"item_purchase_floors":[5,5],"current_hp_per_floor":[67,67,65,53,53,27,27,21,21,19,19,19,39,40,40,0,0],"gold":234,"neow_bonus":"ONE_RARE_RELIC","is_daily":false,"chose_seed":false,"campfire_upgraded":1,"win_rate":0.0,"timestamp":1608525577,"path_taken":["M","M","M","M","?","E","R","E","T","E","?","E","R","M","R","BOSS"],"items_purchased_type":["Card","Card"],"build_version":"2020-12-13","purchased_purges":0,"victory":false,"max_hp_per_floor":[68,68,68,68,68,68,68,68,68,68,68,68,68,70,70,70,70],"card_choices":[{"not_picked":["DoubleSpark","WitchLeyline"],"picked":"NonDirectionalLaser","floor":1.0},{"not_picked":["MagicAbsorber","EarthLightRay"],"picked":"DC","floor":2.0},{"not_picked":["MilkyWay","DeepEcoloBomb"],"picked":"MysteriousBeam","floor":3.0},{"not_picked":["GalacticHalo","ManaConvection"],"picked":"StarBarrage","floor":4.0},{"not_picked":["GasGiant","PropBag","ShootingEcho"],"picked":"SKIP","floor":6.0},{"not_picked":["MachineGunSpark","NonDirectionalLaser"],"picked":"UltimateShortwave","floor":8.0},{"not_picked":["EnergyRecoil","MagicChant"],"picked":"Robbery","floor":10},{"not_picked":["MysteriousBeam","LuminesStrike"],"picked":"PowerUp","floor":11},{"not_picked":["IllusionStar","SprinkleStarSeal"],"picked":"GasGiant","floor":12},{"not_picked":["OneTimeOff","DoubleSpark","SporeBomb"],"picked":"Singing Bowl","floor":14}],"player_experience":1420382,"relics_obtained":[{"floor":6.0,"key":"Centennial Puzzle"},{"floor":8.0,"key":"War Paint"},{"floor":9.0,"key":"Shuriken"},{"floor":10,"key":"Singing Bowl"},{"floor":12,"key":"Mummified Hand"}],"event_choices":[],"is_beta":false,"boss_relics":[],"items_purged_floors":[],"is_endless":false,"potions_floor_spawned":[1,2,10,12,14],"killed_by":"Hexaghost","ascension_level":7}}