{"host":"sabve5zmqufxyc5o","time":1608534731,"event":{"mods":["2.2 Compatiblity","AchievementEnabler","Act Like it!","BaseMod","Block Reminder","Colored Map","Colored Powertips","DeckTracker","KOR Keyword Fix","Keyboard Shortcuts","Minty Spire (QoL Compilation)","Quick Restart","Rare Cards Sparkle","Relic Stats","StSLib","SuperFastMode"],"gold_per_floor":[110,1,20,36,55,70,98,117,117,127,145,145,178,188,188,265,265,284,27,38,52,52,52],"floor_reached":22,"playtime":474,"items_purged":[],"score":408,"play_id":"3d324379-d03b-4d3e-8e75-b2aa85c7e19a","local_time":"20201221161211","is_ascension_mode":true,"campfire_choices":[{"floor":12.0,"key":"REST"},{"data":"Defragment","floor":15.0,"key":"SMITH"}],"circlet_count":0,"master_deck":["AscendersBane","Strike_B","Strike_B","Strike_B","Strike_B","Defend_B","Defend_B","Defend_B","Defend_B","Zap","Dualcast","Dramatic Entrance","Gash","Ball Lightning","Rebound","Defragment+1","Streamline","Cold Snap","Sweeping Beam","Undo","Compile Driver","Rebound","Barrage","FTL","Melter","Echo Form","Capacitor","Capacitor","Stack","Conserve Battery","Deep Breath","Turbo","Cold Snap+1"],"relics":["Cracked Core","Gambling Chip","CaptainsWheel","TungstenRod","Fusion Hammer"],"acts_visited":["Exordium","TheCity"],"potions_floor_usage":[20],"damage_taken":[{"damage":1.0,"enemies":"Cultist","floor":1.0,"turns":3.0},{"damage":7.0,"enemies":"Small Slimes","floor":3.0,"turns":2.0},{"damage":6.0,"enemies":"2 Louse","floor":4.0,"turns":2.0},{"damage":4.0,"enemies":"2 Fungi Beasts","floor":5.0,"turns":2.0},{"damage":9.0,"enemies":"Looter","floor":6.0,"turns":3.0},{"damage":8.0,"enemies":"Gremlin Nob","floor":7.0,"turns":3.0},{"damage":6.0,"enemies":"Blue Slaver","floor":8.0,"turns":5.0},{"damage":0.0,"enemies":"2 Fungi Beasts","floor":10.0,"turns":2.0},{"damage":7.0,"enemies":"Exordium Thugs","floor":11.0,"turns":3.0},{"damage":16.0,"enemies":"3 Sentries","floor":13.0,"turns":6.0},{"damage":0.0,"enemies":"Large Slime","floor":14.0,"turns":5.0},{"damage":24.0,"enemies":"The Guardian","floor":16.0,"turns":13.0},{"damage":0,"enemies":"Chosen","floor":18,"turns":4},{"damage":30,"enemies":"2 Thieves","floor":20,"turns":4},{"damage":41,"enemies":"Snake Plant","floor":21,"turns":5},{"damage":16,"enemies":"Shelled Parasite and Fungi","floor":22,"turns":1}],"seed_played":"-411094168924985903","potions_obtained":[{"floor":4.0,"key":"SkillPotion"},{"floor":5.0,"key":"Fruit Juice"},{"floor":6.0,"key":"Explosive Potion"},{"floor":10.0,"key":"Regen Potion"},{"floor":13.0,"key":"Strength Potion"},{"floor":18,"key":"Regen Potion"},{"floor":21,"key":"Energy Potion"}],"is_trial":false,"path_per_floor":["M","$","M","M","M","M","E","M","T","M","M","R","E","M","R","B",null,"M","$","M","M","M"],"character_chosen":"DEFECT","items_purchased":["Ball Lightning","Rebound","Capacitor","Stack","Conserve Battery","Deep Breath"],"campfire_rested":1,"item_purchase_floors":[2,2,19,19,19,19],"current_hp_per_floor":[63,63,56,50,51,42,34,28,28,28,21,43,42,42,42,18,62,62,62,46,5,0,0],"gold":52,"neow_bonus":"RANDOM_COLORLESS","is_daily":false,"chose_seed":false,"campfire_upgraded":1,"win_rate":0.0,"timestamp":1608534731,"path_taken":["M","$","M","M","M","M","E","M","T","M","M","R","E","M","R","BOSS","M","$","M","M","M"],"items_purchased_type":["Card","Card","Card","Card","Card","Card"],"build_version":"2020-12-13","purchased_purges":0,"victory":false,"max_hp_per_floor":[71,71,71,71,76,76,76,76,76,76,76,76,76,76,76,76,76,76,76,76,76,76,76],"relic_stats":{"counters":[16,63],"Gambling Chip":[21],"obtain_stats":[{"CaptainsWheel":9,"Gambling Chip":7,"Fusion Hammer":17,"Cracked Core":0,"TungstenRod":13},{"CaptainsWheel":7,"Gambling Chip":6,"Fusion Hammer":12,"Cracked Core":0,"TungstenRod":10},{"CaptainsWheel":20,"Gambling Chip":15,"Fusion Hammer":49,"Cracked Core":0,"TungstenRod":31}],"TungstenRod":18},"card_choices":[{"not_picked":["Enlightenment","PanicButton"],"picked":"Dramatic Entrance","floor":0.0},{"not_picked":["Stack","Conserve Battery"],"picked":"Gash","floor":1.0},{"not_picked":["Rebound","Recycle"],"picked":"Defragment","floor":3.0},{"not_picked":["Force Field","Barrage"],"picked":"Streamline","floor":4.0},{"not_picked":["Machine Learning","Capacitor"],"picked":"Cold Snap","floor":5.0},{"not_picked":["Stack","Steam Power"],"picked":"Sweeping Beam","floor":6.0},{"not_picked":["Leap","Redo"],"picked":"Undo","floor":7.0},{"not_picked":["Rebound","Leap"],"picked":"Compile Driver","floor":8.0},{"not_picked":["Melter","Redo"],"picked":"Rebound","floor":10.0},{"not_picked":["Redo","Lockon"],"picked":"Barrage","floor":11.0},{"not_picked":["Hologram","Darkness"],"picked":"FTL","floor":13.0},{"not_picked":["Sweeping Beam","Chaos"],"picked":"Melter","floor":14.0},{"not_picked":["Core Surge","Electrodynamics"],"picked":"Echo Form","floor":16.0},{"not_picked":["White Noise","Rebound"],"picked":"Capacitor","floor":18},{"not_picked":["Streamline","Redo+1"],"picked":"Turbo","floor":20},{"not_picked":["Steam","Streamline+1"],"picked":"Cold Snap+1","floor":21}],"player_experience":794637,"relics_obtained":[{"floor":7.0,"key":"Gambling Chip"},{"floor":9.0,"key":"CaptainsWheel"},{"floor":13.0,"key":"TungstenRod"}],"event_choices":[],"is_beta":false,"boss_relics":[{"not_picked":["Coffee Dripper","Busted Crown"],"picked":"Fusion Hammer"}],"items_purged_floors":[],"is_endless":false,"potions_floor_spawned":[4,5,6,10,13,14,16,18,21],"killed_by":"Shelled Parasite and Fungi","ascension_level":20}}