{"host":"ormi09wwzv7sq47a","time":1608581513,"event":{"mods":["2.2 Compatiblity","AchievementEnabler","Act Like it!","BaseMod","Bestiary","Better Note","Better Sensory Stone","Better Skull","Better Vampires","Colored Map","Colored Powertips","Curses Come First","DeckTracker","Downfall","Highlight Path","Minty Spire (QoL Compilation)","Permanent Neow","Quick Restart","Rare Cards Sparkle","Relic Stats","Shop Mod","StSLib","The Jungle"],"gold_per_floor":[116,131,141,27,43,43,43,43,69,69,69,69,82,95,95,226,226,244,244,244,244,259,297,297,316,316,63,87,87,131,56,56,180,180,205,205,226,226,101,101,101,101,101],"floor_reached":41,"playtime":2046,"items_purged":["Slimebound:Tackle","Writhe","Slimebound:Strike_Slimebound"],"score":622,"play_id":"314b4080-6454-46b6-8be1-7d92ee9fb8da","local_time":"20201221181153","is_ascension_mode":true,"campfire_choices":[{"data":"Slimebound:Split","floor":6.0,"key":"SMITH"},{"data":"Slimebound:OozeBath","floor":8.0,"key":"SMITH"},{"data":"Slimebound:GrowthPunch","floor":10.0,"key":"SMITH"},{"data":"Slimebound:CorrosiveSpit","floor":15.0,"key":"SMITH"},{"data":"Slimebound:DuplicatedForm","floor":24,"key":"SMITH"},{"data":"Slimebound:MegaLick","floor":29,"key":"SMITH"},{"data":"Slimebound:HauntingLick","floor":32,"key":"SMITH"},{"data":"Slimebound:LivingWall","floor":40,"key":"SMITH"}],"circlet_count":0,"master_deck":["Slimebound:Strike_Slimebound","Slimebound:Defend_Slimebound","Slimebound:Defend_Slimebound","Slimebound:Defend_Slimebound","Slimebound:Defend_Slimebound","Slimebound:Split+1","Slimebound:CorrosiveSpit+1","Slimebound:SlimeSpikes","Slimebound:GrowthPunch+1","Slimebound:OozeBath+1","Slimebound:HauntingLick+1","Slimebound:GoopSpray","Slimebound:RainOfGoop","Slimebound:MegaLick+1","Slimebound:DuplicatedForm+1","Necronomicurse","Slimebound:LeechingTouch+1","Slimebound:ItLooksTasty+1","Slimebound:LivingWall+1","Madness","Madness"],"relics":["Slimebound:AbsorbEndCombat","Akabeko","Ancient Tea Set","Golden Idol","Guardian:PocketSentry","Busted Crown","Necronomicon","Orichalcum","Pen Nib","TungstenRod","Bag of Preparation","Bag of Marbles","SacredBark"],"acts_visited":["Exordium","TheCity","TheBeyond"],"potions_floor_usage":[22,23,23,28,28],"damage_taken":[{"damage":5.0,"enemies":"Cultist","floor":1.0,"turns":3.0},{"damage":8.0,"enemies":"Small Slimes","floor":2.0,"turns":4.0},{"damage":4.0,"enemies":"2 Louse","floor":3.0,"turns":3.0},{"damage":6.0,"enemies":"Looter","floor":5.0,"turns":3.0},{"damage":8.0,"enemies":"Large Slime","floor":13.0,"turns":3.0},{"damage":9.0,"enemies":"Exordium Wildlife","floor":14.0,"turns":3.0},{"damage":21.0,"enemies":"Hexaghost","floor":16.0,"turns":8.0},{"damage":16.0,"enemies":"Chosen","floor":18.0,"turns":4.0},{"damage":12,"enemies":"2 Thieves","floor":22,"turns":4},{"damage":8,"enemies":"Gremlin Leader","floor":23,"turns":7},{"damage":25,"enemies":"Centurion and Healer","floor":25,"turns":5},{"damage":0,"enemies":"Snake Plant","floor":28,"turns":1},{"damage":23,"enemies":"Book of Stabbing","floor":30,"turns":5},{"damage":22,"enemies":"Automaton","floor":33,"turns":8},{"damage":27,"enemies":"Orb Walker","floor":35,"turns":4},{"damage":20,"enemies":"3 Shapes","floor":37,"turns":6},{"damage":68,"enemies":"Reptomancer","floor":41,"turns":6}],"seed_played":"-2372871265619625951","potions_obtained":[{"floor":5.0,"key":"BlessingOfTheForge"},{"floor":13.0,"key":"BlessingOfTheForge"},{"floor":14.0,"key":"EntropicBrew"},{"floor":18.0,"key":"BlessingOfTheForge"},{"floor":22,"key":"EssenceOfSteel"},{"floor":25,"key":"DistilledChaos"}],"is_trial":false,"path_per_floor":["M","M","M","$","M","R","?","R","T","R","?","?","M","M","R","B",null,"M","?","?","?","M","E","R","M","T","$","M","R","E","?","R","B",null,"M","?","M","?","$","R","E"],"character_chosen":"SLIMEBOUND","items_purchased":["Slimebound:HauntingLick","Bag of Preparation"],"campfire_rested":0,"item_purchase_floors":[4,27],"current_hp_per_floor":[57,57,57,57,59,59,59,59,59,59,44,37,43,46,46,45,56,54,38,58,58,58,60,60,52,52,52,58,58,60,60,60,60,60,57,57,60,53,53,53,0,0,0],"gold":101,"neow_bonus":"RANDOM_COMMON_RELIC","is_daily":false,"chose_seed":false,"campfire_upgraded":8,"win_rate":0.0,"timestamp":1608581513,"path_taken":["M","?","M","$","M","R","?","R","T","R","?","?","M","M","R","BOSS","M","?","?","?","M","E","R","M","T","$","M","R","E","?","R","BOSS","M","?","M","?","$","R","E"],"items_purchased_type":["Card","Relic"],"build_version":"2020-12-13","purchased_purges":3,"victory":false,"max_hp_per_floor":[60,60,60,60,60,60,60,60,60,60,60,60,60,60,60,60,60,60,60,60,60,60,60,60,60,60,60,60,60,60,60,60,60,60,60,60,60,60,60,60,60,60,60],"relic_stats":{"Busted Crown":18,"counters":[17,75],"Golden Idol":99,"Pen Nib":[4],"Necronomicon":[0],"Bag of Preparation":[12],"Orichalcum":[24],"obtain_stats":[{"Golden Idol":11,"SacredBark":34,"Pen Nib":23,"Guardian:PocketSentry":12,"Bag of Preparation":27,"Orichalcum":21,"Ancient Tea Set":9,"Akabeko":0,"Busted Crown":17,"Slimebound:AbsorbEndCombat":0,"Necronomicon":19,"Bag of Marbles":30,"TungstenRod":26},{"Golden Idol":4,"SacredBark":14,"Pen Nib":10,"Guardian:PocketSentry":4,"Bag of Preparation":11,"Orichalcum":8,"Ancient Tea Set":4,"Akabeko":0,"Busted Crown":7,"Slimebound:AbsorbEndCombat":0,"Necronomicon":8,"Bag of Marbles":13,"TungstenRod":11},{"Golden Idol":12,"SacredBark":59,"Pen Nib":41,"Guardian:PocketSentry":12,"Bag of Preparation":46,"Orichalcum":30,"Ancient Tea Set":12,"Akabeko":0,"Busted Crown":26,"Slimebound:AbsorbEndCombat":0,"Necronomicon":30,"Bag of Marbles":52,"TungstenRod":46}],"TungstenRod":24},"card_choices":[{"not_picked":["Slimebound:GoopSpray","Slimebound:HungryTackle"],"picked":"Slimebound:SlimeSpikes","floor":1.0},{"not_picked":["Slimebound:SplitLeeching","Slimebound:PressTheAttack"],"picked":"Slimebound:GrowthPunch","floor":2.0},{"not_picked":["Slimebound:RainOfGoop","Slimebound:Chomp"],"picked":"Slimebound:OozeBath","floor":3.0},{"not_picked":["Slimebound:ViciousTackle","Slimebound:SplitMire"],"picked":"Slimebound:GoopSpray","floor":5.0},{"not_picked":["Slimebound:GrowthPunch","Slimebound:SplitMire"],"picked":"Slimebound:RainOfGoop","floor":13.0},{"not_picked":["Slimebound:RejuvenatingLick","Slimebound:ProtectTheBoss"],"picked":"Slimebound:MegaLick","floor":14.0},{"not_picked":["Slimebound:PrepareCrush","Slimebound:Teamwork"],"picked":"Slimebound:DuplicatedForm","floor":16.0},{"not_picked":["Slimebound:BestDefense"],"picked":"SKIP","floor":18.0},{"not_picked":[],"picked":"Slimebound:LeechingTouch+1","floor":22},{"not_picked":[],"picked":"Slimebound:ItLooksTasty+1","floor":23},{"not_picked":["Slimebound:GoopSpray"],"picked":"SKIP","floor":25},{"not_picked":[],"picked":"Slimebound:LivingWall","floor":28},{"not_picked":["Slimebound:SplitBruiser"],"picked":"SKIP","floor":30},{"not_picked":["Slimebound:PressTheAttack+1"],"picked":"SKIP","floor":35},{"not_picked":["Slimebound:ComboTackle+1"],"picked":"SKIP","floor":37}],"player_experience":712297,"relics_obtained":[{"floor":9.0,"key":"Ancient Tea Set"},{"floor":19.0,"key":"Necronomicon"},{"floor":23,"key":"Pen Nib"},{"floor":26,"key":"TungstenRod"},{"floor":30,"key":"Bag of Marbles"}],"event_choices":[{"damage_healed":0.0,"max_hp_gain":0.0,"max_hp_loss":0.0,"gold_gain":0.0,"event_name":"Liars Game","player_choice":"Ignored","floor":7.0,"gold_loss":0.0,"damage_taken":0.0},{"damage_healed":0.0,"max_hp_gain":0.0,"max_hp_loss":0.0,"gold_gain":0.0,"event_name":"Golden Idol","player_choice":"Take Damage","floor":11.0,"gold_loss":0.0,"damage_taken":15.0,"relics_obtained":["Golden Idol"]},{"damage_healed":0.0,"max_hp_gain":0.0,"max_hp_loss":0.0,"gold_gain":0.0,"event_name":"Scrap Ooze","player_choice":"Success","floor":12.0,"gold_loss":0.0,"damage_taken":7.0,"relics_obtained":["Guardian:PocketSentry"]},{"damage_healed":0.0,"max_hp_gain":0.0,"max_hp_loss":0.0,"gold_gain":0.0,"event_name":"Cursed Tome","player_choice":"Obtained Book","floor":19.0,"gold_loss":0.0,"damage_taken":16.0},{"damage_healed":20.0,"max_hp_gain":0.0,"max_hp_loss":0.0,"gold_gain":0.0,"event_name":"The Library","player_choice":"Heal","floor":20.0,"gold_loss":0.0,"damage_taken":0.0},{"damage_healed":0.0,"max_hp_gain":0.0,"max_hp_loss":0.0,"gold_gain":0.0,"event_name":"The Mausoleum","player_choice":"Opened","floor":21.0,"gold_loss":0.0,"damage_taken":0.0,"relics_obtained":["Orichalcum"],"cards_obtained":["Writhe"]},{"cards_removed":["Slimebound:Strike_Slimebound"],"damage_healed":0,"gold_gain":0,"player_choice":"Gave Gold","damage_taken":0,"max_hp_gain":0,"max_hp_loss":0,"event_name":"Beggar","floor":31,"gold_loss":75},{"damage_healed":0,"gold_gain":0,"player_choice":"Ignored","damage_taken":0,"max_hp_gain":0,"max_hp_loss":0,"event_name":"Tomb of Lord Red Mask","floor":36,"gold_loss":0},{"damage_healed":0,"gold_gain":0,"player_choice":"Embrace Madness","damage_taken":8,"max_hp_gain":0,"max_hp_loss":0,"event_name":"Winding Halls","floor":38,"gold_loss":0,"cards_obtained":["Madness","Madness"]}],"is_beta":false,"boss_relics":[{"not_picked":["Ectoplasm","Runic Dome"],"picked":"Busted Crown"},{"not_picked":["Coffee Dripper","Sozu"],"picked":"SacredBark"}],"items_purged_floors":[4,27,39],"is_endless":false,"potions_floor_spawned":[5,13,14,18,22,25],"killed_by":"Reptomancer","ascension_level":8}}