{"host":"pszcj3piwl6eu8b1","time":1608572839,"event":{"mods":["2.2 Compatiblity","Act Like it!","Aspiration","BaseMod","Better Altar","Better Match","Better Note","Better Sensory Stone","Better Skull","Better Third Choice","Better Vampires","CCEM","CapriCore","Downfall","Elementarium","Energized Spire","Gensokyo","GifTheSpireLib","Hallownest","Hermit","Hubris","Humility","Jorbs\u0027s Wanderer Trilogy","Marisa????????","Marked Mod","Menagerie","Minty Spire (QoL Compilation)","Permanent Neow","Quarter Circle Forward PUNCH!","Quick Restart","RNG Fix","Replay The Spire","Shop Mod","StSLib","Stuff the Spire","The Animator","The Blue Laboratory","The Hayseed","The Immortal","Wandering Minibosses","vexMod"],"gold_per_floor":[109,162,28,28,43,77,77,89,161,161,186,81,81,96,96,199,199,257,288,351,351,32,32,32,92,115,128,128],"floor_reached":27,"playtime":2834,"items_purged":["animator:Defend"],"score":457,"play_id":"1c2cea0a-e0ac-46cd-bb22-dc1b1aa3b911","local_time":"20201221094719","is_ascension_mode":true,"campfire_choices":[{"floor":7.0,"key":"REST"},{"data":"animator:Walpurgisnacht","floor":10.0,"key":"SMITH"},{"data":"animator:UneriGinkaku","floor":15.0,"key":"SMITH"},{"floor":23.0,"key":"REST"}],"circlet_count":0,"master_deck":["AscendersBane","animator:Defend_MadokaMagica","animator:IrohaTamaki","animator:YuiTsuruno","animator:ZankiKiguchi","animator:UneriGinkaku+1","animator:OrikoMikuni","animator:Shinoa","animator:Yuuichirou","animator:Walpurgisnacht+1","animator:PinaCoLada","animator:Boros","animator:KyokoSakura","animator:YuiTsuruno+1","animator:Azekura","animator:Azekura","animator:Ara+1"],"relics":["animator:LivingPicture","animator:TheMissingPiece","StuffTheSpire:OccultApparatus","Replay:Ringing Soul","vexMod:ConsolationPrize","animator:CursedGlyph","CCEMRelics:GrapeVine","energizedSpire:SpiderWeb","hubris:PeanutButter","Replay:Bottled Flurry"],"acts_visited":["Gensokyo:Gensokyo","Elementarium:Elementarium"],"potions_floor_usage":[27],"damage_taken":[{"damage":0.0,"enemies":"Gensokyo:3_Fairies","floor":1.0,"turns":4.0},{"damage":0.0,"enemies":"Gensokyo:Gryphon","floor":5.0,"turns":3.0},{"damage":9.0,"enemies":"Gensokyo:Mamizou","floor":6.0,"turns":8.0},{"damage":0.0,"enemies":"Gensokyo:Python","floor":8.0,"turns":2.0},{"damage":8.0,"enemies":"Gensokyo:3_Kodama","floor":11.0,"turns":5.0},{"damage":1.0,"enemies":"Gensokyo:LivingMonolith","floor":14.0,"turns":3.0},{"damage":24.0,"enemies":"Gensokyo:Yukari","floor":16.0,"turns":8.0},{"damage":44.0,"enemies":"Elementarium:2_ELEMENTALS","floor":18.0,"turns":5.0},{"damage":6.0,"enemies":"Elementarium:VoidCorruption","floor":19.0,"turns":4.0},{"damage":45.0,"enemies":"Elementarium:VoidBeast","floor":20.0,"turns":5.0},{"damage":21.0,"enemies":"Elementarium:WarGolem","floor":25.0,"turns":4.0},{"damage":23,"enemies":"Elementarium:CYCLONE_AND_ORB_OF_FIRE","floor":27,"turns":4}],"seed_played":"3111981066002197835","potions_obtained":[{"floor":2.0,"key":"blueLaboratory:Moonshine"},{"floor":5.0,"key":"blueLaboratory:LouseDecoction"},{"floor":8.0,"key":"blueLaboratory:Moonshine"},{"floor":11.0,"key":"Swift Potion"},{"floor":14.0,"key":"Weak Potion"},{"floor":19.0,"key":"Regen Potion"},{"floor":20.0,"key":"BlessingOfTheForge"}],"is_trial":false,"path_per_floor":["M","?","$","?","M","E","R","M","T","R","M","$","?","M","R","B",null,"M","M","M","?","$","R","?","E","T","M"],"character_chosen":"THE_ANIMATOR","items_purchased":["animator:OrikoMikuni","Fruit Juice","hubris:PeanutButter","animator:Azekura"],"campfire_rested":2,"item_purchase_floors":[3,12,22,22],"current_hp_per_floor":[54,40,43,13,16,10,29,32,32,32,27,27,32,31,31,10,60,21,23,4,4,7,31,31,16,16,0,0],"gold":128,"neow_bonus":"REMOVE_TWO","is_daily":false,"chose_seed":false,"campfire_upgraded":2,"win_rate":0.0,"timestamp":1608572839,"path_taken":["M","?","?","?","?","E","R","?","T","R","M","$","?","M","R","BOSS","M","M","?","?","$","R","?","E","T","M"],"items_purchased_type":["Card","Potion","Relic","Card"],"build_version":"2020-12-13","purchased_purges":1,"victory":false,"max_hp_per_floor":[54,57,60,60,63,66,66,65,65,65,68,68,73,73,73,76,76,76,79,82,80,83,83,83,86,86,86,86],"card_choices":[{"not_picked":["animator:Pride","animator:Archer"],"picked":"animator:ZankiKiguchi","floor":1.0},{"not_picked":["animator:Shion","animator:Mitsuba"],"picked":"animator:UneriGinkaku","floor":2.0},{"not_picked":["animator:CrowleyEusford","animator:Lancer"],"picked":"animator:Shinoa","floor":5.0},{"not_picked":["animator:Jibril","animator:Chris"],"picked":"animator:Yuuichirou","floor":6.0},{"not_picked":["animator:IrohaTamaki","animator:OrikoMikuni"],"picked":"animator:Walpurgisnacht","floor":8.0},{"not_picked":["animator:Shion","animator:Chung"],"picked":"animator:PinaCoLada","floor":11.0},{"not_picked":["animator:Evileye","animator:RoryMercury","animator:Gillette"],"picked":"SKIP","floor":14.0},{"not_picked":["animator:Rimuru","animator:Eris"],"picked":"animator:Boros","floor":16.0},{"not_picked":["animator:Verdia","animator:Fredrika","animator:Shion"],"picked":"SKIP","floor":18.0},{"not_picked":["animator:OrikoMikuni","animator:Kyubey"],"picked":"animator:KyokoSakura","floor":19.0},{"not_picked":["animator:ElricEdward","animator:Emonzaemon"],"picked":"animator:YuiTsuruno+1","floor":20.0},{"not_picked":["animator:ShinjiMatou","animator:Cocytus+1"],"picked":"animator:Ara+1","floor":25.0}],"player_experience":1553300,"relics_obtained":[{"floor":2.0,"key":"Replay:Ringing Soul"},{"floor":6.0,"key":"vexMod:ConsolationPrize"},{"floor":8.0,"key":"animator:CursedGlyph"},{"floor":9.0,"key":"CCEMRelics:GrapeVine"},{"floor":25.0,"key":"Replay:Bottled Flurry"}],"event_choices":[{"damage_healed":0.0,"max_hp_gain":0.0,"max_hp_loss":2.0,"gold_gain":0.0,"event_name":"Elementarium:OtherworldlyPassage","player_choice":"Detour","floor":21.0,"gold_loss":0.0,"damage_taken":0.0}],"is_beta":false,"boss_relics":[{"not_picked":["hubris:BlackHole","vexMod:RockOfEvil"],"picked":"energizedSpire:SpiderWeb"}],"items_purged_floors":[3],"is_endless":false,"potions_floor_spawned":[5,8,11,14,19,20],"killed_by":"Elementarium:CYCLONE_AND_ORB_OF_FIRE","ascension_level":20}}