{"host":"hdafziggwnbzqpcb","time":1608592402,"event":{"mods":["BaseMod","Better Vampires","Colored Map","Colored Powertips","Curses Come First","GifTheSpireLib","Minty Spire (QoL Compilation)","Quick Restart","Rare Cards Sparkle","Relic Stats","Spicy Shops","StSLib","The Bug Knight","The Cursed","TheHero"],"gold_per_floor":[111,126,126,140,140,140,315,315,315,341,341,358,38,52,52,148,148,165,65,164,164,184,184,215,215,265,265,265,281,196,133,133,236,236,254,268,268,268,40,40,60,60,60,72,72,91,110,37,37,37],"floor_reached":51,"playtime":2659,"items_purged":["TheCursedMod:Obscuration","TheCursedMod:CircleOfAbyss+1"],"score":838,"play_id":"8483d13b-759c-4aab-aa14-24370f793441","local_time":"20201221151322","daily_mods":["SealedDeck","Heirloom"],"is_ascension_mode":false,"campfire_choices":[{"data":"TheCursedMod:LuckyCharm","floor":6.0,"key":"SMITH"},{"data":"TheCursedMod:CircleOfCorruption","floor":8.0,"key":"SMITH"},{"data":"TheCursedMod:CircleOfAbyss","floor":15.0,"key":"SMITH"},{"data":"TheCursedMod:RapidMovement","floor":23.0,"key":"SMITH"},{"data":"TheCursedMod:CursedSpellbook","floor":25.0,"key":"SMITH"},{"floor":28.0,"key":"DIG"},{"data":"TheCursedMod:CursedAmulet","floor":32.0,"key":"SMITH"},{"floor":42,"key":"DIG"},{"floor":45,"key":"DIG"},{"floor":49,"key":"REST"}],"circlet_count":0,"master_deck":["TheCursedMod:WearCloak","TheCursedMod:CursedBlade+1","TheCursedMod:CircleOfCorruption+1","TheCursedMod:CursedAmulet+1","TheCursedMod:LuckyCharm+1","TheCursedMod:CursedShiv","TheCursedMod:RapidMovement+1","Regret","Doubt","TheCursedMod:Hemoplague+1","TheCursedMod:HellfireBreathing+1","TheCursedMod:VoidForm+1","TheCursedMod:BlessingInDisguise","TheCursedMod:RapidMovement","TheCursedMod:CursedSpellbook+1","TheCursedMod:HellfireBreathing+1","TheCursedMod:AshesToAshes+1","TheCursedMod:HellfireBreathing+1","TheCursedMod:CursedShiv","TheCursedMod:SpitefulPlan+1"],"relics":["TheCursedMod:BlackMagic101","Calipers","Matryoshka","Frozen Egg 2","MealTicket","Meat on the Bone","Shovel","Singing Bowl","Sozu","CaptainsWheel","StrikeDummy","Art of War","Sundial","MawBank","Runic Dome","Blue Candle","Bottled Tornado","Shuriken"],"acts_visited":["Exordium","TheCity","TheBeyond"],"potions_floor_usage":[],"damage_taken":[{"damage":0.0,"enemies":"2 Louse","floor":1.0,"turns":2.0},{"damage":0.0,"enemies":"Cultist","floor":2.0,"turns":3.0},{"damage":0.0,"enemies":"Small Slimes","floor":4.0,"turns":4.0},{"damage":0.0,"enemies":"Gremlin Nob","floor":10.0,"turns":3.0},{"damage":0.0,"enemies":"2 Fungi Beasts","floor":12.0,"turns":2.0},{"damage":0.0,"enemies":"Exordium Thugs","floor":14.0,"turns":4.0},{"damage":2.0,"enemies":"Hexaghost","floor":16.0,"turns":9.0},{"damage":9.0,"enemies":"Shell Parasite","floor":18.0,"turns":4.0},{"damage":3.0,"enemies":"2 Thieves","floor":22.0,"turns":4.0},{"damage":29.0,"enemies":"Slavers","floor":24.0,"turns":5.0},{"damage":6.0,"enemies":"3 Cultists","floor":29.0,"turns":3.0},{"damage":4.0,"enemies":"Collector","floor":33.0,"turns":4.0},{"damage":1,"enemies":"3 Shapes","floor":35,"turns":3},{"damage":22,"enemies":"3 Darklings","floor":36,"turns":3},{"damage":5,"enemies":"Transient","floor":41,"turns":5},{"damage":2,"enemies":"Sphere and 2 Shapes","floor":44,"turns":2},{"damage":3,"enemies":"Spire Growth","floor":46,"turns":2},{"damage":36,"enemies":"Writhing Mass","floor":47,"turns":4},{"damage":29,"enemies":"Awakened One","floor":50,"turns":3}],"seed_played":"1023269914910955120","potions_obtained":[{"floor":2.0,"key":"EssenceOfSteel"},{"floor":12.0,"key":"Ancient Potion"},{"floor":14.0,"key":"ColorlessPotion"}],"is_trial":true,"path_per_floor":["M","M","?","M","?","R","?","R","T","E","?","M","$","M","R","B",null,"M","$","?","?","M","R","E","R","T","?","R","M","?","$","R","B",null,"M","M","?","?","$","?","M","R","T","M","R","M","M","$","R","B",null],"character_chosen":"THE_CURSED","items_purchased":["TheCursedMod:HellfireBreathing+1","Singing Bowl","TheCursedMod:BlessingInDisguise","TheCursedMod:HellfireBreathing+1","TheCursedMod:CursedShiv","TheCursedMod:SpitefulPlan+1"],"campfire_rested":1,"item_purchase_floors":[13,13,19,39,39,48],"current_hp_per_floor":[75,75,75,75,75,75,75,75,75,75,75,75,75,75,75,73,75,68,77,77,77,74,74,45,45,45,45,45,41,41,56,56,54,81,82,60,60,60,75,75,72,72,72,72,72,71,49,64,91,62],"gold":37,"neow_bonus":"","is_daily":false,"chose_seed":false,"campfire_upgraded":6,"win_rate":0.0,"timestamp":1608592402,"path_taken":["M","M","?","?","?","R","?","R","T","E","?","M","$","?","R","BOSS","M","$","?","?","M","R","E","R","T","?","R","?","?","$","R","BOSS","M","M","?","?","$","?","?","R","T","M","R","M","M","$","R","BOSS"],"items_purchased_type":["Card","Relic","Card","Card","Card","Card"],"build_version":"2020-12-13","purchased_purges":2,"victory":true,"max_hp_per_floor":[75,75,75,75,75,75,75,75,75,75,75,75,75,75,75,75,75,77,77,77,77,77,77,77,77,77,77,77,79,79,79,79,81,81,83,83,83,83,83,83,85,85,85,87,87,89,91,91,91,91],"relic_stats":{"Sozu":4,"Shovel":3,"Singing Bowl":16,"counters":[19,65],"Sundial":[12],"Shuriken":[3],"Blue Candle":[1],"MealTicket":54,"Art of War":[4],"MawBank":12,"obtain_stats":[{"TheCursedMod:BlackMagic101":0,"Calipers":0,"Singing Bowl":13,"Blue Candle":42,"Frozen Egg 2":5,"Bottled Tornado":43,"MawBank":30,"Sozu":17,"Runic Dome":34,"CaptainsWheel":24,"Matryoshka":3,"Shovel":10,"Sundial":28,"Shuriken":45,"MealTicket":9,"Art of War":26,"StrikeDummy":26,"Meat on the Bone":9},{"TheCursedMod:BlackMagic101":0,"Calipers":0,"Singing Bowl":5,"Blue Candle":15,"Frozen Egg 2":3,"Bottled Tornado":15,"MawBank":11,"Sozu":7,"Runic Dome":12,"CaptainsWheel":10,"Matryoshka":2,"Shovel":4,"Sundial":10,"Shuriken":16,"MealTicket":3,"Art of War":10,"StrikeDummy":10,"Meat on the Bone":3},{"TheCursedMod:BlackMagic101":0,"Calipers":0,"Singing Bowl":14,"Blue Candle":55,"Frozen Egg 2":9,"Bottled Tornado":55,"MawBank":40,"Sozu":25,"Runic Dome":44,"CaptainsWheel":37,"Matryoshka":5,"Shovel":12,"Sundial":37,"Shuriken":57,"MealTicket":9,"Art of War":37,"StrikeDummy":37,"Meat on the Bone":9}],"Meat on the Bone":12},"card_choices":[{"not_picked":["TheCursedMod:WearCloak","TheCursedMod:TacticalStrike","TheCursedMod:Stigma"],"picked":"SKIP","floor":1.0},{"not_picked":["TheCursedMod:CircleOfAmplification","TheCursedMod:CircleOfCorruption","TheCursedMod:CursedMace"],"picked":"SKIP","floor":2.0},{"not_picked":["TheCursedMod:CursedAmulet","TheCursedMod:SmokeScreen","TheCursedMod:CursedBoomerang"],"picked":"SKIP","floor":4.0},{"not_picked":["TheCursedMod:Obscuration","TheCursedMod:SoulCrush","TheCursedMod:Evocation"],"picked":"SKIP","floor":10.0},{"not_picked":["TheCursedMod:Evocation","TheCursedMod:CircleOfAmplification"],"picked":"TheCursedMod:Hemoplague+1","floor":12.0},{"not_picked":["TheCursedMod:CircleOfFlame","TheCursedMod:Stretching"],"picked":"TheCursedMod:CircleOfAbyss","floor":14.0},{"not_picked":["TheCursedMod:OutForBlood+1","TheCursedMod:DemonicPact+1"],"picked":"TheCursedMod:VoidForm+1","floor":16.0},{"not_picked":["TheCursedMod:SpitefulPlan+1","TheCursedMod:Torture","TheCursedMod:VitalStrike+1"],"picked":"Singing Bowl","floor":18.0},{"not_picked":["TheCursedMod:CursedShiv","TheCursedMod:CircleOfCorruption"],"picked":"TheCursedMod:RapidMovement","floor":22.0},{"not_picked":["TheCursedMod:CursedBlade","TheCursedMod:CursedArmor"],"picked":"TheCursedMod:CursedSpellbook","floor":24.0},{"not_picked":["TheCursedMod:RapidMovement","TheCursedMod:CircleOfCorruption","TheCursedMod:Wield"],"picked":"Singing Bowl","floor":29.0},{"not_picked":["TheCursedMod:ForbiddenAlchemy","TheCursedMod:ShockAndAwe","TheCursedMod:ParallelWorld"],"picked":"Singing Bowl","floor":33.0},{"not_picked":["TheCursedMod:TacticalStrike","TheCursedMod:RapidMovement+1","TheCursedMod:CircleOfFlame+1"],"picked":"Singing Bowl","floor":35},{"not_picked":["TheCursedMod:CursedMace","TheCursedMod:CursedShiv"],"picked":"TheCursedMod:AshesToAshes+1","floor":36},{"not_picked":["TheCursedMod:CircleOfBlood+1","TheCursedMod:CircleOfFlame+1","TheCursedMod:Stretching"],"picked":"Singing Bowl","floor":41},{"not_picked":["TheCursedMod:SurpriseAttack","TheCursedMod:CircleOfFocus","TheCursedMod:BloodBarrier"],"picked":"Singing Bowl","floor":44},{"not_picked":["TheCursedMod:CursedMace+1","TheCursedMod:RapidMovement+1","TheCursedMod:CursedBlade+1"],"picked":"Singing Bowl","floor":46},{"not_picked":["TheCursedMod:CursedMace+1","TheCursedMod:TroublousMinions+1","TheCursedMod:CursedArmor"],"picked":"Singing Bowl","floor":47}],"player_experience":626138,"relics_obtained":[{"floor":9.0,"key":"MealTicket"},{"floor":9.0,"key":"Meat on the Bone"},{"floor":10.0,"key":"Shovel"},{"floor":24.0,"key":"CaptainsWheel"},{"floor":26.0,"key":"StrikeDummy"},{"floor":26.0,"key":"Art of War"},{"floor":28.0,"key":"Sundial"},{"floor":42,"key":"Blue Candle"},{"floor":43,"key":"Bottled Tornado"},{"floor":45,"key":"Shuriken"}],"event_choices":[{"damage_healed":0.0,"max_hp_gain":0.0,"max_hp_loss":0.0,"gold_gain":0.0,"event_name":"WeMeetAgain","player_choice":"Gave Potion","floor":3.0,"gold_loss":0.0,"damage_taken":0.0,"relics_obtained":["Matryoshka"]},{"damage_healed":0.0,"max_hp_gain":0.0,"max_hp_loss":0.0,"gold_gain":0.0,"event_name":"Big Fish","player_choice":"Box","floor":5.0,"gold_loss":0.0,"damage_taken":0.0,"relics_obtained":["Frozen Egg 2"],"cards_obtained":["Regret"]},{"damage_healed":0.0,"max_hp_gain":0.0,"max_hp_loss":0.0,"gold_gain":175.0,"event_name":"Liars Game","player_choice":"AGREE","floor":7.0,"gold_loss":0.0,"damage_taken":0.0,"cards_obtained":["Doubt"]},{"cards_removed":["TheCursedMod:CursedAmulet"],"damage_healed":0.0,"max_hp_gain":0.0,"max_hp_loss":0.0,"gold_gain":0.0,"event_name":"Wheel of Change","player_choice":"Card Removal","floor":11.0,"gold_loss":0.0,"damage_taken":0.0},{"damage_healed":0.0,"max_hp_gain":0.0,"max_hp_loss":0.0,"gold_gain":99.0,"event_name":"Nest","player_choice":"Stole From Cult","floor":20.0,"gold_loss":0.0,"damage_taken":0.0},{"damage_healed":0.0,"max_hp_gain":0.0,"max_hp_loss":0.0,"gold_gain":0.0,"event_name":"Vampires","player_choice":"Ignored","floor":21.0,"gold_loss":0.0,"damage_taken":0.0},{"damage_healed":0.0,"max_hp_gain":0.0,"max_hp_loss":0.0,"gold_gain":0.0,"event_name":"Duplicator","player_choice":"Copied","floor":27.0,"gold_loss":0.0,"damage_taken":0.0,"cards_obtained":["TheCursedMod:HellfireBreathing"]},{"damage_healed":0.0,"max_hp_gain":0.0,"max_hp_loss":0.0,"gold_gain":0.0,"event_name":"Addict","player_choice":"Obtained Relic","floor":30.0,"gold_loss":85.0,"damage_taken":0.0,"relics_obtained":["MawBank"]},{"cards_removed":["TheCursedMod:SurpriseAttack"],"damage_healed":0,"gold_gain":0,"player_choice":"Removed Attack","damage_taken":0,"max_hp_gain":0,"max_hp_loss":0,"event_name":"Falling","floor":37,"gold_loss":0},{"damage_healed":0,"gold_gain":0,"player_choice":"Ignored","damage_taken":0,"max_hp_gain":0,"max_hp_loss":0,"event_name":"Tomb of Lord Red Mask","floor":38,"gold_loss":0},{"damage_healed":0,"gold_gain":0,"player_choice":"Forge","damage_taken":0,"max_hp_gain":0,"max_hp_loss":0,"event_name":"Accursed Blacksmith","floor":40,"gold_loss":0,"cards_upgraded":["TheCursedMod:CursedBlade"]}],"is_beta":false,"boss_relics":[{"not_picked":["Fusion Hammer","Runic Pyramid"],"picked":"Sozu"},{"not_picked":["SacredBark","Snecko Eye"],"picked":"Runic Dome"}],"items_purged_floors":[31,39],"is_endless":false,"potions_floor_spawned":[2,12,14,33,35,41,46],"ascension_level":0}}