{"host":"cbu6enf2xtq4r7r3","time":1608546724,"event":{"mods":["2.2 Compatiblity","AlwaysNeverKeys","BaseMod","Better Altar","Better Match","Better Note","Better Sensory Stone","Better Skull","Better Third Choice","Colored Map","Colored Powertips","Defuse TimeMaze Blight","Emptier Cage","Minty Spire (QoL Compilation)","Permanent Neow","Quick Restart","Random Character Button","Relic Sorter","Reorder Act Four","Shop Mod","StSLib"],"gold_per_floor":[212,192,206,219,219,219,250,250,296,68,107,117,146,172,172,286,286,308,308,317,340,368,412,412,433,433,433,433,465,465,499,499,610,637,637],"floor_reached":34,"playtime":1611,"items_purged":["Strike_B"],"score":478,"play_id":"15e47c37-38ba-43c7-b831-1aa70e3301f0","local_time":"20201221113204","is_ascension_mode":true,"campfire_choices":[{"data":"Zap","floor":6,"key":"SMITH"},{"data":"Ball Lightning","floor":8,"key":"SMITH"},{"data":"Defragment","floor":15,"key":"SMITH"},{"data":"Self Repair","floor":24,"key":"SMITH"},{"data":"Conserve Battery","floor":30,"key":"SMITH"},{"data":"Panacea","floor":32,"key":"SMITH"}],"circlet_count":0,"master_deck":["Defend_B","Defend_B","Defend_B","Defend_B","Zap+1","Dualcast","Ball Lightning+1","Leap","Defragment+1","Panacea+1","Self Repair+1","Force Field","Echo Form","Conserve Battery+1","Darkness","Glacier","Conserve Battery+1","Redo+1","Conserve Battery+1","Glacier","Core Surge","Rip and Tear+1","Thunder Strike+1","Doom and Gloom+1"],"relics":["Cracked Core","Akabeko","Symbiotic Virus","CeramicFish","Happy Flower","Shuriken","Sozu","Ice Cream","Strawberry","Regal Pillow","Question Card","Astrolabe"],"acts_visited":["Exordium","TheCity","TheBeyond"],"potions_floor_usage":[7,12,16,18,28],"damage_taken":[{"damage":0,"enemies":"2 Louse","floor":1,"turns":2},{"damage":0,"enemies":"Cultist","floor":3,"turns":2},{"damage":0,"enemies":"Small Slimes","floor":4,"turns":2},{"damage":12,"enemies":"Lagavulin","floor":7,"turns":4},{"damage":10,"enemies":"Gremlin Nob","floor":11,"turns":3},{"damage":2,"enemies":"Blue Slaver","floor":12,"turns":3},{"damage":0,"enemies":"Lagavulin","floor":13,"turns":4},{"damage":0,"enemies":"Large Slime","floor":14,"turns":3},{"damage":6,"enemies":"The Guardian","floor":16,"turns":7},{"damage":9,"enemies":"Spheric Guardian","floor":18,"turns":4},{"damage":10,"enemies":"Chosen","floor":21,"turns":4},{"damage":10,"enemies":"Snecko","floor":22,"turns":4},{"damage":29,"enemies":"Slavers","floor":23,"turns":9},{"damage":10,"enemies":"Centurion and Healer","floor":25,"turns":7},{"damage":0,"enemies":"Chosen and Byrds","floor":28,"turns":1},{"damage":10,"enemies":"Book of Stabbing","floor":29,"turns":6},{"damage":40,"enemies":"Gremlin Leader","floor":31,"turns":8},{"damage":36,"enemies":"Champ","floor":33,"turns":17}],"seed_played":"-1542501839917123489","potions_obtained":[{"floor":1,"key":"Swift Potion"},{"floor":2,"key":"SmokeBomb"},{"floor":3,"key":"AttackPotion"},{"floor":13,"key":"DuplicationPotion"},{"floor":14,"key":"Block Potion"}],"is_trial":false,"path_per_floor":["M","?","M","M","?","R","E","R","T","$","E","M","E","M","R","B",null,"M","?","?","M","M","E","R","M","T","?","M","E","R","E","R","B",null],"character_chosen":"DEFECT","items_purchased":["Defragment","Panacea"],"campfire_rested":0,"item_purchase_floors":[10,10],"current_hp_per_floor":[75,75,75,75,63,63,51,51,51,51,41,46,53,60,60,61,75,73,73,73,75,75,60,60,70,77,77,77,82,82,62,62,36,82,82],"gold":637,"neow_bonus":"HUNDRED_GOLD","is_daily":false,"chose_seed":false,"campfire_upgraded":6,"win_rate":0.0,"timestamp":1608546724,"path_taken":["M","?","?","M","?","R","E","R","T","$","E","M","E","M","R","BOSS","M","?","?","M","?","E","R","M","T","?","M","E","R","E","R","BOSS"],"items_purchased_type":["Card","Card"],"build_version":"2020-12-13","purchased_purges":1,"victory":false,"max_hp_per_floor":[75,75,75,75,75,75,75,75,75,75,75,75,75,75,75,75,75,75,75,75,75,75,75,75,75,82,82,82,82,82,82,82,82,82,82],"card_choices":[{"not_picked":["Reprogram","Sweeping Beam"],"picked":"Ball Lightning","floor":1},{"not_picked":["Compile Driver","Gash"],"picked":"Leap","floor":3},{"not_picked":["Coolheaded","Compile Driver"],"picked":"Barrage","floor":4},{"not_picked":["Multi-Cast","Streamline","Stack"],"picked":"SKIP","floor":7},{"not_picked":["Conserve Battery","Cold Snap"],"picked":"Self Repair","floor":11},{"not_picked":["Chaos","Turbo","Streamline"],"picked":"SKIP","floor":12},{"not_picked":["Stack","Sweeping Beam","Rebound"],"picked":"SKIP","floor":13},{"not_picked":["Hologram","Storm"],"picked":"Force Field","floor":14},{"not_picked":["Buffer","Rainbow"],"picked":"Echo Form","floor":16},{"not_picked":["Self Repair","Steam"],"picked":"Conserve Battery+1","floor":18},{"not_picked":["Redo+1","Beam Cell+1"],"picked":"Glacier","floor":21},{"not_picked":["Blizzard+1","Coolheaded"],"picked":"Conserve Battery","floor":22},{"not_picked":["Steam+1","Blizzard"],"picked":"Redo+1","floor":23},{"not_picked":["Conserve Battery+1","Coolheaded","Leap"],"picked":"SKIP","floor":25},{"not_picked":["Coolheaded","Leap"],"picked":"Conserve Battery+1","floor":25},{"not_picked":["Hologram","Static Discharge","Streamline+1"],"picked":"SKIP","floor":29},{"not_picked":["Recycle","White Noise"],"picked":"Glacier","floor":31},{"not_picked":["Thunder Strike","Amplify","Machine Learning"],"picked":"Core Surge","floor":33}],"player_experience":49159,"relics_obtained":[{"floor":7,"key":"Symbiotic Virus"},{"floor":9,"key":"CeramicFish"},{"floor":11,"key":"Happy Flower"},{"floor":13,"key":"Shuriken"},{"floor":23,"key":"Ice Cream"},{"floor":26,"key":"Strawberry"},{"floor":29,"key":"Regal Pillow"},{"floor":31,"key":"Question Card"}],"event_choices":[{"damage_healed":0,"gold_gain":0,"player_choice":"Bought 1 Potion","damage_taken":0,"max_hp_gain":0,"max_hp_loss":0,"event_name":"The Woman in Blue","floor":2,"gold_loss":0},{"damage_healed":0,"gold_gain":0,"player_choice":"Relic ","damage_taken":12,"max_hp_gain":0,"max_hp_loss":0,"event_name":"betterThird:BetterScrap","floor":5,"gold_loss":0,"cards_obtained":["Blasphemy"]},{"cards_removed":["Conserve Battery"],"damage_healed":0,"gold_gain":0,"player_choice":"Give","damage_taken":0,"max_hp_gain":0,"max_hp_loss":0,"event_name":"betterNote:BetterNote","floor":19,"gold_loss":0,"cards_obtained":["Neutralize"]},{"damage_healed":0,"gold_gain":0,"cards_transformed":["Strike_B"],"player_choice":"Transformed","damage_taken":0,"max_hp_gain":0,"max_hp_loss":0,"event_name":"Transmorgrifier","floor":20,"gold_loss":0,"cards_obtained":["Darkness"]},{"damage_healed":0,"gold_gain":0,"player_choice":"Ignored","damage_taken":0,"max_hp_gain":0,"max_hp_loss":0,"event_name":"Vampires","floor":27,"gold_loss":0}],"is_beta":false,"boss_relics":[{"not_picked":["Snecko Eye","Empty Cage"],"picked":"Sozu"},{"not_picked":["Busted Crown","Nuclear Battery"],"picked":"Astrolabe"}],"items_purged_floors":[10],"is_endless":false,"potions_floor_spawned":[1,3,13,14,23,31],"ascension_level":1}}