{"host":"ue7jlgf7uv134an9","time":1608558153,"event":{"mods":["BaseMod","Better Third Choice","Defuse TimeMaze Blight","Minty Spire (QoL Compilation)","Quick Restart","Rare Cards Sparkle","Relic Stats","StSLib","UnlockEverythingMod"],"gold_per_floor":[113,129,129,140,152,152,152],"floor_reached":6,"playtime":284,"items_purged":[],"score":76,"play_id":"46fc544e-2e78-4701-bfe0-8e364363bcf3","local_time":"20201221084233","is_ascension_mode":true,"campfire_choices":[],"circlet_count":0,"master_deck":["AscendersBane","Strike_G","Strike_G","Strike_G","Strike_G","Defend_G","Defend_G","Defend_G","Defend_G","Survivor","Neutralize","Sucker Punch","Blur","Cloak And Dagger","Cloak And Dagger","Backflip","Blade Dance"],"relics":["Ring of the Snake","Eternal Feather"],"acts_visited":["Exordium"],"potions_floor_usage":[],"damage_taken":[{"damage":6,"enemies":"Cultist","floor":1,"turns":6},{"damage":0,"enemies":"2 Louse","floor":2,"turns":4},{"damage":0,"enemies":"Small Slimes","floor":4,"turns":4},{"damage":37,"enemies":"Exordium Thugs","floor":5,"turns":8},{"damage":22,"enemies":"3 Sentries","floor":6,"turns":6}],"seed_played":"2317444557540495442","potions_obtained":[{"floor":2,"key":"Ancient Potion"}],"is_trial":false,"path_per_floor":["M","M","T","M","M","E"],"character_chosen":"THE_SILENT","items_purchased":[],"campfire_rested":0,"item_purchase_floors":[],"current_hp_per_floor":[53,53,53,53,16,0,0],"gold":152,"neow_bonus":"TRANSFORM_TWO_CARDS","is_daily":false,"chose_seed":false,"campfire_upgraded":0,"win_rate":0.0,"timestamp":1608558153,"path_taken":["M","?","?","M","M","E"],"items_purchased_type":[],"build_version":"2020-12-13","purchased_purges":0,"victory":false,"max_hp_per_floor":[60,60,60,60,60,60,60],"relic_stats":{"counters":[5,28],"Eternal Feather":0,"obtain_stats":[{"Eternal Feather":3,"Ring of the Snake":0},{"Eternal Feather":2,"Ring of the Snake":0},{"Eternal Feather":10,"Ring of the Snake":0}],"Ring of the Snake":[10]},"card_choices":[{"not_picked":["Slice","Poisoned Stab"],"picked":"Cloak And Dagger","floor":1},{"not_picked":["Noxious Fumes","Slice"],"picked":"Cloak And Dagger","floor":2},{"not_picked":["Calculated Gamble","Tactician"],"picked":"Backflip","floor":4},{"not_picked":["Catalyst","Masterful Stab"],"picked":"Blade Dance","floor":5}],"player_experience":15601,"relics_obtained":[{"floor":3,"key":"Eternal Feather"}],"event_choices":[],"is_beta":false,"boss_relics":[],"items_purged_floors":[],"is_endless":false,"potions_floor_spawned":[2],"killed_by":"3 Sentries","ascension_level":20}}