{"host":"xg8qzv0ofssvdfvp","time":1608548692,"event":{"mods":["BaseMod","Conspire","GifTheSpireLib","Minty Spire (QoL Compilation)","Quick Restart","Rare Cards Sparkle","Replay The Spire","StSLib","The Blackbeard","The Cursed","The Servant 0.9.4","The Witch"],"gold_per_floor":[116,116,134,20,30,59,72,102,102,7,19,19,19,35,35,154,217,230,253,253,253,253],"floor_reached":21,"playtime":1435,"items_purged":[],"score":264,"play_id":"33eaafa0-bdd6-4394-8fee-49b672773978","local_time":"20201221120452","is_ascension_mode":true,"campfire_choices":[{"floor":12,"key":"REST"},{"data":"Metallicize","floor":15,"key":"SMITH"}],"circlet_count":0,"master_deck":["Strike_R","Strike_R","Strike_R","Strike_R","Defend_R","Defend_R","Defend_R","Defend_R","Bash","Thunderclap","Rage","Heavy Blade","Wild Strike+1","Feed","Metallicize+1","Pommel Strike","Cleave","Berserk","Bludgeon","Reckless Charge"],"relics":["Burning Blood","Ornamental Fan","Kunai","Singing Bowl","Golden Idol","Tiny House"],"acts_visited":["TheCity"],"potions_floor_usage":[16,21],"damage_taken":[{"damage":10.0,"enemies":"Small Slimes","floor":1.0,"turns":4.0},{"damage":6.0,"enemies":"Cultist","floor":3.0,"turns":4.0},{"damage":7.0,"enemies":"Jaw Worm","floor":5.0,"turns":3.0},{"damage":6.0,"enemies":"Gremlin Nob","floor":6.0,"turns":3.0},{"damage":37.0,"enemies":"Large Slime","floor":7.0,"turns":5.0},{"damage":46.0,"enemies":"Lagavulin","floor":8.0,"turns":8.0},{"damage":12,"enemies":"Lots of Slimes","floor":11,"turns":6},{"damage":6,"enemies":"Looter","floor":14,"turns":3},{"damage":38,"enemies":"Slime Boss","floor":16,"turns":11},{"damage":36,"enemies":"Spheric Guardian","floor":18,"turns":6},{"damage":45,"enemies":"Chosen","floor":19,"turns":6},{"damage":25,"enemies":"Shelled Parasite and Fungi","floor":21,"turns":2}],"seed_played":"-8407676677500650131","potions_obtained":[{"floor":3.0,"key":"CultistPotion"},{"floor":5.0,"key":"PowerPotion"},{"floor":7.0,"key":"Energy Potion"},{"floor":11,"key":"Milkshake"},{"floor":17,"key":"Toxic Potion"}],"is_trial":false,"path_per_floor":["M","?","M","$","M","E","M","E","T","$","M","R","?","M","R","B",null,"M","M","?","M"],"character_chosen":"IRONCLAD","items_purchased":["Rage","Heavy Blade","Metallicize","Pommel Strike"],"campfire_rested":1,"item_purchase_floors":[4,4,10,10],"current_hp_per_floor":[84,84,84,84,83,83,52,12,12,12,9,36,36,41,41,12,79,51,12,12,0,0],"gold":253,"neow_bonus":"TEN_PERCENT_HP_BONUS","is_daily":false,"chose_seed":false,"campfire_upgraded":1,"win_rate":0.0,"timestamp":1608548692,"path_taken":["M","?","?","$","M","E","M","E","T","?","M","R","?","M","R","BOSS","M","M","?","?"],"items_purchased_type":["Card","Card","Card","Card"],"build_version":"2020-12-13","purchased_purges":0,"victory":false,"max_hp_per_floor":[88,88,88,88,88,88,88,88,88,88,91,91,84,89,89,92,99,101,101,101,101,101],"card_choices":[{"not_picked":["Pommel Strike","Hemokinesis"],"picked":"Thunderclap","floor":1.0},{"not_picked":["Hemokinesis","Warcry","Flame Barrier"],"picked":"SKIP","floor":3.0},{"not_picked":["Shrug It Off","Thunderclap","True Grit"],"picked":"SKIP","floor":5.0},{"not_picked":["Headbutt","Seeing Red"],"picked":"Wild Strike","floor":6.0},{"not_picked":["Brutality","Clothesline","Clash"],"picked":"SKIP","floor":7.0},{"not_picked":["Flame Barrier","Sentinel"],"picked":"Feed","floor":8.0},{"not_picked":["Headbutt","Wild Strike"],"picked":"Cleave","floor":11},{"not_picked":["Thunderclap","ReplayTheSpireMod:Strike From Hell","Havoc"],"picked":"Singing Bowl","floor":14},{"not_picked":["Brutality","Limit Break"],"picked":"Berserk","floor":16},{"not_picked":["Thunderclap","Wild Strike","Body Slam"],"picked":"Singing Bowl","floor":17},{"not_picked":["Clash","Sword Boomerang","Whirlwind"],"picked":"Singing Bowl","floor":18},{"not_picked":["Wild Strike","Run Through"],"picked":"Bludgeon","floor":19}],"player_experience":882183,"relics_obtained":[{"floor":6.0,"key":"Ornamental Fan"},{"floor":8.0,"key":"Kunai"},{"floor":9.0,"key":"Singing Bowl"}],"event_choices":[{"damage_healed":0.0,"max_hp_gain":0.0,"max_hp_loss":0.0,"gold_gain":0.0,"cards_transformed":["Strike_R"],"event_name":"Transmorgrifier","player_choice":"Transformed","floor":2.0,"gold_loss":0.0,"damage_taken":0.0,"cards_obtained":["Havoc"]},{"damage_healed":0,"gold_gain":0,"player_choice":"Lose Max HP","damage_taken":0,"relics_obtained":["Golden Idol"],"max_hp_gain":0,"max_hp_loss":7,"event_name":"Golden Idol","floor":13,"gold_loss":0},{"damage_healed":0,"gold_gain":0,"cards_transformed":["Havoc"],"player_choice":"Transformed","damage_taken":0,"max_hp_gain":0,"max_hp_loss":0,"event_name":"Transmorgrifier","floor":20,"gold_loss":0,"cards_obtained":["Reckless Charge"]}],"is_beta":false,"boss_relics":[{"not_picked":["Velvet Choker","Empty Cage"],"picked":"Tiny House"}],"items_purged_floors":[],"is_endless":false,"potions_floor_spawned":[3,5,7,11],"killed_by":"Shelled Parasite and Fungi","ascension_level":5}}