{"host":"bq4pt811tk9yrmjl","time":1608583030,"event":{"mods":["AchievementEnabler","BaseMod","Colored Map","Colored Powertips","Defuse TimeMaze Blight","Minty Spire (QoL Compilation)","StSLib","SuperFastMode","UnlockEverythingMod"],"gold_per_floor":[115,131,131,131,131,164,38,38,89,115,174,184,149,79,79,179,179,195,120,120,219,236,264,264,297,321,321,24,50,27,43,43,138,138,153,153,153,153,153,153,153,77,77,93,93,105,131,181,181,181,181,181,56,88,88,88],"floor_reached":55,"playtime":1435,"items_purged":["Regret"],"score":821,"play_id":"ab10fc35-ffb2-40c3-a2e0-3d7d31dd8478","local_time":"20201221183710","is_ascension_mode":true,"campfire_choices":[{"data":"Accuracy","floor":8.0,"key":"SMITH"},{"data":"Neutralize","floor":15.0,"key":"SMITH"},{"floor":24,"key":"RECALL"},{"floor":27,"key":"REST"},{"floor":32,"key":"REST"},{"floor":40,"key":"REST"},{"floor":45,"key":"REST"},{"floor":49,"key":"REST"},{"floor":52,"key":"REST"}],"circlet_count":0,"master_deck":["Strike_G+1","Strike_G+1","Defend_G+1","Defend_G","Defend_G","Defend_G","Defend_G","Survivor","Neutralize+1","Masterful Stab","Bouncing Flask","Dodge and Roll+1","Accuracy+1","Blade Dance+1","Escape Plan+1","Cloak And Dagger+1","Footwork+1","Malaise+1","PiercingWail+1","Flying Knee+1","Deflect+1","Blur+1","Cloak And Dagger+1","Adrenaline+1","Accuracy+1","Dark Shackles+1","Leg Sweep+1","Dodge and Roll+1","Accuracy+1","Footwork+1","Terror+1"],"relics":["Ring of the Snake","NeowsBlessing","Calipers","Toxic Egg 2","Question Card","Fusion Hammer","Bottled Flame","Art of War","Whetstone","PreservedInsect","Orichalcum","Juzu Bracelet","Empty Cage","TungstenRod","Pantograph","StoneCalendar","Anchor"],"acts_visited":["Exordium","TheCity","TheBeyond","TheEnding"],"potions_floor_usage":[22,46,54,54,55],"damage_taken":[{"damage":0.0,"enemies":"Jaw Worm","floor":1.0,"turns":1.0},{"damage":0.0,"enemies":"Small Slimes","floor":2.0,"turns":1.0},{"damage":0.0,"enemies":"Lagavulin","floor":6.0,"turns":1.0},{"damage":4.0,"enemies":"3 Sentries","floor":10.0,"turns":7.0},{"damage":0.0,"enemies":"2 Louse","floor":12.0,"turns":1.0},{"damage":18.0,"enemies":"The Guardian","floor":16.0,"turns":14.0},{"damage":2.0,"enemies":"3 Byrds","floor":18.0,"turns":6.0},{"damage":20,"enemies":"2 Thieves","floor":22,"turns":4},{"damage":0,"enemies":"Gremlin Leader","floor":23,"turns":10},{"damage":27,"enemies":"Slavers","floor":25,"turns":9},{"damage":3,"enemies":"Snecko","floor":31,"turns":5},{"damage":49,"enemies":"Automaton","floor":33,"turns":17},{"damage":0,"enemies":"3 Darklings","floor":35,"turns":6},{"damage":4,"enemies":"3 Shapes","floor":44,"turns":6},{"damage":5,"enemies":"Sphere and 2 Shapes","floor":46,"turns":7},{"damage":0,"enemies":"Reptomancer","floor":47,"turns":7},{"damage":0,"enemies":"Mind Bloom Boss Battle","floor":48,"turns":7},{"damage":33,"enemies":"Donu and Deca","floor":50,"turns":15},{"damage":13,"enemies":"Shield and Spear","floor":54,"turns":10},{"damage":71,"enemies":"The Heart","floor":55,"turns":8}],"seed_played":"9136512955744104226","potions_obtained":[{"floor":1.0,"key":"AttackPotion"},{"floor":16.0,"key":"SteroidPotion"},{"floor":18.0,"key":"AttackPotion"},{"floor":25,"key":"Dexterity Potion"},{"floor":35,"key":"Poison Potion"},{"floor":44,"key":"Block Potion"},{"floor":47,"key":"Regen Potion"}],"is_trial":false,"path_per_floor":["M","M","?","?","$","E","$","R","T","E","?","M","?","$","R","B",null,"M","$","?","?","M","E","R","E","T","R","$","T","$","M","R","B",null,"M","?","?","?","?","R","?","$","T","M","R","M","E","?","R","B",null,"R","$","E","B"],"character_chosen":"THE_SILENT","items_purchased":["Accuracy","Blade Dance+1","Footwork","PreservedInsect","Orichalcum","Cloak And Dagger+1","Leg Sweep+1","PowerPotion","Terror+1"],"campfire_rested":6,"item_purchase_floors":[7,7,14,28,28,30,42,53,53],"current_hp_per_floor":[70,70,70,56,56,56,56,56,56,52,52,52,69,69,69,51,70,68,68,68,68,48,48,48,21,21,42,42,42,42,39,60,11,70,70,70,70,70,70,70,70,70,70,66,70,65,65,70,70,37,70,70,70,69,0,0],"gold":88,"neow_bonus":"THREE_ENEMY_KILL","is_daily":false,"chose_seed":false,"campfire_upgraded":2,"win_rate":0.0,"timestamp":1608583030,"path_taken":["M","M","?","?","?","E","$","R","T","E","?","?","?","$","R","BOSS","M","$","?","?","M","E","R","E","T","R","$","?","$","M","R","BOSS","M","?","?","?","?","R","?","?","T","M","R","M","E","?","R","BOSS","R","$","E","BOSS"],"items_purchased_type":["Card","Card","Card","Relic","Relic","Card","Card","Potion","Card"],"build_version":"2020-12-13","purchased_purges":1,"victory":false,"max_hp_per_floor":[70,70,70,70,70,70,70,70,70,70,70,70,70,70,70,70,70,70,70,70,70,70,70,70,70,70,70,70,70,70,70,70,70,70,70,70,70,70,70,70,70,70,70,70,70,70,70,70,70,70,70,70,70,70,70,70],"card_choices":[{"not_picked":["Heel Hook","Acrobatics"],"picked":"Masterful Stab","floor":1.0},{"not_picked":["Concentrate","Caltrops"],"picked":"Bouncing Flask","floor":2.0},{"not_picked":["Die Die Die","Prepared+1"],"picked":"Dodge and Roll+1","floor":6.0},{"not_picked":["Backflip+1","Bane"],"picked":"Escape Plan+1","floor":10.0},{"not_picked":["Leg Sweep+1","Infinite Blades","Slice"],"picked":"Cloak And Dagger+1","floor":12.0},{"not_picked":["Storm of Steel+1","Doppelganger+1","Die Die Die"],"picked":"Malaise+1","floor":16.0},{"not_picked":["Setup+1","Poisoned Stab","Dagger Spray"],"picked":"PiercingWail+1","floor":18.0},{"not_picked":["Well Laid Plans","Masterful Stab","Deadly Poison+1"],"picked":"Flying Knee+1","floor":22},{"not_picked":["Reflex+1","Slice","Night Terror+1"],"picked":"Deflect+1","floor":23},{"not_picked":["Masterful Stab+1","Prepared+1","Sucker Punch+1"],"picked":"Blur+1","floor":25},{"not_picked":["Bane+1","Deflect+1","Deadly Poison+1","Envenom"],"picked":"SKIP","floor":31},{"not_picked":["Doppelganger+1","Bullet Time+1","A Thousand Cuts"],"picked":"Adrenaline+1","floor":33},{"not_picked":["Backstab","Accuracy","Poisoned Stab+1","Heel Hook"],"picked":"SKIP","floor":35},{"not_picked":["Blind+1","Sadistic Nature","Bandage Up+1"],"picked":"Dark Shackles+1","floor":39},{"not_picked":["Slice+1","Outmaneuver+1","Predator"],"picked":"Dodge and Roll+1","floor":44},{"not_picked":["Poisoned Stab","Backflip+1","Deadly Poison+1"],"picked":"Accuracy+1","floor":46},{"not_picked":["Deadly Poison+1","Acrobatics+1","PiercingWail+1"],"picked":"Footwork+1","floor":47},{"not_picked":["Finisher+1","Bane+1","Corpse Explosion+1","Underhanded Strike+1"],"picked":"SKIP","floor":54}],"player_experience":98835,"relics_obtained":[{"floor":6.0,"key":"Toxic Egg 2"},{"floor":10.0,"key":"Question Card"},{"floor":23,"key":"Bottled Flame"},{"floor":25,"key":"Art of War"},{"floor":26,"key":"Whetstone"},{"floor":29,"key":"Juzu Bracelet"},{"floor":43,"key":"TungstenRod"},{"floor":47,"key":"Pantograph"},{"floor":48,"key":"StoneCalendar"},{"floor":54,"key":"Anchor"}],"event_choices":[{"damage_healed":0.0,"max_hp_gain":0.0,"max_hp_loss":0.0,"gold_gain":0.0,"event_name":"Big Fish","player_choice":"Box","floor":3.0,"gold_loss":0.0,"damage_taken":0.0,"relics_obtained":["Calipers"],"cards_obtained":["Regret"]},{"damage_healed":0.0,"max_hp_gain":0.0,"max_hp_loss":0.0,"gold_gain":0.0,"event_name":"Shining Light","player_choice":"Entered Light","floor":4.0,"gold_loss":0.0,"damage_taken":14.0,"cards_upgraded":["Defend_G","Strike_G"]},{"damage_healed":0.0,"max_hp_gain":0.0,"max_hp_loss":0.0,"gold_gain":59.0,"event_name":"Golden Wing","player_choice":"Gained Gold","floor":11.0,"gold_loss":0.0,"damage_taken":0.0},{"damage_healed":17.0,"max_hp_gain":0.0,"max_hp_loss":0.0,"gold_gain":0.0,"event_name":"The Cleric","player_choice":"Healed","floor":13.0,"gold_loss":35.0,"damage_taken":0.0},{"damage_healed":0,"gold_gain":0,"player_choice":"Ignored","damage_taken":0,"max_hp_gain":0,"max_hp_loss":0,"event_name":"Cursed Tome","floor":20,"gold_loss":0},{"damage_healed":0,"gold_gain":99,"player_choice":"Stole From Cult","damage_taken":0,"max_hp_gain":0,"max_hp_loss":0,"event_name":"Nest","floor":21,"gold_loss":0},{"damage_healed":0,"gold_gain":0,"player_choice":"Upgraded","damage_taken":0,"max_hp_gain":0,"max_hp_loss":0,"event_name":"Upgrade Shrine","floor":36,"gold_loss":0,"cards_upgraded":["Footwork"]},{"cards_removed":["Strike_G"],"damage_healed":0,"gold_gain":0,"player_choice":"Removed Attack","damage_taken":0,"max_hp_gain":0,"max_hp_loss":0,"event_name":"Falling","floor":37,"gold_loss":0},{"damage_healed":0,"gold_gain":0,"player_choice":"Copied","damage_taken":0,"max_hp_gain":0,"max_hp_loss":0,"event_name":"Duplicator","floor":38,"gold_loss":0,"cards_obtained":["Accuracy"]},{"damage_healed":0,"gold_gain":0,"player_choice":"Memory 1","damage_taken":0,"max_hp_gain":0,"max_hp_loss":0,"event_name":"SensoryStone","floor":39,"gold_loss":0},{"damage_healed":0,"gold_gain":0,"player_choice":"Ignored","damage_taken":0,"max_hp_gain":0,"max_hp_loss":0,"event_name":"Tomb of Lord Red Mask","floor":41,"gold_loss":0},{"damage_healed":0,"gold_gain":0,"player_choice":"Fight","damage_taken":0,"max_hp_gain":0,"max_hp_loss":0,"event_name":"MindBloom","floor":48,"gold_loss":0}],"is_beta":false,"boss_relics":[{"not_picked":["Runic Dome","Philosopher\u0027s Stone"],"picked":"Fusion Hammer"},{"not_picked":["Velvet Choker","Black Star"],"picked":"Empty Cage"}],"items_purged_floors":[19],"is_endless":false,"potions_floor_spawned":[1,16,18,25,35,44,47],"killed_by":"The Heart","ascension_level":1}}