{"host":"uyp13icwa33nzjib","time":1608552346,"event":{"mods":["AchievementEnabler","BaseMod","BetterRewards","Colored Map","Infinite Spire","Mimic Mod","Minty Spire (QoL Compilation)","Quick Restart","Replay The Spire","StSLib","The Jungle"],"gold_per_floor":[116,128,140,152,327,327,327,355,355],"floor_reached":8,"playtime":282,"items_purged":[],"score":64,"play_id":"c388582f-e632-4636-b21d-f527f5eda195","local_time":"20201221070546","is_ascension_mode":true,"campfire_choices":[{"data":"Demonic Infusion","floor":6,"key":"SMITH"}],"circlet_count":0,"master_deck":["Strike_R","Strike_R","Strike_R","Strike_R","Strike_R","Defend_R","Defend_R","Defend_R","Defend_R","Bash","Demonic Infusion+1","Disarm","Armaments","Bloodletting","Anger","Doubt"],"relics":["Burning Blood","Mercury Hourglass"],"acts_visited":["Exordium"],"potions_floor_usage":[],"damage_taken":[{"damage":0,"enemies":"Cultist","floor":1,"turns":4},{"damage":14,"enemies":"Small Slimes","floor":2,"turns":4},{"damage":5,"enemies":"2 Louse","floor":3,"turns":3},{"damage":32,"enemies":"Lots of Slimes","floor":4,"turns":5},{"damage":41,"enemies":"Lagavulin","floor":8,"turns":8}],"seed_played":"6711455713056754196","potions_obtained":[{"floor":2,"key":"Dexterity Potion"}],"is_trial":false,"path_per_floor":["M","M","M","M","?","R","?","E"],"character_chosen":"IRONCLAD","items_purchased":[],"campfire_rested":0,"item_purchase_floors":[],"current_hp_per_floor":[62,54,55,29,29,29,53,18,18],"gold":355,"neow_bonus":"THREE_RARE_CARDS","is_daily":false,"chose_seed":false,"campfire_upgraded":1,"win_rate":0.0,"timestamp":1608552346,"path_taken":["M","?","M","M","?","R","?","E"],"items_purchased_type":[],"build_version":"2020-12-13","purchased_purges":0,"victory":false,"max_hp_per_floor":[80,80,80,80,80,80,80,80,80],"card_choices":[{"not_picked":["Brutality","Barricade"],"picked":"Demonic Infusion","floor":0},{"not_picked":["Dual Wield","Sentinel"],"picked":"Disarm","floor":1},{"not_picked":["Wild Strike","Burning Pact"],"picked":"Armaments","floor":2},{"not_picked":["Uppercut","Warcry"],"picked":"Bloodletting","floor":3},{"not_picked":["Pommel Strike","Wild Strike"],"picked":"Anger","floor":4}],"player_experience":306649,"relics_obtained":[{"floor":8,"key":"Mercury Hourglass"}],"event_choices":[{"damage_healed":0,"gold_gain":175,"player_choice":"AGREE","damage_taken":0,"max_hp_gain":0,"max_hp_loss":0,"event_name":"Liars Game","floor":5,"gold_loss":0,"cards_obtained":["Doubt"]}],"is_beta":false,"boss_relics":[],"items_purged_floors":[],"is_endless":false,"potions_floor_spawned":[2],"killed_by":"Lagavulin","ascension_level":2}}