{"host":"k6v1xkuzrj71f4ss","time":1608540280,"event":{"mods":["Act Like it!","BaseMod","Bestiary","Better Altar","Better Third Choice","BetterRewards","Block Reminder","Colored Map","Colored Powertips","Curses Come First","Hubris","Minty Spire (QoL Compilation)","Quick Restart","Relic Stats","Remove Card Discount Mod","Spicy Shops","StSLib","óô»ðÖ¸ÄÏ"],"gold_per_floor":[111,122,122,4131,4131,4164,4176,4186,4186,4205,4220,4279,4279,4311,3075,3179,3179,3179,3179,3179,3179,3179,3179,3179,3179,3179,3179,2784,2784,2784,2784,2784,2784,2784,2784,2784,2784,2784,2784,2784,2784,2784,2784,2784,2784,2784,2784,2784,2784,2784],"floor_reached":51,"playtime":5877,"items_purged":["Doubt","Strike_G","Strike_G","Strike_G","Defend_G","Defend_G","Defend_G","Strike_G","Defend_G","Defend_G","Strike_G"],"score":984,"play_id":"4ff12798-a352-4d62-8ba0-6e1b40958df9","local_time":"20201221164440","is_ascension_mode":false,"campfire_choices":[{"data":"Sadistic Nature","floor":32.0,"key":"SMITH"},{"data":"Secret Weapon","floor":49,"key":"SMITH"}],"circlet_count":0,"master_deck":["Survivor","Neutralize","Metamorphosis","Crippling Poison","Underhanded Strike","hubris:EnhanceAbility+1","Blind","Reflex","Dagger Throw","Dash","Deadly Poison","Distraction","Outmaneuver","Terror","Dagger Throw+1","Sadistic Nature+1","Bandage Up","Envenom","Backstab+1","Dash+1","hubris:Counter+1","Poisoned Stab+1","Tactician","Dagger Spray+1","Riddle With Holes+1","Bane+1","Adrenaline","Outmaneuver+1","Secret Weapon+1","Dramatic Entrance+1","Dramatic Entrance+1","Bane+1","Tools of the Trade+1","Distraction+1","Unload+1","Sadistic Nature+1","Phantasmal Killer"],"relics":["Ring of the Snake","hubris:Towel","hubris:Reverence","Kunai","Vajra","Question Card","Lantern","Ornamental Fan","Letter Opener","Molten Egg 2","Orichalcum","Sling","ClockworkSouvenir","Ectoplasm","Frozen Egg 2","Boot","Ginger","FossilizedHelix","Oddly Smooth Stone","Red Mask","hubris:EmptyBottle","Lee\u0027s Waffle","hubris:Spice","Bottled Tornado","Coffee Dripper","hubris:BottledRain","Girya","hubris:PeanutButter","Blood Vial"],"acts_visited":["Exordium","TheCity","TheBeyond"],"potions_floor_usage":[],"damage_taken":[{"damage":4.0,"enemies":"2 Louse","floor":1.0,"turns":2.0},{"damage":2.0,"enemies":"Small Slimes","floor":2.0,"turns":3.0},{"damage":0.0,"enemies":"Gremlin Nob","floor":6.0,"turns":4.0},{"damage":3.0,"enemies":"Jaw Worm","floor":7.0,"turns":4.0},{"damage":1.0,"enemies":"Blue Slaver","floor":8.0,"turns":3.0},{"damage":0.0,"enemies":"Red Slaver","floor":10.0,"turns":4.0},{"damage":0.0,"enemies":"Exordium Wildlife","floor":11.0,"turns":3.0},{"damage":9.0,"enemies":"Lagavulin Event","floor":12.0,"turns":4.0},{"damage":6.0,"enemies":"3 Sentries","floor":14.0,"turns":5.0},{"damage":12.0,"enemies":"Hexaghost","floor":16.0,"turns":4.0},{"damage":0.0,"enemies":"3 Byrds","floor":18.0,"turns":4.0},{"damage":0.0,"enemies":"Spheric Guardian","floor":21.0,"turns":2.0},{"damage":0.0,"enemies":"Gremlin Leader","floor":23.0,"turns":4.0},{"damage":1.0,"enemies":"Shelled Parasite and Fungi","floor":24.0,"turns":3.0},{"damage":13.0,"enemies":"Book of Stabbing","floor":25.0,"turns":4.0},{"damage":0.0,"enemies":"Masked Bandits","floor":27.0,"turns":4.0},{"damage":0.0,"enemies":"Centurion and Healer","floor":29.0,"turns":4.0},{"damage":0.0,"enemies":"Cultist and Chosen","floor":30.0,"turns":3.0},{"damage":0.0,"enemies":"Colosseum Slavers","floor":31.0,"turns":3.0},{"damage":0.0,"enemies":"Colosseum Nobs","floor":31.0,"turns":3.0},{"damage":9.0,"enemies":"hubris:MusketHawk","floor":33.0,"turns":4.0},{"damage":0.0,"enemies":"Orb Walker","floor":35.0,"turns":1.0},{"damage":0.0,"enemies":"3 Darklings","floor":36.0,"turns":2.0},{"damage":0.0,"enemies":"Reptomancer","floor":40.0,"turns":2.0},{"damage":0.0,"enemies":"Mind Bloom Boss Battle","floor":41.0,"turns":4.0},{"damage":0.0,"enemies":"Jaw Worm Horde","floor":42.0,"turns":2.0},{"damage":0.0,"enemies":"Sphere and 2 Shapes","floor":44.0,"turns":2.0},{"damage":0.0,"enemies":"3 Darklings","floor":45.0,"turns":1.0},{"damage":0,"enemies":"Giant Head","floor":46,"turns":3},{"damage":0,"enemies":"Maw","floor":48,"turns":3},{"damage":24,"enemies":"Time Eater","floor":50,"turns":6}],"seed_played":"1881247736087201011","potions_obtained":[{"floor":1.0,"key":"BlessingOfTheForge"},{"floor":10.0,"key":"BlessingOfTheForge"},{"floor":11.0,"key":"SkillPotion"},{"floor":12.0,"key":"Dexterity Potion"},{"floor":21.0,"key":"BlessingOfTheForge"},{"floor":23.0,"key":"FearPotion"},{"floor":30.0,"key":"Swift Potion"}],"is_trial":false,"path_per_floor":["M","M","?","$","?","E","M","M","T","M","M","?","?","E","R","B",null,"M","?","?","M","T","E","M","E","T","?","R","M","M","?","R","B",null,"M","M","?","?","?","E","?","M","T","M","M","E","?","M","R","B",null],"character_chosen":"THE_SILENT","items_purchased":["hubris:Reverence","Kunai","Vajra","hubris:EnhanceAbility","Blind","Molten Egg 2","Dagger Throw+1","Sadistic Nature","Orichalcum","Sling","ClockworkSouvenir","Bandage Up","Dagger Spray+1","hubris:EmptyBottle","Lee\u0027s Waffle"],"campfire_rested":0,"item_purchase_floors":[4,4,4,4,4,15,15,15,15,15,15,15,28,28,28],"current_hp_per_floor":[66,64,64,64,64,64,61,60,60,60,60,51,51,45,45,37,70,70,70,70,70,70,70,69,60,60,60,77,77,77,85,85,76,85,85,85,85,75,75,75,79,79,79,79,79,83,83,85,85,61],"gold":2784,"neow_bonus":"RANDOM_COLORLESS_2","is_daily":false,"chose_seed":false,"campfire_upgraded":2,"win_rate":0.0,"timestamp":1608540280,"path_taken":["M","M","?","$","?","E","M","M","T","M","M","?","?","E","R","BOSS","M","?","?","?","?","E","M","E","T","?","R","M","M","?","R","BOSS","M","M","?","?","?","E","?","?","T","M","M","E","?","?","R","BOSS"],"items_purchased_type":["Relic","Relic","Relic","Card","Card","Relic","Card","Card","Relic","Relic","Relic","Card","Card","Relic","Relic"],"build_version":"2020-12-13","purchased_purges":11,"victory":true,"max_hp_per_floor":[70,70,70,70,70,70,70,70,70,70,70,70,70,70,70,70,70,70,70,70,70,70,70,70,70,70,70,77,77,77,85,85,85,85,85,85,85,85,85,85,85,85,85,85,85,85,85,85,85,85],"relic_stats":{"Lee\u0027s Waffle":17,"counters":[31,100],"Letter Opener":[131],"Ginger":[10],"Orichalcum":[126],"Question Card":68,"Boot":[18],"Blood Vial":2,"Ornamental Fan":[112],"Ectoplasm":592,"Kunai":[36],"obtain_stats":[{"Lantern":9,"Vajra":4,"Ginger":23,"hubris:EmptyBottle":28,"Bottled Tornado":31,"Sling":15,"Boot":22,"ClockworkSouvenir":15,"Blood Vial":46,"Red Mask":27,"Kunai":4,"Ring of the Snake":0,"Girya":41,"Lee\u0027s Waffle":28,"Oddly Smooth Stone":26,"Letter Opener":14,"hubris:Towel":3,"Orichalcum":15,"Frozen Egg 2":19,"Question Card":6,"Ornamental Fan":12,"hubris:Spice":31,"Molten Egg 2":15,"hubris:PeanutButter":43,"Ectoplasm":17,"Coffee Dripper":34,"FossilizedHelix":25,"hubris:Reverence":4,"hubris:BottledRain":40},{"Lantern":5,"Vajra":2,"Ginger":13,"hubris:EmptyBottle":16,"Bottled Tornado":20,"Sling":9,"Boot":12,"ClockworkSouvenir":9,"Blood Vial":29,"Red Mask":16,"Kunai":2,"Ring of the Snake":0,"Girya":25,"Lee\u0027s Waffle":16,"Oddly Smooth Stone":15,"Letter Opener":9,"hubris:Towel":2,"Orichalcum":9,"Frozen Egg 2":11,"Question Card":3,"Ornamental Fan":8,"hubris:Spice":20,"Molten Egg 2":9,"hubris:PeanutButter":26,"Ectoplasm":10,"Coffee Dripper":21,"FossilizedHelix":15,"hubris:Reverence":2,"hubris:BottledRain":24},{"Lantern":16,"Vajra":5,"Ginger":46,"hubris:EmptyBottle":57,"Bottled Tornado":70,"Sling":32,"Boot":42,"ClockworkSouvenir":32,"Blood Vial":91,"Red Mask":57,"Kunai":5,"Ring of the Snake":0,"Girya":83,"Lee\u0027s Waffle":57,"Oddly Smooth Stone":53,"Letter Opener":32,"hubris:Towel":5,"Orichalcum":32,"Frozen Egg 2":40,"Question Card":9,"Ornamental Fan":27,"hubris:Spice":70,"Molten Egg 2":32,"hubris:PeanutButter":85,"Ectoplasm":36,"Coffee Dripper":74,"FossilizedHelix":53,"hubris:Reverence":5,"hubris:BottledRain":79}],"Ring of the Snake":[62]},"card_choices":[{"not_picked":["The Bomb","Violence"],"picked":"Metamorphosis","floor":0.0},{"not_picked":["Bane","Blade Dance"],"picked":"Crippling Poison","floor":1.0},{"not_picked":["Quick Slash","Dagger Throw"],"picked":"Underhanded Strike","floor":2.0},{"not_picked":["Prepared","Well Laid Plans"],"picked":"Reflex","floor":6.0},{"not_picked":["Deadly Poison","Outmaneuver","Bane"],"picked":"Dagger Throw","floor":7.0},{"not_picked":["Dodge and Roll","Quick Slash","Blade Dance"],"picked":"Dash","floor":8.0},{"not_picked":["All Out Attack","Quick Slash","hubris:TrickCloak"],"picked":"Deadly Poison","floor":10.0},{"not_picked":["Acrobatics","Dodge and Roll","Quick Slash"],"picked":"Distraction","floor":11.0},{"not_picked":["Dodge and Roll","Flechettes","Reflex"],"picked":"Outmaneuver","floor":12.0},{"not_picked":["Dash","Quick Slash","Infinite Blades"],"picked":"Terror","floor":14.0},{"not_picked":["Unload+1","Die Die Die+1","Bullet Time"],"picked":"Envenom","floor":16.0},{"not_picked":["Poisoned Stab+1","Outmaneuver","Dagger Spray+1"],"picked":"Backstab+1","floor":18.0},{"not_picked":["Backflip","Noxious Fumes+1","Poisoned Stab+1"],"picked":"Dash+1","floor":21.0},{"not_picked":["hubris:Sniper","Backflip","Underhanded Strike+1"],"picked":"hubris:Counter+1","floor":23.0},{"not_picked":["Crippling Poison","hubris:SlightOfHand","Dagger Throw+1"],"picked":"Poisoned Stab+1","floor":24.0},{"not_picked":["Dodge and Roll+1","Flying Knee+1","Quick Slash+1"],"picked":"Tactician","floor":25.0},{"not_picked":["Dagger Throw+1","Venomology","Escape Plan"],"picked":"Riddle With Holes+1","floor":29.0},{"not_picked":["Eviscerate+1","Backflip","Quick Slash+1"],"picked":"Bane+1","floor":30.0},{"not_picked":["A Thousand Cuts+1","Tools of the Trade+1","Bullet Time"],"picked":"Adrenaline","floor":33.0},{"not_picked":["hubris:SlightOfHand+1","Prepared","Leg Sweep+1","Poisoned Stab+1"],"picked":"SKIP","floor":35.0},{"not_picked":["hubris:Sniper","Slice+1","PiercingWail"],"picked":"Outmaneuver+1","floor":36.0},{"not_picked":["Impatience","Blind","Forethought"],"picked":"Secret Weapon","floor":38.0},{"not_picked":["Deep Breath","Bandage Up","Trip"],"picked":"Dramatic Entrance+1","floor":38.0},{"not_picked":["Madness","Flash of Steel+1","Mind Blast+1"],"picked":"Dramatic Entrance+1","floor":38.0},{"not_picked":["Prepared","Predator+1","Flechettes+1"],"picked":"Tools of the Trade+1","floor":40.0},{"not_picked":["Dodge and Roll+1","Deflect+1","Blade Dance+1","Heel Hook+1"],"picked":"SKIP","floor":42.0},{"not_picked":["Slice+1","Sucker Punch+1","Dagger Spray+1"],"picked":"Distraction+1","floor":44.0},{"not_picked":["hubris:SlightOfHand","Reflex+1","Backflip+1","Sucker Punch+1"],"picked":"SKIP","floor":45.0},{"not_picked":["Flechettes+1","Dagger Throw+1","Blade Dance+1"],"picked":"Unload+1","floor":46},{"not_picked":["Skewer+1","Catalyst","Expertise"],"picked":"Phantasmal Killer","floor":48}],"player_experience":148230,"relics_obtained":[{"floor":6.0,"key":"Question Card"},{"floor":9.0,"key":"Lantern"},{"floor":12.0,"key":"Ornamental Fan"},{"floor":14.0,"key":"Letter Opener"},{"floor":22.0,"key":"Boot"},{"floor":23.0,"key":"Ginger"},{"floor":25.0,"key":"FossilizedHelix"},{"floor":26.0,"key":"Oddly Smooth Stone"},{"floor":27.0,"key":"Red Mask"},{"floor":31.0,"key":"hubris:Spice"},{"floor":31.0,"key":"Bottled Tornado"},{"floor":40.0,"key":"hubris:BottledRain"},{"floor":41.0,"key":"Girya"},{"floor":43.0,"key":"hubris:PeanutButter"},{"floor":46,"key":"Blood Vial"}],"event_choices":[{"damage_healed":0.0,"max_hp_gain":0.0,"max_hp_loss":0.0,"gold_gain":0.0,"event_name":"Golden Idol","player_choice":"Ignored","floor":5.0,"gold_loss":0.0,"damage_taken":0.0},{"damage_healed":0.0,"max_hp_gain":0.0,"max_hp_loss":0.0,"gold_gain":0.0,"event_name":"Dead Adventurer","player_choice":"Searched \u00271\u0027 times","floor":12.0,"gold_loss":0.0,"damage_taken":0.0},{"damage_healed":0.0,"max_hp_gain":0.0,"max_hp_loss":0.0,"gold_gain":0.0,"event_name":"Living Wall","player_choice":"Grow","floor":13.0,"gold_loss":0.0,"damage_taken":0.0,"cards_upgraded":["hubris:EnhanceAbility"]},{"damage_healed":0.0,"max_hp_gain":0.0,"max_hp_loss":0.0,"gold_gain":0.0,"event_name":"The Mausoleum","player_choice":"Opened","floor":19.0,"gold_loss":0.0,"damage_taken":0.0,"relics_obtained":["Frozen Egg 2"],"cards_obtained":["Writhe"]},{"cards_removed":["Writhe"],"damage_healed":0.0,"max_hp_gain":0.0,"max_hp_loss":0.0,"gold_gain":0.0,"event_name":"Fountain of Cleansing","player_choice":"Removed Curses","floor":20.0,"gold_loss":0.0,"damage_taken":0.0},{"damage_healed":0.0,"max_hp_gain":0.0,"max_hp_loss":0.0,"gold_gain":0.0,"event_name":"Masked Bandits","player_choice":"Fought Bandits","floor":27.0,"gold_loss":0.0,"damage_taken":0.0},{"damage_healed":0.0,"max_hp_gain":0.0,"max_hp_loss":0.0,"gold_gain":0.0,"event_name":"Colosseum","player_choice":"Fight","floor":31.0,"gold_loss":0.0,"damage_taken":0.0},{"damage_healed":0.0,"max_hp_gain":0.0,"max_hp_loss":0.0,"gold_gain":0.0,"event_name":"Colosseum","player_choice":"Fought Nobs","floor":31.0,"gold_loss":0.0,"damage_taken":0.0},{"damage_healed":0.0,"max_hp_gain":0.0,"max_hp_loss":0.0,"gold_gain":0.0,"event_name":"SensoryStone","player_choice":"Memory 3","floor":38.0,"gold_loss":0.0,"damage_taken":10.0},{"damage_healed":0.0,"max_hp_gain":0.0,"max_hp_loss":0.0,"gold_gain":0.0,"event_name":"MindBloom","player_choice":"Fight","floor":41.0,"gold_loss":0.0,"damage_taken":0.0},{"damage_healed":0,"gold_gain":0,"player_choice":"Copied","damage_taken":0,"max_hp_gain":0,"max_hp_loss":0,"event_name":"Duplicator","floor":47,"gold_loss":0,"cards_obtained":["Sadistic Nature"]}],"is_beta":false,"boss_relics":[{"not_picked":["hubris:HollowSoul","Ring of the Serpent"],"picked":"Ectoplasm"},{"not_picked":["hubris:Spice","hubris:Spice"],"picked":"Coffee Dripper"}],"items_purged_floors":[4,4,4,4,4,4,15,15,15,28,28],"is_endless":false,"potions_floor_spawned":[1,10,11,12,21,23,25,30,33,41,44,46],"ascension_level":0}}