{"host":"g5ztulhog0otympt","time":1608547502,"event":{"mods":["AchievementEnabler","BaseMod","Downfall","Hermit","Minty Spire (QoL Compilation)","StSLib","The Cursed"],"gold_per_floor":[99,116,143,143,158,158,183,183,209,134,284,304,304,323,335,437,437,437,453,465,100,100,100,125,159,159,187,287,287,14,24,37,37,37,37],"floor_reached":33,"playtime":3176,"items_purged":[],"score":293,"play_id":"760585ce-2753-437f-83d1-8d44942e2fd7","local_time":"20201221124502","is_ascension_mode":false,"campfire_choices":[{"floor":1,"key":"RECALL"},{"data":"Guardian:EvasiveProtocol","floor":4,"key":"SMITH"},{"floor":6,"key":"REST"},{"data":"Guardian:TwinSlam","floor":8,"key":"SMITH"},{"floor":10,"key":"REST"},{"data":"Guardian:PrimingBeam","floor":18,"key":"SMITH"},{"floor":22,"key":"REST"},{"data":"Guardian:PrimingBeam","floor":26,"key":"SMITH"}],"circlet_count":0,"master_deck":["Guardian:Strike_Guardian","Guardian:Strike_Guardian","Guardian:Strike_Guardian","Guardian:Strike_Guardian","Guardian:Defend_Guardian","Guardian:Defend_Guardian","Guardian:Defend_Guardian","Guardian:Defend_Guardian","Guardian:CurlUp","Guardian:TwinSlam+1","Guardian:EvasiveProtocol+1","Guardian:ChargeUp","Guardian:Preprogram","Guardian:PrimingBeam+1","Guardian:Recover+1","sneckomod:Bewildered","Guardian:PrismaticBeam+1","Guardian:TimeBomb+1","Guardian:PrimingBeam+1","Guardian:ShieldSpikes","Guardian:GuardianWhirl+1","Guardian:RollAttack+1","Guardian:PrimingBeam+1","Guardian:Gem_Purple"],"relics":["Guardian:ModeShifter","Dream Catcher","Orichalcum","Bottled Tornado","downfall:HeartBlessingRed","Astrolabe","Anchor","Toy Ornithopter","Omamori","Gremlin Horn","Molten Egg 2","Matryoshka","Mummified Hand"],"acts_visited":["Exordium","TheCity"],"potions_floor_usage":[9,9,16,19,20,25,27,33,33],"damage_taken":[{"damage":1,"enemies":"Cultist","floor":2,"turns":3},{"damage":18,"enemies":"Lagavulin","floor":3,"turns":12},{"damage":4,"enemies":"2 Louse","floor":5,"turns":3},{"damage":6,"enemies":"3 Sentries","floor":9,"turns":7},{"damage":0,"enemies":"Small Slimes","floor":12,"turns":2},{"damage":0,"enemies":"Large Slime","floor":14,"turns":4},{"damage":0,"enemies":"Blue Slaver","floor":15,"turns":3},{"damage":23,"enemies":"downfall:Watcher","floor":16,"turns":11},{"damage":9,"enemies":"Shell Parasite","floor":19,"turns":7},{"damage":10,"enemies":"Spheric Guardian","floor":20,"turns":4},{"damage":0,"enemies":"downfall:FleeingMerchant","floor":21,"turns":4},{"damage":18,"enemies":"Slavers","floor":25,"turns":5},{"damage":32,"enemies":"Book of Stabbing","floor":27,"turns":6},{"damage":0,"enemies":"downfall:FleeingMerchant","floor":30,"turns":4},{"damage":5,"enemies":"Snecko","floor":31,"turns":5},{"damage":8,"enemies":"Centurion and Healer","floor":32,"turns":3},{"damage":50,"enemies":"downfall:Defect","floor":33,"turns":10}],"seed_played":"-5379581058659541093","potions_obtained":[{"floor":3,"key":"Block Potion"},{"floor":5,"key":"DistilledChaos"},{"floor":14,"key":"DuplicationPotion"},{"floor":16,"key":"Weak Potion"},{"floor":19,"key":"AttackPotion"},{"floor":20,"key":"ColorlessPotion"},{"floor":27,"key":"Ancient Potion"},{"floor":32,"key":"Weak Potion"}],"is_trial":false,"path_per_floor":["R","M","E","R","M","R","T","R","E","R","?","M","?","M","M","B",null,"R","M","M","$","R","?","T","E","R","E","?","?","$","M","M","B"],"character_chosen":"GUARDIAN","items_purchased":["Strength Potion","Anchor","Toy Ornithopter","Mummified Hand"],"campfire_rested":3,"item_purchase_floors":[21,21,21,30],"current_hp_per_floor":[88,87,69,69,65,88,88,88,82,88,88,88,88,88,88,65,88,88,79,69,69,88,88,88,70,70,43,43,43,43,38,30,0,0,0],"gold":37,"neow_bonus":"TEN_PERCENT_HP_BONUS","is_daily":false,"chose_seed":false,"campfire_upgraded":4,"win_rate":0.0,"timestamp":1608547502,"path_taken":["R","M","E","R","M","R","T","R","E","R","?","M","?","M","M","BOSS","R","M","M","$","R","?","T","E","R","E","?","?","?","?","M","BOSS"],"items_purchased_type":["Potion","Relic","Relic","Relic"],"build_version":"2020-12-13","purchased_purges":0,"victory":false,"max_hp_per_floor":[88,88,88,88,88,88,88,88,88,88,88,88,88,88,88,88,88,88,88,88,88,88,88,88,88,88,88,88,88,88,88,88,88,88,88],"card_choices":[{"not_picked":["Guardian:TemporalShield","Guardian:PrimingBeam"],"picked":"Guardian:EvasiveProtocol","floor":2},{"not_picked":["Guardian:ChargeCore","Guardian:TimeCapacitor"],"picked":"Guardian:ChargeUp","floor":3},{"not_picked":["Guardian:Planning","Guardian:CrystalBeam"],"picked":"Guardian:Incinerate","floor":5},{"not_picked":["Guardian:RefractedBeam","Guardian:ChargeCore"],"picked":"Guardian:Gem_White","floor":6},{"not_picked":["Guardian:PrismaticBeam","Guardian:FastForward"],"picked":"Guardian:TemporalShield","floor":9},{"not_picked":["Guardian:TemporalStrike","Guardian:TimeCapacitor"],"picked":"Guardian:Preprogram","floor":10},{"not_picked":["Guardian:PiercingHide","Guardian:TimeCapacitor"],"picked":"Guardian:PrimingBeam","floor":12},{"not_picked":["Guardian:PrismaticBeam","Guardian:VentSteam"],"picked":"Guardian:Gem_Green","floor":14},{"not_picked":["Guardian:Gem_Crimson","Guardian:Recover","Guardian:VentSteam"],"picked":"SKIP","floor":15},{"not_picked":["Guardian:AncientConstruct","Guardian:TimeSifter"],"picked":"Guardian:Gem_Synthetic","floor":16},{"not_picked":["Guardian:CrystalBeam+1","Guardian:TemporalShield"],"picked":"Guardian:TimeBomb+1","floor":19},{"not_picked":["Guardian:Planning","Guardian:VentSteam"],"picked":"Guardian:Gem_Green","floor":20},{"not_picked":["Guardian:Gem_Green","Guardian:Planning"],"picked":"Guardian:PrimingBeam","floor":21},{"not_picked":["Guardian:PrismaticBarrier","Guardian:VentSteam"],"picked":"Guardian:ShieldSpikes","floor":22},{"not_picked":["Guardian:DecasProtection","Guardian:BaubleBeam"],"picked":"Guardian:Gem_Blue","floor":25},{"not_picked":["Guardian:Gem_White","Guardian:TemporalShield"],"picked":"Guardian:GuardianWhirl+1","floor":27},{"not_picked":["Guardian:ArmoredProtocol","Guardian:PrismaticBeam+1"],"picked":"Guardian:RollAttack+1","floor":30},{"not_picked":["Guardian:WalkerClaw+1","Guardian:TemporalShield"],"picked":"Guardian:PrimingBeam+1","floor":31},{"not_picked":["Guardian:Recover+1","Guardian:Gem_Lightblue"],"picked":"Guardian:Gem_Purple","floor":32}],"player_experience":58297,"relics_obtained":[{"floor":3,"key":"Dream Catcher"},{"floor":7,"key":"Orichalcum"},{"floor":9,"key":"Bottled Tornado"},{"floor":24,"key":"Omamori"},{"floor":25,"key":"Gremlin Horn"},{"floor":27,"key":"Molten Egg 2"}],"event_choices":[{"damage_healed":0,"gold_gain":0,"player_choice":"Grow","damage_taken":0,"max_hp_gain":0,"max_hp_loss":0,"event_name":"Living Wall","floor":13,"gold_loss":0,"cards_upgraded":["Guardian:Incinerate"]}],"is_beta":false,"boss_relics":[{"not_picked":["Busted Crown","Runic Pyramid"],"picked":"Astrolabe"}],"items_purged_floors":[],"is_endless":false,"potions_floor_spawned":[3,5,14,16,19,20,27,32],"killed_by":"downfall:Defect","ascension_level":0}}