{"host":"sav7uxregyirlf69","time":1608536015,"event":{"mods":["AchievementEnabler","BaseMod","Colored Map","DeckTracker","Keyboard Shortcuts","Minty Spire (QoL Compilation)","READ ME - Guardian Mod","StSLib","SuperFastMode"],"gold_per_floor":[110,110,35,48,61,61,61,61,86,111,111,111,123,149,149,249,249,268,287,212,287,304,304,319,352,352,352,352],"floor_reached":27,"playtime":440,"items_purged":["Defend_B"],"score":399,"play_id":"f3168e2b-afd8-4a55-b2a2-df17818a395e","local_time":"20201221163335","is_ascension_mode":true,"campfire_choices":[{"data":"Dualcast","floor":6,"key":"SMITH"},{"data":"Sweeping Beam","floor":8,"key":"SMITH"},{"data":"Coolheaded","floor":12,"key":"SMITH"},{"data":"Defragment","floor":15,"key":"SMITH"}],"circlet_count":0,"master_deck":["AscendersBane","Defend_B","Defend_B","Zap+1","Dualcast+1","Ball Lightning","Coolheaded+1","Sweeping Beam+1","Steam","Gash","Defragment+1","Reboot","Turbo","Self Repair","Writhe","All For One","Gash"],"relics":["Empty Cage","Vajra","PreservedInsect","Strawberry","Runic Pyramid","Lantern","White Beast Statue","InkBottle"],"acts_visited":["Exordium","TheCity"],"potions_floor_usage":[10,14,18,25],"damage_taken":[{"damage":8,"enemies":"Jaw Worm","floor":1,"turns":6},{"damage":1,"enemies":"Cultist","floor":4,"turns":4},{"damage":0,"enemies":"Small Slimes","floor":5,"turns":3},{"damage":25,"enemies":"3 Sentries","floor":10,"turns":6},{"damage":4,"enemies":"Looter","floor":13,"turns":3},{"damage":0,"enemies":"Gremlin Nob","floor":14,"turns":3},{"damage":24,"enemies":"Hexaghost","floor":16,"turns":9},{"damage":0,"enemies":"2 Thieves","floor":18,"turns":3},{"damage":12,"enemies":"Shell Parasite","floor":19,"turns":4},{"damage":0,"enemies":"Cultist and Chosen","floor":22,"turns":4},{"damage":19,"enemies":"Sentry and Sphere","floor":24,"turns":4},{"damage":28,"enemies":"Slavers","floor":25,"turns":4},{"damage":15,"enemies":"Gremlin Leader","floor":27,"turns":1}],"seed_played":"7859678089273411061","potions_obtained":[{"floor":4,"key":"Regen Potion"},{"floor":13,"key":"PotionOfCapacity"},{"floor":16,"key":"DistilledChaos"},{"floor":24,"key":"EssenceOfSteel"}],"is_trial":false,"path_per_floor":["M","?","$","M","M","R","?","R","T","E","?","R","M","E","R","B",null,"M","M","?","?","M","?","M","E","T","E"],"character_chosen":"DEFECT","items_purchased":[],"campfire_rested":0,"item_purchase_floors":[],"current_hp_per_floor":[60,60,60,59,59,59,59,59,59,48,41,41,37,44,44,20,67,67,55,55,47,47,47,35,14,14,0,0],"gold":352,"neow_bonus":"BOSS_RELIC","is_daily":false,"chose_seed":false,"campfire_upgraded":4,"win_rate":0.0,"timestamp":1608536015,"path_taken":["M","?","$","?","M","R","?","R","T","E","?","R","M","E","R","BOSS","M","M","?","?","?","?","M","E","T","E"],"items_purchased_type":[],"build_version":"2020-12-13","purchased_purges":1,"victory":false,"max_hp_per_floor":[75,75,75,75,75,75,75,75,75,75,75,75,75,82,82,82,82,82,82,82,82,82,82,82,82,82,82,82],"card_choices":[{"not_picked":["Steam","Reprogram","Beam Cell"],"picked":"SKIP","floor":1},{"not_picked":["Coolheaded","Turbo"],"picked":"Ball Lightning","floor":4},{"not_picked":["Streamline","Redo"],"picked":"Coolheaded","floor":5},{"not_picked":["Creative AI","Steam Power"],"picked":"Steam","floor":10},{"not_picked":["Go for the Eyes","Double Energy"],"picked":"Gash","floor":13},{"not_picked":["Barrage","Compile Driver"],"picked":"Defragment","floor":14},{"not_picked":["Meteor Strike","Machine Learning"],"picked":"Reboot","floor":16},{"not_picked":["Steam+1","Doom and Gloom"],"picked":"Turbo","floor":18},{"not_picked":["Storm","Streamline","Sweeping Beam"],"picked":"SKIP","floor":19},{"not_picked":["Go for the Eyes+1","Sweeping Beam"],"picked":"Self Repair","floor":22},{"not_picked":["Turbo","Gash"],"picked":"All For One","floor":24},{"not_picked":["Storm","Coolheaded"],"picked":"Gash","floor":25}],"player_experience":975799,"relics_obtained":[{"floor":9,"key":"Vajra"},{"floor":10,"key":"PreservedInsect"},{"floor":14,"key":"Strawberry"},{"floor":25,"key":"White Beast Statue"},{"floor":26,"key":"InkBottle"}],"event_choices":[{"damage_healed":0,"gold_gain":0,"player_choice":"Upgraded","damage_taken":0,"max_hp_gain":0,"max_hp_loss":0,"event_name":"Upgrade Shrine","floor":2,"gold_loss":0,"cards_upgraded":["Zap"]},{"damage_healed":0,"gold_gain":0,"cards_transformed":["Strike_B"],"player_choice":"Change","damage_taken":0,"max_hp_gain":0,"max_hp_loss":0,"event_name":"Living Wall","floor":7,"gold_loss":0,"cards_obtained":["Sweeping Beam"]},{"cards_removed":["Strike_B"],"damage_healed":0,"gold_gain":0,"player_choice":"Card Removal","damage_taken":7,"max_hp_gain":0,"max_hp_loss":0,"event_name":"Golden Wing","floor":11,"gold_loss":0},{"cards_removed":["Defend_B"],"damage_healed":0,"gold_gain":0,"player_choice":"Gave Gold","damage_taken":0,"max_hp_gain":0,"max_hp_loss":0,"event_name":"Beggar","floor":20,"gold_loss":75},{"damage_healed":0,"gold_gain":75,"player_choice":"Touch","damage_taken":8,"max_hp_gain":0,"max_hp_loss":0,"event_name":"FaceTrader","floor":21,"gold_loss":0},{"damage_healed":0,"gold_gain":0,"player_choice":"Opened","damage_taken":0,"relics_obtained":["Lantern"],"max_hp_gain":0,"max_hp_loss":0,"event_name":"The Mausoleum","floor":23,"gold_loss":0,"cards_obtained":["Writhe"]}],"is_beta":false,"boss_relics":[{"not_picked":["Pandora\u0027s Box","Philosopher\u0027s Stone"],"picked":"Runic Pyramid"}],"items_purged_floors":[3],"is_endless":false,"potions_floor_spawned":[4,13,16,24],"killed_by":"Gremlin Leader","ascension_level":10}}