{"host":"Rich","time":1608514330,"event":{"mods":["AchievementEnabler","BaseMod","Highlight Path","Minty Spire (QoL Compilation)","Relic Stats"],"gold_per_floor":[113,29,29,29,43,74,74,90,115,136,116,134,177,4,4,99,99,122,140,140,140],"floor_reached":20,"playtime":1089,"items_purged":[],"score":418,"play_id":"38230124-7167-4a44-8d58-cbdd9430871a","local_time":"20201220203210","is_ascension_mode":true,"campfire_choices":[{"data":"Neutralize","floor":7,"key":"SMITH"},{"data":"Setup","floor":15,"key":"SMITH"}],"circlet_count":0,"master_deck":["AscendersBane","Strike_G","Strike_G","Strike_G","Strike_G","Strike_G","Defend_G","Defend_G","Defend_G","Defend_G","Survivor","Neutralize+1","Dagger Throw","Cloak And Dagger","Deadly Poison","Deadly Poison","Deadly Poison","Calculated Gamble","Backstab","Setup+1","Corpse Explosion","Dagger Spray"],"relics":["Ring of the Snake","NeowsBlessing","Golden Idol","Smiling Mask","Bag of Preparation","Potion Belt","TwistedFunnel","SlaversCollar"],"acts_visited":["Exordium","TheCity"],"potions_floor_usage":[13],"damage_taken":[{"damage":0,"enemies":"2 Louse","floor":1,"turns":1},{"damage":0,"enemies":"Small Slimes","floor":5,"turns":1},{"damage":0,"enemies":"Lagavulin","floor":6,"turns":1},{"damage":0,"enemies":"Cultist","floor":8,"turns":3},{"damage":17,"enemies":"Gremlin Gang","floor":10,"turns":5},{"damage":8,"enemies":"Looter","floor":12,"turns":3},{"damage":28,"enemies":"3 Sentries","floor":13,"turns":10},{"damage":18,"enemies":"Hexaghost","floor":16,"turns":8},{"damage":18,"enemies":"Spheric Guardian","floor":18,"turns":4},{"damage":25,"enemies":"2 Thieves","floor":19,"turns":3},{"damage":0,"enemies":"Snake Plant","floor":20,"turns":1}],"seed_played":"5649036486704610825","potions_obtained":[{"floor":5,"key":"Regen Potion"},{"floor":8,"key":"SneckoOil"},{"floor":10,"key":"DistilledChaos"},{"floor":11,"key":"FairyPotion"},{"floor":19,"key":"Weak Potion"}],"is_trial":false,"path_per_floor":["M","$","?","?","M","E","R","M","T","M","?","M","E","$","R","B",null,"M","M","M"],"character_chosen":"THE_SILENT","items_purchased":["Cloak And Dagger","Deadly Poison","TwistedFunnel"],"campfire_rested":0,"item_purchase_floors":[2,2,14],"current_hp_per_floor":[59,59,52,52,52,52,52,52,52,35,35,27,14,14,14,15,49,31,6,6,6],"gold":140,"neow_bonus":"THREE_ENEMY_KILL","is_daily":false,"chose_seed":false,"campfire_upgraded":2,"win_rate":0.0,"timestamp":1608514330,"path_taken":["M","$","?","?","M","E","R","M","T","M","?","M","E","$","R","BOSS","M","M","M"],"items_purchased_type":["Card","Card","Relic"],"build_version":"2020-12-18","purchased_purges":0,"victory":false,"max_hp_per_floor":[66,66,66,60,60,60,60,60,60,60,60,60,60,60,60,60,60,60,60,60,60],"relic_stats":{"counters":[11,40],"Golden Idol":57,"Bag of Preparation":[14],"Smiling Mask":0,"obtain_stats":[{"Potion Belt":13,"TwistedFunnel":14,"SlaversCollar":17,"NeowsBlessing":0,"Golden Idol":4,"Bag of Preparation":9,"Smiling Mask":6,"Ring of the Snake":0},{"Potion Belt":7,"TwistedFunnel":7,"SlaversCollar":8,"NeowsBlessing":0,"Golden Idol":1,"Bag of Preparation":4,"Smiling Mask":3,"Ring of the Snake":0},{"Potion Belt":24,"TwistedFunnel":24,"SlaversCollar":32,"NeowsBlessing":0,"Golden Idol":1,"Bag of Preparation":6,"Smiling Mask":3,"Ring of the Snake":0}],"Ring of the Snake":[22]},"card_choices":[{"not_picked":["Underhanded Strike","Dodge and Roll"],"picked":"Dagger Throw","floor":1},{"not_picked":["Blade Dance","Dodge and Roll"],"picked":"Deadly Poison","floor":5},{"not_picked":["Concentrate","Predator"],"picked":"Deadly Poison","floor":6},{"not_picked":["Quick Slash","Expertise"],"picked":"Calculated Gamble","floor":8},{"not_picked":["Underhanded Strike","Expertise"],"picked":"Backstab","floor":10},{"not_picked":["Terror","Blade Dance"],"picked":"Setup","floor":12},{"not_picked":["Acrobatics","Deadly Poison"],"picked":"Corpse Explosion","floor":13},{"not_picked":["Acrobatics","Quick Slash","Sucker Punch"],"picked":"SKIP","floor":18},{"not_picked":["Endless Agony","Dash"],"picked":"Dagger Spray","floor":19}],"player_experience":1920846,"relics_obtained":[{"floor":6,"key":"Smiling Mask"},{"floor":9,"key":"Bag of Preparation"},{"floor":13,"key":"Potion Belt"}],"event_choices":[{"cards_removed":["Defend_G"],"damage_healed":0,"gold_gain":0,"player_choice":"Card Removal","damage_taken":7,"max_hp_gain":0,"max_hp_loss":0,"event_name":"Golden Wing","floor":3,"gold_loss":0},{"damage_healed":0,"gold_gain":0,"player_choice":"Lose Max HP","damage_taken":0,"relics_obtained":["Golden Idol"],"max_hp_gain":0,"max_hp_loss":6,"event_name":"Golden Idol","floor":4,"gold_loss":0},{"damage_healed":0,"gold_gain":0,"player_choice":"Bought 1 Potion","damage_taken":0,"max_hp_gain":0,"max_hp_loss":0,"event_name":"The Woman in Blue","floor":11,"gold_loss":0}],"is_beta":true,"boss_relics":[{"not_picked":["Busted Crown","Coffee Dripper"],"picked":"SlaversCollar"}],"items_purged_floors":[],"is_endless":false,"potions_floor_spawned":[5,8,10,12,19],"killed_by":"Snake Plant","ascension_level":20}}