{"host":"4kbqeuw4a1wt9r2z","time":1608544499,"event":{"mods":["Act Like it!","BaseMod","Downfall","GifTheSpireLib","Googly Eyes","Minty Spire (QoL Compilation)","StSLib"],"gold_per_floor":[99,112,22,42,53,53,53,85,85,116,130,147,132,148,168,268,268,118,128,128,128,154,164,189,221,221,249,51,51,51,1,21,120,120,45,76,76,3,36,50,73,73,84,84,95,95,95,12,25,25,25,52,1,1,1],"floor_reached":56,"playtime":4006,"items_purged":["champ:Strike"],"score":1323,"play_id":"661c82e0-f798-4afe-8e35-57a547a9fcc5","local_time":"20201221125459","is_ascension_mode":false,"campfire_choices":[{"data":"champ:Taunt","floor":1,"key":"SMITH"},{"data":"champ:Riposte","floor":6,"key":"SMITH"},{"floor":9,"key":"RECALL"},{"data":"champ:StrikeOfGenius","floor":18,"key":"SMITH"},{"data":"champ:DancingMaster","floor":20,"key":"SMITH"},{"floor":26,"key":"REST"},{"floor":35,"key":"REST"},{"floor":42,"key":"REST"},{"floor":44,"key":"REST"},{"floor":54,"key":"REST"}],"circlet_count":0,"master_deck":["champ:Defend","champ:Defend","champ:Defend","champ:Execute","champ:Taunt+1","champ:Riposte+1","champ:Haymaker","champ:ArenaPreparation","champ:PerfectedStrike","champ:FanOfKnives","champ:DefensiveStyle","champ:BringItOn","champ:FocusedDefense","champ:StrikeOfGenius+1","champ:IronFortress","champ:DancingMaster+1","champ:Circumvent+1","Slimebound:Tackle+1","Slimebound:Tackle+1","champ:BerserkerStyle+1","champ:LastStand+1","expansioncontent:StudyTheSpire+1","expansioncontent:CaCaw+1","champ:ShieldWall+1","champ:DancingMaster+1","champ:GladiatorStyle+1","champ:DefensiveStyle+1","champ:GladiatorStyle+1","champ:IronFortress+1","champ:Duel+1","expansioncontent:AwakenDeath+1"],"relics":["champ:ChampionCrown","Mummified Hand","Bag of Marbles","Matryoshka","Black Star","downfall:HeartBlessingRed","downfall:HeartBlessingGreen","Boot","Bronze Scales","Kunai","Frozen Egg 2","Bottled Tornado","Turnip","Sundial","Regal Pillow","Blood Vial","Lantern","PreservedInsect","Fusion Hammer","downfall:HeartBlessingBlue","Juzu Bracelet","Art of War","Toy Ornithopter","HornCleat","Pen Nib","Vajra","Bottled Lightning"],"acts_visited":["Exordium","TheCity","TheBeyond","TheEnding"],"potions_floor_usage":[16,16,16,31,31,52,55],"damage_taken":[{"damage":5,"enemies":"Small Slimes","floor":2,"turns":4},{"damage":15,"enemies":"downfall:FleeingMerchant","floor":3,"turns":4},{"damage":8,"enemies":"Jaw Worm","floor":4,"turns":3},{"damage":10,"enemies":"2 Louse","floor":5,"turns":4},{"damage":38,"enemies":"3 Sentries","floor":8,"turns":7},{"damage":70,"enemies":"Gremlin Nob","floor":10,"turns":5},{"damage":19,"enemies":"2 Fungi Beasts","floor":11,"turns":3},{"damage":0,"enemies":"Exordium Thugs","floor":12,"turns":3},{"damage":8,"enemies":"downfall:FleeingMerchant","floor":13,"turns":4},{"damage":7,"enemies":"Red Slaver","floor":14,"turns":3},{"damage":23,"enemies":"2 Fungi Beasts","floor":15,"turns":2},{"damage":35,"enemies":"downfall:Silent","floor":16,"turns":6},{"damage":29,"enemies":"3 Byrds","floor":19,"turns":5},{"damage":40,"enemies":"Book of Stabbing","floor":22,"turns":6},{"damage":3,"enemies":"Spheric Guardian","floor":23,"turns":4},{"damage":64,"enemies":"Gremlin Leader","floor":25,"turns":5},{"damage":27,"enemies":"Book of Stabbing","floor":27,"turns":5},{"damage":18,"enemies":"downfall:FleeingMerchant","floor":28,"turns":4},{"damage":29,"enemies":"downfall:FleeingMerchant","floor":31,"turns":4},{"damage":19,"enemies":"Snecko","floor":32,"turns":4},{"damage":36,"enemies":"downfall:Ironclad","floor":33,"turns":8},{"damage":58,"enemies":"Reptomancer","floor":36,"turns":4},{"damage":52,"enemies":"Nemesis","floor":39,"turns":5},{"damage":36,"enemies":"Orb Walker","floor":40,"turns":3},{"damage":12,"enemies":"3 Darklings","floor":43,"turns":3},{"damage":14,"enemies":"Spire Growth","floor":45,"turns":5},{"damage":18,"enemies":"Maw","floor":49,"turns":7},{"damage":92,"enemies":"downfall:Defect","floor":50,"turns":8},{"damage":80,"enemies":"downfall:CharBossMerchant","floor":52,"turns":7},{"damage":111,"enemies":"downfall:NeowBoss","floor":55,"turns":24}],"seed_played":"4508493986188051682","potions_obtained":[{"floor":2,"key":"Guardian:BlockOnCardUsePotion"},{"floor":8,"key":"EssenceOfSteel"},{"floor":10,"key":"ColorlessPotion"},{"floor":12,"key":"Dexterity Potion"},{"floor":22,"key":"FairyPotion"},{"floor":23,"key":"Fire Potion"},{"floor":25,"key":"SpeedPotion"},{"floor":27,"key":"champ:OpenerPotion"},{"floor":32,"key":"Ancient Potion"},{"floor":40,"key":"champ:CounterPotion"},{"floor":43,"key":"SkillPotion"}],"is_trial":false,"path_per_floor":["R","M","$","M","M","R","T","E","R","E","M","M","$","M","M","B",null,"R","M","R","?","E","M","T","E","R","E","$","?","T","$","M","B",null,"R","E","?","$","E","M","T","R","M","R","M","?","?","$","M","B",null,"E","$","R","B",null],"character_chosen":"THE_CHAMP","items_purchased":["expansioncontent:StudyTheSpire+1","expansioncontent:CaCaw+1","Lantern","PreservedInsect","champ:DefensiveStyle+1","expansioncontent:AwakenDeath+1","sneckomod:MuddlingPotion"],"campfire_rested":5,"item_purchase_floors":[28,31,31,31,38,48,53],"current_hp_per_floor":[99,99,94,91,91,91,91,73,73,37,33,33,33,26,23,10,99,99,80,80,80,63,60,60,22,51,32,32,32,32,28,24,57,99,109,56,56,56,33,10,10,57,49,96,94,94,94,94,96,32,109,58,58,105,72],"gold":1,"neow_bonus":"TEN_PERCENT_HP_BONUS","is_daily":false,"chose_seed":false,"campfire_upgraded":4,"win_rate":0.0,"timestamp":1608544499,"path_taken":["R","M","$","M","M","R","T","E","R","E","M","M","$","M","M","BOSS","R","M","R","?","E","M","T","E","R","E","$","?","?","?","M","BOSS","R","E","?","$","E","M","T","R","M","R","M","?","?","?","M","BOSS","E","$","R","BOSS"],"items_purchased_type":["Card","Card","Relic","Relic","Card","Card","Potion"],"build_version":"2020-12-13","purchased_purges":1,"victory":true,"max_hp_per_floor":[99,99,99,99,99,99,99,99,99,99,99,99,99,99,99,99,99,99,99,99,99,99,99,99,99,99,99,99,99,99,99,99,99,99,109,109,109,109,109,109,109,109,109,109,109,109,109,109,109,109,109,109,109,109,109],"card_choices":[{"not_picked":["champ:StanceDance","champ:AdrenalArmor"],"picked":"champ:Riposte","floor":2},{"not_picked":["champ:BerserkerStyle","champ:IronFortress"],"picked":"champ:Haymaker","floor":3},{"not_picked":["champ:PreciseThrust","champ:PerfectedStrike"],"picked":"champ:ArenaPreparation","floor":4},{"not_picked":["champ:BerserkersShout","champ:StanceDance"],"picked":"champ:PerfectedStrike","floor":5},{"not_picked":["champ:EndlessRage","champ:TornadoPunch"],"picked":"champ:FanOfKnives","floor":8},{"not_picked":["champ:FightOn","champ:EndlessRage"],"picked":"champ:DefensiveStyle","floor":10},{"not_picked":["champ:StanceDance","champ:CrookedStrike"],"picked":"champ:BringItOn","floor":11},{"not_picked":["champ:StanceDance","champ:GladiatorsShout"],"picked":"champ:FocusedDefense","floor":12},{"not_picked":["champ:BladeFlurry","champ:DefensiveShout"],"picked":"champ:StrikeOfGenius","floor":13},{"not_picked":["champ:Haymaker","champ:BringItOn","champ:DefensiveShout"],"picked":"SKIP","floor":14},{"not_picked":["champ:Haymaker","champ:BerserkersShout"],"picked":"champ:IronFortress","floor":15},{"not_picked":["champ:CrownThrow","champ:CheapShot"],"picked":"champ:DancingMaster","floor":16},{"not_picked":["champ:Encircle","champ:CrookedStrike"],"picked":"champ:Circumvent+1","floor":19},{"not_picked":["champ:GladiatorsShout","champ:Encircle","champ:FightOn"],"picked":"SKIP","floor":22},{"not_picked":["champ:Encircle","champ:CrookedStrike"],"picked":"champ:BerserkerStyle+1","floor":23},{"not_picked":["champ:EnGarde","champ:BerserkersShout","champ:FanOfKnives"],"picked":"SKIP","floor":25},{"not_picked":["champ:BringItOn+1","champ:BladeFlurry"],"picked":"champ:LastStand+1","floor":27},{"not_picked":["champ:Backstep","champ:Haymaker","champ:FalseCounter"],"picked":"SKIP","floor":28},{"not_picked":["champ:AdrenalArmor","champ:Haymaker","champ:BladeFlurry"],"picked":"SKIP","floor":31},{"not_picked":["champ:RecklessLeap","champ:Haymaker"],"picked":"champ:ShieldWall+1","floor":32},{"not_picked":["champ:CheapShot","champ:ShieldSlam"],"picked":"champ:DancingMaster+1","floor":33},{"not_picked":["champ:HeartStrike","champ:BladeFlurry+1"],"picked":"champ:GladiatorStyle+1","floor":36},{"not_picked":["champ:FlashCut","champ:CrookedStrike+1"],"picked":"champ:GladiatorStyle+1","floor":39},{"not_picked":["champ:AdrenalArmor+1","champ:FalseCounter+1"],"picked":"champ:IronFortress+1","floor":40},{"not_picked":["champ:PerfectedStrike","champ:FocusedDefense","champ:Backstep"],"picked":"SKIP","floor":43},{"not_picked":["champ:GladiatorStyle+1","champ:GutPunch+1"],"picked":"champ:Duel+1","floor":45},{"not_picked":["champ:Backstep+1","champ:Lariat+1","champ:TornadoPunch+1"],"picked":"SKIP","floor":49},{"not_picked":["champ:Encircle","champ:FanOfKnives+1","champ:DeathBlow+1"],"picked":"SKIP","floor":52}],"player_experience":467471,"relics_obtained":[{"floor":7,"key":"Mummified Hand"},{"floor":8,"key":"Bag of Marbles"},{"floor":10,"key":"Matryoshka"},{"floor":22,"key":"Boot"},{"floor":22,"key":"Bronze Scales"},{"floor":24,"key":"Kunai"},{"floor":25,"key":"Frozen Egg 2"},{"floor":25,"key":"Bottled Tornado"},{"floor":27,"key":"Turnip"},{"floor":27,"key":"Sundial"},{"floor":30,"key":"Regal Pillow"},{"floor":30,"key":"Blood Vial"},{"floor":36,"key":"Juzu Bracelet"},{"floor":36,"key":"Art of War"},{"floor":39,"key":"Toy Ornithopter"},{"floor":39,"key":"HornCleat"},{"floor":41,"key":"Pen Nib"},{"floor":52,"key":"Vajra"},{"floor":52,"key":"Bottled Lightning"}],"event_choices":[{"cards_removed":["champ:Defend"],"damage_healed":0,"gold_gain":0,"player_choice":"Elegance","damage_taken":0,"max_hp_gain":0,"max_hp_loss":0,"event_name":"Back to Basics","floor":29,"gold_loss":0},{"cards_removed":["Slimebound:Tackle"],"damage_healed":0,"gold_gain":0,"player_choice":"Removed Attack","damage_taken":0,"max_hp_gain":0,"max_hp_loss":0,"event_name":"Falling","floor":37,"gold_loss":0}],"is_beta":false,"boss_relics":[{"not_picked":["Runic Dome","Astrolabe"],"picked":"Black Star"},{"not_picked":["SlaversCollar","Pandora\u0027s Box"],"picked":"Fusion Hammer"}],"items_purged_floors":[3],"is_endless":false,"potions_floor_spawned":[2,8,10,12,14,22,23,25,27,32,40,43,49],"ascension_level":0}}