{"host":"cc187","time":1608521637,"event":{"mods":["AchievementEnabler","BaseMod","Bestiary","Colored Map","Colored Powertips","Highlight Path","Keyboard Shortcuts","Minty Spire (QoL Compilation)","Quick Restart","Rare Cards Sparkle","Relic Stats","StSLib","SuperFastMode","Synergy Search","ojb\u0027s Info Mod"],"gold_per_floor":[109,122,139,139,139,139,173,185,185,202,202,215,215,248,248,321,321,335,6,6,18,69,69,95,95,95,126,126,145,163,182,182,182,182],"floor_reached":33,"playtime":2104,"items_purged":["Strike_G"],"score":659,"play_id":"1d9a959c-32f1-48b3-bb42-3f379d7dc50d","local_time":"20201221033357","is_ascension_mode":true,"campfire_choices":[{"data":"Bane","floor":6,"key":"SMITH"},{"floor":11,"key":"REST"},{"data":"Caltrops","floor":15,"key":"SMITH"},{"data":"Catalyst","floor":23,"key":"SMITH"},{"floor":25,"key":"REST"},{"data":"Caltrops","floor":28,"key":"SMITH"},{"floor":32,"key":"REST"}],"circlet_count":0,"master_deck":["AscendersBane","Strike_G","Strike_G","Defend_G+1","Defend_G","Defend_G+1","Defend_G","Defend_G","Survivor","Neutralize","Crippling Poison","Well Laid Plans+1","Acrobatics","Bane+1","Escape Plan","PiercingWail","Deadly Poison","Riddle With Holes","Caltrops+1","Corpse Explosion","Catalyst+1","Caltrops+1","Caltrops","Backflip","Bullet Time"],"relics":["Sozu","Bag of Preparation","Tiny Chest","SlaversCollar","War Paint","Happy Flower","StrikeDummy","Lizard Tail"],"acts_visited":["Exordium","TheCity"],"potions_floor_usage":[],"damage_taken":[{"damage":0,"enemies":"Jaw Worm","floor":1,"turns":6},{"damage":0,"enemies":"2 Louse","floor":2,"turns":3},{"damage":0,"enemies":"Cultist","floor":3,"turns":4},{"damage":21,"enemies":"3 Sentries","floor":7,"turns":12},{"damage":10,"enemies":"Large Slime","floor":8,"turns":7},{"damage":1,"enemies":"2 Fungi Beasts","floor":10,"turns":3},{"damage":1,"enemies":"Red Slaver","floor":12,"turns":3},{"damage":15,"enemies":"Lagavulin","floor":14,"turns":6},{"damage":13,"enemies":"The Guardian","floor":16,"turns":12},{"damage":19,"enemies":"Shell Parasite","floor":18,"turns":6},{"damage":4,"enemies":"Chosen","floor":21,"turns":4},{"damage":0,"enemies":"Gremlin Leader","floor":24,"turns":5},{"damage":19,"enemies":"Slavers","floor":27,"turns":2},{"damage":10,"enemies":"Centurion and Healer","floor":29,"turns":6},{"damage":12,"enemies":"Snake Plant","floor":30,"turns":3},{"damage":37,"enemies":"Snecko","floor":31,"turns":6},{"damage":47,"enemies":"Collector","floor":33,"turns":3}],"seed_played":"2215414732138901461","potions_obtained":[],"is_trial":false,"path_per_floor":["M","M","M","?","?","R","E","M","T","M","R","M","?","E","R","B",null,"M","$","?","M","T","R","E","R","T","E","R","M","M","M","R","B"],"character_chosen":"THE_SILENT","items_purchased":["Catalyst","War Paint"],"campfire_rested":3,"item_purchase_floors":[19,19],"current_hp_per_floor":[59,59,59,59,59,59,38,28,28,27,46,45,50,35,35,22,59,40,40,40,36,36,36,36,57,57,38,38,28,16,22,43,0,0],"gold":182,"neow_bonus":"BOSS_RELIC","is_daily":false,"chose_seed":false,"campfire_upgraded":4,"win_rate":0.0,"timestamp":1608521637,"path_taken":["M","M","M","?","?","R","E","M","T","?","R","M","?","E","R","BOSS","M","$","?","M","?","R","E","R","T","E","R","M","M","?","R","BOSS"],"items_purchased_type":["Card","Relic"],"build_version":"2020-12-18","purchased_purges":1,"victory":false,"max_hp_per_floor":[66,66,66,66,66,66,66,66,66,66,66,66,71,71,71,71,71,71,71,71,71,71,71,71,71,71,71,71,71,71,71,71,71,71],"relic_stats":{"Sozu":7,"Lizard Tail":35,"Happy Flower":[8],"counters":[17,91],"Tiny Chest":1,"Bag of Preparation":[26],"War Paint":["Defend_G","Defend_G"],"obtain_stats":[{"Sozu":0,"SlaversCollar":17,"Lizard Tail":27,"Happy Flower":22,"Tiny Chest":9,"Bag of Preparation":7,"War Paint":19,"StrikeDummy":24,"Ring of the Snake":0},{"Sozu":0,"SlaversCollar":9,"Lizard Tail":13,"Happy Flower":11,"Tiny Chest":5,"Bag of Preparation":4,"War Paint":10,"StrikeDummy":12,"Ring of the Snake":0},{"Sozu":0,"SlaversCollar":56,"Lizard Tail":73,"Happy Flower":66,"Tiny Chest":32,"Bag of Preparation":25,"War Paint":62,"StrikeDummy":71,"Ring of the Snake":0}]},"card_choices":[{"not_picked":["Finisher","All Out Attack"],"picked":"Crippling Poison","floor":1},{"not_picked":["Poisoned Stab","Expertise"],"picked":"Well Laid Plans","floor":2},{"not_picked":["Deflect","Backflip"],"picked":"Acrobatics","floor":3},{"not_picked":["Setup","Wraith Form v2"],"picked":"Escape Plan","floor":7},{"not_picked":["Choke","Caltrops"],"picked":"PiercingWail","floor":8},{"not_picked":["Underhanded Strike","Bane"],"picked":"Deadly Poison","floor":10},{"not_picked":["Endless Agony","Blade Dance"],"picked":"Riddle With Holes","floor":12},{"not_picked":["Slice","Backflip"],"picked":"Caltrops","floor":14},{"not_picked":["A Thousand Cuts","Phantasmal Killer"],"picked":"Corpse Explosion","floor":16},{"not_picked":["Expertise","Poisoned Stab","Underhanded Strike"],"picked":"SKIP","floor":18},{"not_picked":["Prepared","Deflect","Deadly Poison"],"picked":"SKIP","floor":21},{"not_picked":["Bane","All Out Attack","Escape Plan"],"picked":"SKIP","floor":24},{"not_picked":["Poisoned Stab","Dagger Spray"],"picked":"Caltrops","floor":27},{"not_picked":["Masterful Stab+1","Acrobatics"],"picked":"Backflip","floor":29},{"not_picked":["Well Laid Plans","Tactician"],"picked":"Bullet Time","floor":30},{"not_picked":["Quick Slash","Expertise+1","Dodge and Roll"],"picked":"SKIP","floor":31}],"player_experience":828863,"relics_obtained":[{"floor":7,"key":"Bag of Preparation"},{"floor":9,"key":"Tiny Chest"},{"floor":22,"key":"Happy Flower"},{"floor":24,"key":"StrikeDummy"},{"floor":27,"key":"Lizard Tail"}],"event_choices":[{"damage_healed":0,"gold_gain":0,"cards_transformed":["Strike_G"],"player_choice":"Change","damage_taken":0,"max_hp_gain":0,"max_hp_loss":0,"event_name":"Living Wall","floor":4,"gold_loss":0,"cards_obtained":["Bane"]},{"damage_healed":0,"gold_gain":0,"player_choice":"Upgraded","damage_taken":0,"max_hp_gain":0,"max_hp_loss":0,"event_name":"Upgrade Shrine","floor":5,"gold_loss":0,"cards_upgraded":["Well Laid Plans"]},{"damage_healed":0,"gold_gain":0,"player_choice":"Donut","damage_taken":0,"max_hp_gain":5,"max_hp_loss":0,"event_name":"Big Fish","floor":13,"gold_loss":0},{"damage_healed":0,"gold_gain":0,"cards_transformed":["Strike_G"],"player_choice":"Transformed","damage_taken":0,"max_hp_gain":0,"max_hp_loss":0,"event_name":"Transmorgrifier","floor":20,"gold_loss":0,"cards_obtained":["Caltrops"]}],"is_beta":true,"boss_relics":[{"not_picked":["Philosopher\u0027s Stone","Busted Crown"],"picked":"SlaversCollar"}],"items_purged_floors":[19],"is_endless":false,"potions_floor_spawned":[1,2,3,12,16,21,29],"killed_by":"Collector","ascension_level":18}}