{"host":"4vhnentjshwu7xz9","time":1608584159,"event":{"mods":["BaseMod","Minty Spire (QoL Compilation)","Permanent Neow","Relic Stats","StSLib","everything is the same but u backflip on backflip"],"gold_per_floor":[109,59,59,59,84,84,103,116,198,234,252,283,283,64,64,194,194,207,207,477,500,523,523,542,542,588,631,652,677,280,295,295,415,415,438,462,337,362,101,101,0,34,34,74,74,1,1,14,14,14,14,14,14,47,47],"floor_reached":56,"playtime":3829,"items_purged":["Strike_G","Strike_G","Clumsy"],"score":1459,"play_id":"58faa60d-d96e-4318-8225-05f7ec0a8255","local_time":"20201221215559","is_ascension_mode":true,"campfire_choices":[{"data":"Cloak And Dagger","floor":6.0,"key":"SMITH"},{"floor":13,"key":"REST"},{"data":"Noxious Fumes","floor":15,"key":"SMITH"},{"floor":23,"key":"REST"},{"floor":32,"key":"RECALL"},{"data":"Wraith Form v2","floor":40,"key":"SMITH"},{"floor":47,"key":"REST"},{"data":"Noxious Fumes","floor":49,"key":"SMITH"},{"data":"Venomology","floor":52,"key":"SMITH"}],"circlet_count":0,"master_deck":["Strike_G","Strike_G","Strike_G","Defend_G","Defend_G","Defend_G","Defend_G","Survivor","Neutralize","Corpse Explosion","Cloak And Dagger+1","Deadly Poison","Noxious Fumes+1","PiercingWail","Venomology+1","Adrenaline","Bouncing Flask","Ghostly","Ghostly","Ghostly","Ghostly","Ghostly","Noxious Fumes+1","Footwork","Cloak And Dagger","Venomology","Deadly Poison","Deadly Poison+1","Wraith Form v2+1","Infinite Blades"],"relics":["Ring of the Snake","Golden Idol","Gremlin Horn","Odd Mushroom","Regal Pillow","Cursed Key","Kunai","Orrery","Strawberry","Runic Dome","Pear","Red Mask","Ninja Scroll","Paper Crane","Du-Vu Doll"],"acts_visited":["Exordium","TheCity","TheBeyond","TheEnding"],"potions_floor_usage":[16,18,21,22,27,28,29,31,31,33,33,35,36,38,38,42,42,42,44,44,44,48,50,50,50,50,50,50,50,50,54,55,55,55,55,55],"damage_taken":[{"damage":4.0,"enemies":"Jaw Worm","floor":1.0,"turns":5.0},{"damage":8.0,"enemies":"2 Louse","floor":5.0,"turns":2.0},{"damage":1,"enemies":"Small Slimes","floor":7,"turns":3},{"damage":3,"enemies":"Red Slaver","floor":8,"turns":4},{"damage":10,"enemies":"The Mushroom Lair","floor":10,"turns":3},{"damage":4,"enemies":"Large Slime","floor":11,"turns":5},{"damage":19,"enemies":"3 Sentries","floor":12,"turns":4},{"damage":3,"enemies":"Hexaghost","floor":16,"turns":9},{"damage":6,"enemies":"2 Thieves","floor":18,"turns":3},{"damage":1,"enemies":"3 Byrds","floor":21,"turns":3},{"damage":0,"enemies":"Snake Plant","floor":22,"turns":5},{"damage":0,"enemies":"3 Cultists","floor":24,"turns":4},{"damage":6,"enemies":"Slavers","floor":27,"turns":5},{"damage":2,"enemies":"Cultist and Chosen","floor":28,"turns":6},{"damage":0,"enemies":"Centurion and Healer","floor":29,"turns":5},{"damage":1,"enemies":"Sentry and Sphere","floor":31,"turns":6},{"damage":3,"enemies":"Collector","floor":33,"turns":7},{"damage":1,"enemies":"3 Shapes","floor":35,"turns":4},{"damage":0,"enemies":"Orb Walker","floor":36,"turns":5},{"damage":9,"enemies":"Sphere and 2 Shapes","floor":38,"turns":6},{"damage":6,"enemies":"Reptomancer","floor":42,"turns":7},{"damage":51,"enemies":"Giant Head","floor":44,"turns":10},{"damage":0,"enemies":"4 Shapes","floor":48,"turns":5},{"damage":41,"enemies":"Awakened One","floor":50,"turns":16},{"damage":4,"enemies":"Shield and Spear","floor":54,"turns":7},{"damage":47,"enemies":"The Heart","floor":55,"turns":11}],"seed_played":"-3583848258940013388","potions_obtained":[{"floor":7,"key":"FearPotion"},{"floor":11,"key":"FairyPotion"},{"floor":12,"key":"Regen Potion"},{"floor":16,"key":"GamblersBrew"},{"floor":22,"key":"GamblersBrew"},{"floor":28,"key":"SpeedPotion"},{"floor":38,"key":"LiquidMemories"},{"floor":42,"key":"Ancient Potion"},{"floor":44,"key":"Ancient Potion"},{"floor":54,"key":"BlessingOfTheForge"}],"is_trial":false,"path_per_floor":["M","?","?","?","M","R","M","M","T","?","M","E","R","$","R","B",null,"M","?","?","M","M","R","M","?","T","E","M","M","$","M","R","B",null,"M","M","$","M","$","R","?","E","T","E","?","$","R","M","R","B",null,"R","$","E","B",null],"character_chosen":"THE_SILENT","items_purchased":["Venomology","Orrery","Strawberry","Pear","GamblersBrew"],"campfire_rested":3,"item_purchase_floors":[14,30,30,39,46],"current_hp_per_floor":[45,45,50,50,42,42,41,38,38,28,24,5,40,40,40,52,65,59,34,7,6,6,31,31,31,31,25,23,23,30,29,29,26,37,36,36,36,39,49,49,49,43,43,15,15,15,44,44,44,3,37,37,37,33,1],"gold":47,"neow_bonus":"THREE_RARE_CARDS","is_daily":false,"chose_seed":false,"campfire_upgraded":5,"win_rate":0.0,"timestamp":1608584159,"path_taken":["M","?","?","?","M","R","M","?","T","?","M","E","R","$","R","BOSS","M","?","?","?","M","R","M","?","T","E","M","M","$","M","R","BOSS","M","M","$","M","$","R","?","E","T","E","?","?","R","M","R","BOSS","R","$","E","BOSS"],"items_purchased_type":["Card","Relic","Relic","Relic","Potion"],"build_version":"2020-12-13","purchased_purges":3,"victory":true,"max_hp_per_floor":[70,70,75,69,69,69,69,69,69,69,69,69,69,69,69,69,69,69,34,34,34,34,34,34,34,34,34,34,34,41,41,41,41,41,41,41,41,41,51,51,51,51,51,51,48,48,48,48,48,48,48,48,48,48,48],"relic_stats":{"Regal Pillow":45,"Gremlin Horn":[15,15],"counters":[26,150],"Golden Idol":207,"Kunai":[22],"Cursed Key":1,"obtain_stats":[{"Regal Pillow":12,"Pear":39,"Gremlin Horn":9,"Golden Idol":4,"Odd Mushroom":10,"Paper Crane":44,"Cursed Key":17,"Du-Vu Doll":54,"Runic Dome":34,"Ninja Scroll":42,"Strawberry":30,"Orrery":30,"Red Mask":41,"Kunai":27,"Ring of the Snake":0},{"Regal Pillow":7,"Pear":20,"Gremlin Horn":4,"Golden Idol":1,"Odd Mushroom":5,"Paper Crane":22,"Cursed Key":8,"Du-Vu Doll":25,"Runic Dome":17,"Ninja Scroll":21,"Strawberry":15,"Orrery":15,"Red Mask":20,"Kunai":13,"Ring of the Snake":0},{"Regal Pillow":26,"Pear":94,"Gremlin Horn":14,"Golden Idol":5,"Odd Mushroom":17,"Paper Crane":111,"Cursed Key":35,"Du-Vu Doll":139,"Runic Dome":79,"Ninja Scroll":101,"Strawberry":66,"Orrery":66,"Red Mask":94,"Kunai":55,"Ring of the Snake":0}],"Ring of the Snake":[52]},"card_choices":[{"not_picked":["Night Terror","Wraith Form v2"],"picked":"Corpse Explosion","floor":0.0},{"not_picked":["Prepared","Quick Slash"],"picked":"Cloak And Dagger","floor":1.0},{"not_picked":["Acrobatics","Choke","Bane"],"picked":"SKIP","floor":5.0},{"not_picked":["Backflip","Dagger Spray"],"picked":"Deadly Poison","floor":7},{"not_picked":["Flying Knee","Tactician","Choke"],"picked":"SKIP","floor":8},{"not_picked":["Tactician","Terror"],"picked":"Noxious Fumes","floor":10},{"not_picked":["Slice","Underhanded Strike"],"picked":"PiercingWail","floor":11},{"not_picked":["Dagger Spray","Accuracy","Predator"],"picked":"SKIP","floor":12},{"not_picked":["Night Terror","Malaise"],"picked":"Adrenaline","floor":16},{"not_picked":["Dodge and Roll","Expertise+1"],"picked":"Bouncing Flask","floor":18},{"not_picked":["Slice+1","Choke","Skewer+1"],"picked":"SKIP","floor":21},{"not_picked":["Deadly Poison","Dash","Deflect+1"],"picked":"SKIP","floor":22},{"not_picked":["Outmaneuver","Cloak And Dagger"],"picked":"Noxious Fumes","floor":24},{"not_picked":["Endless Agony","Choke"],"picked":"Cloak And Dagger","floor":27},{"not_picked":["Bane","Prepared","PiercingWail"],"picked":"SKIP","floor":28},{"not_picked":["Sucker Punch","Quick Slash","Setup"],"picked":"SKIP","floor":29},{"not_picked":["Outmaneuver","Concentrate+1"],"picked":"Venomology","floor":30},{"not_picked":["Prepared","Riddle With Holes"],"picked":"Deadly Poison","floor":30},{"not_picked":["Distraction+1","Bane"],"picked":"Deadly Poison+1","floor":31},{"not_picked":["Phantasmal Killer","Doppelganger"],"picked":"Wraith Form v2","floor":33},{"not_picked":["Dagger Spray","Bane+1","Choke+1"],"picked":"SKIP","floor":35},{"not_picked":["Backflip","Bane+1","Concentrate"],"picked":"SKIP","floor":36},{"not_picked":["Cloak And Dagger+1","Quick Slash","Dash"],"picked":"SKIP","floor":38},{"not_picked":["Prepared+1","Deadly Poison","Acrobatics"],"picked":"SKIP","floor":42},{"not_picked":["Concentrate","Endless Agony","All Out Attack+1"],"picked":"SKIP","floor":44},{"not_picked":["Deflect","Dagger Throw","Prepared+1"],"picked":"SKIP","floor":48},{"not_picked":["Poisoned Stab+1","Expertise+1"],"picked":"Infinite Blades","floor":54}],"player_experience":147595,"relics_obtained":[{"floor":9,"key":"Gremlin Horn"},{"floor":10,"key":"Odd Mushroom"},{"floor":12,"key":"Regal Pillow"},{"floor":27,"key":"Kunai"},{"floor":42,"key":"Ninja Scroll"},{"floor":44,"key":"Paper Crane"},{"floor":54,"key":"Du-Vu Doll"}],"event_choices":[{"cards_removed":["Defend_G"],"damage_healed":0.0,"max_hp_gain":0.0,"max_hp_loss":0.0,"gold_gain":0.0,"event_name":"The Cleric","player_choice":"Card Removal","floor":2.0,"gold_loss":50.0,"damage_taken":0.0},{"damage_healed":0.0,"max_hp_gain":5.0,"max_hp_loss":0.0,"gold_gain":0.0,"event_name":"Big Fish","player_choice":"Donut","floor":3.0,"gold_loss":0.0,"damage_taken":0.0},{"damage_healed":0.0,"max_hp_gain":0.0,"max_hp_loss":6.0,"gold_gain":0.0,"event_name":"Golden Idol","player_choice":"Lose Max HP","floor":4.0,"gold_loss":0.0,"damage_taken":0.0,"relics_obtained":["Golden Idol"]},{"damage_healed":0,"gold_gain":0,"player_choice":"Fought Mushrooms","damage_taken":0,"max_hp_gain":0,"max_hp_loss":0,"event_name":"Mushrooms","floor":10,"gold_loss":0},{"damage_healed":0,"gold_gain":0,"player_choice":"Became a Ghost","damage_taken":0,"max_hp_gain":0,"max_hp_loss":35,"event_name":"Ghosts","floor":19,"gold_loss":0,"cards_obtained":["Ghostly","Ghostly","Ghostly","Ghostly","Ghostly"]},{"damage_healed":0,"gold_gain":270,"player_choice":"GOLD GOLD GOLD ","damage_taken":27,"max_hp_gain":0,"max_hp_loss":0,"event_name":"Knowing Skull","floor":20,"potions_obtained":[],"gold_loss":0,"cards_obtained":[]},{"damage_healed":0,"gold_gain":0,"player_choice":"Read","damage_taken":0,"max_hp_gain":0,"max_hp_loss":0,"event_name":"The Library","floor":25,"gold_loss":0,"cards_obtained":["Footwork"]},{"damage_healed":0,"gold_gain":0,"player_choice":"Paid","damage_taken":0,"relics_obtained":["Red Mask"],"max_hp_gain":0,"max_hp_loss":0,"event_name":"Tomb of Lord Red Mask","floor":41,"gold_loss":101},{"damage_healed":0,"gold_gain":0,"player_choice":"Max HP","damage_taken":0,"max_hp_gain":0,"max_hp_loss":3,"event_name":"Winding Halls","floor":45,"gold_loss":0}],"is_beta":false,"boss_relics":[{"not_picked":["Ring of the Serpent","Coffee Dripper"],"picked":"Cursed Key"},{"not_picked":["Velvet Choker","HoveringKite"],"picked":"Runic Dome"}],"items_purged_floors":[14,30,37],"is_endless":false,"potions_floor_spawned":[7,11,12,16,18,22,28,38,42,44,54],"ascension_level":5}}