{"host":"7pe9xwx78c6nlay8","time":1608575256,"event":{"mods":["BaseMod","Minty Spire (QoL Compilation)"],"gold_per_floor":[111,121,141,66,76,102,102,132,132,149,149,149],"floor_reached":11,"playtime":370,"items_purged":["Defend_P"],"score":171,"play_id":"82ff7c4c-e19c-4ad1-ab0f-36f38ae402c8","local_time":"20201222022736","is_ascension_mode":true,"campfire_choices":[],"circlet_count":0,"master_deck":["AscendersBane","Strike_P","Strike_P","Strike_P","Defend_P","Defend_P","Defend_P","Eruption","Vigilance","Nirvana","PathToVictory","PathToVictory","PathToVictory","TalkToTheHand","CutThroughFate"],"relics":["PureWater","NeowsBlessing","Singing Bowl","Art of War","Happy Flower"],"acts_visited":["Exordium"],"potions_floor_usage":[6,8,11],"damage_taken":[{"damage":0.0,"enemies":"2 Louse","floor":1.0,"turns":1.0},{"damage":0.0,"enemies":"Cultist","floor":2.0,"turns":1.0},{"damage":0.0,"enemies":"Jaw Worm","floor":3.0,"turns":1.0},{"damage":26.0,"enemies":"Large Slime","floor":5.0,"turns":7.0},{"damage":0,"enemies":"Lagavulin","floor":6,"turns":3},{"damage":31,"enemies":"3 Sentries","floor":8,"turns":10},{"damage":1,"enemies":"Blue Slaver","floor":10,"turns":4},{"damage":0,"enemies":"Gremlin Nob","floor":11,"turns":2}],"seed_played":"-2197929283868240204","potions_obtained":[{"floor":3.0,"key":"EssenceOfSteel"},{"floor":5.0,"key":"DistilledChaos"},{"floor":10,"key":"PowerPotion"}],"is_trial":false,"path_per_floor":["M","M","M","$","M","E","?","E","T","M","E"],"character_chosen":"WATCHER","items_purchased":[],"campfire_rested":0,"item_purchase_floors":[],"current_hp_per_floor":[65,65,65,65,39,39,39,8,8,9,9,9],"gold":149,"neow_bonus":"THREE_ENEMY_KILL","is_daily":false,"chose_seed":false,"campfire_upgraded":0,"win_rate":0.0,"timestamp":1608575256,"path_taken":["M","M","M","$","M","E","?","E","T","?","E"],"items_purchased_type":[],"build_version":"2020-12-13","purchased_purges":1,"victory":false,"max_hp_per_floor":[72,72,72,72,72,72,72,72,72,74,74,74],"card_choices":[{"not_picked":["FlurryOfBlows","Consecrate"],"picked":"Nirvana","floor":1.0},{"not_picked":["Meditate","Evaluate"],"picked":"PathToVictory","floor":2.0},{"not_picked":["WindmillStrike","Crescendo"],"picked":"PathToVictory","floor":3.0},{"not_picked":["ClearTheMind","BowlingBash"],"picked":"PathToVictory","floor":5.0},{"not_picked":["ForeignInfluence","WindmillStrike"],"picked":"TalkToTheHand","floor":6},{"not_picked":["InnerPeace","Adaptation"],"picked":"CutThroughFate","floor":8},{"not_picked":["CrushJoints","Protect","FollowUp"],"picked":"Singing Bowl","floor":10}],"player_experience":1554754,"relics_obtained":[{"floor":6,"key":"Singing Bowl"},{"floor":8,"key":"Art of War"},{"floor":9,"key":"Happy Flower"}],"event_choices":[{"cards_removed":["Strike_P"],"damage_healed":0,"gold_gain":0,"player_choice":"Offered Basic","damage_taken":0,"max_hp_gain":0,"max_hp_loss":0,"event_name":"Bonfire Elementals","floor":7,"gold_loss":0}],"is_beta":false,"boss_relics":[],"items_purged_floors":[4],"is_endless":false,"potions_floor_spawned":[3,5,10],"killed_by":"Gremlin Nob","ascension_level":11}}