{"host":"vd5put2n5b3t1prw","time":1608527491,"event":{"mods":["2.2 Compatiblity","AchievementEnabler","BaseMod","Better Altar","Better Match","Better Note","Better Sensory Stone","Better Silent Start","Better Skull","Better Third Choice","Better Vampires","Better-Laid Plans","BetterRewards","Block Reminder","Card Forge","Colored Map","Custom Start","Downfall","Emptier Cage","Marked Mod","Minty Spire (QoL Compilation)","Quick Restart","Random Character Button","Relic Stats","Reorder Act Four","Spicy Shops","StSLib","Transform Curses","Waifu the Spire"],"gold_per_floor":[113,113,113,126,142,172,185,185,185,216,23,0,0,10,10,107,107,125,145,145,269,269,269,299,299,299,309,95,115,128,8,8,103,153,164,89,24,24,0,5,33,52,52,83,96,123,140,152,152,152,152,4,4,33,33],"floor_reached":56,"playtime":5982,"items_purged":["Guardian:Strike_Guardian","Guardian:Strike_Guardian+1","Guardian:Strike_Guardian+1","Guardian:Defend_Guardian+1"],"score":2017,"play_id":"c0659a2c-567f-4c9f-a47a-e7aa50d2453a","local_time":"20201220231131","is_ascension_mode":true,"campfire_choices":[{"data":"Guardian:StasisField","floor":8,"key":"SMITH"},{"data":"Enlightenment","floor":13,"key":"SMITH"},{"data":"Guardian:TemporalShield","floor":15,"key":"SMITH"},{"data":"Guardian:FierceBash","floor":23,"key":"SMITH"},{"data":"Guardian:TemporalShield","floor":25,"key":"SMITH"},{"floor":32,"key":"RECALL"}],"circlet_count":0,"master_deck":["Guardian:Defend_Guardian+1","Guardian:TwinSlam+1","Guardian:SpikerProtocol+1","Guardian:RollAttack+1","Guardian:EvasiveProtocol+1","Guardian:GemFinder+1","Guardian:StasisField+1","Guardian:StasisField+1","Guardian:EvasiveProtocol+1","hexamod:SixthSeal","Guardian:EvasiveProtocol+1","Guardian:TimeSifter+1","Guardian:FierceBash+1","Guardian:Gem_Cyan","Guardian:StasisEngine+1","Enlightenment+1","Guardian:TemporalShield+1","Guardian:FierceBash+1","Guardian:Gem_Cyan","Guardian:TemporalShield+1","Guardian:StasisEngine+1","Guardian:BronzeOrb+1","Guardian:Incinerate+1","Guardian:DecasProtection+1","Guardian:Incinerate+1","Guardian:Gem_Orange","Guardian:BronzeArmor+1","Guardian:TimeBomb+1","Flash of Steel+1","Guardian:Repulse+1","Guardian:TimeCapacitor+1","Guardian:RollAttack+1","Guardian:TimeSifter+1","Doubt","Flash of Steel+1","Guardian:SentryBeam+1"],"relics":["Guardian:ModeShifterPlus","Hammer of Thor","Seething Fire","Anvil of the Gods","OrangePellets","Orrery","Guardian:BottledStasis","The Courier","Question Card","Lizard Tail","TungstenRod","Mummified Hand","Coffee Dripper","DollysMirror","Akabeko","CaptainsWheel","Molten Egg 2","Kunai","Vajra","Pantograph","StrikeDummy","Bronze Scales","Tiny House","Red Mask","HornCleat","Bottled Tornado","Letter Opener","Mercury Hourglass","Shuriken","Bag of Marbles"],"acts_visited":["Exordium","TheCity","TheBeyond","TheEnding"],"potions_floor_usage":[42,55],"damage_taken":[{"damage":0.0,"enemies":"Jaw Worm","floor":1.0,"turns":2.0},{"damage":0.0,"enemies":"Cultist","floor":4.0,"turns":4.0},{"damage":0.0,"enemies":"2 Louse","floor":5.0,"turns":4.0},{"damage":1,"enemies":"Gremlin Nob","floor":6,"turns":5},{"damage":1,"enemies":"Exordium Wildlife","floor":7,"turns":3},{"damage":3,"enemies":"3 Sentries","floor":10,"turns":6},{"damage":0,"enemies":"Blue Slaver","floor":14,"turns":2},{"damage":0,"enemies":"Hexaghost","floor":16,"turns":4},{"damage":0,"enemies":"Shell Parasite","floor":18,"turns":2},{"damage":1,"enemies":"Chosen","floor":19,"turns":2},{"damage":6,"enemies":"Slavers","floor":24,"turns":2},{"damage":0,"enemies":"Centurion and Healer","floor":27,"turns":2},{"damage":0,"enemies":"Snecko","floor":29,"turns":2},{"damage":6,"enemies":"Snake Plant","floor":30,"turns":2},{"damage":0,"enemies":"Collector","floor":33,"turns":2},{"damage":9,"enemies":"3 Darklings","floor":35,"turns":2},{"damage":0,"enemies":"Nemesis","floor":41,"turns":3},{"damage":0,"enemies":"3 Shapes","floor":42,"turns":1},{"damage":0,"enemies":"Giant Head","floor":44,"turns":2},{"damage":0,"enemies":"Sphere and 2 Shapes","floor":45,"turns":1},{"damage":0,"enemies":"Nemesis","floor":46,"turns":3},{"damage":0,"enemies":"Transient","floor":47,"turns":4},{"damage":0,"enemies":"3 Darklings","floor":48,"turns":1},{"damage":0,"enemies":"Awakened One","floor":50,"turns":3},{"damage":0,"enemies":"Shield and Spear","floor":54,"turns":2},{"damage":0,"enemies":"The Heart","floor":55,"turns":3}],"seed_played":"8048321511444794392","potions_obtained":[{"floor":5.0,"key":"Guardian:StasisDiscoveryPotion"},{"floor":7,"key":"Energy Potion"},{"floor":19,"key":"Energy Potion"},{"floor":27,"key":"AttackPotion"},{"floor":30,"key":"FearPotion"},{"floor":34,"key":"Guardian:BlockOnCardUsePotion"},{"floor":42,"key":"DistilledChaos"}],"is_trial":false,"path_per_floor":["M","?","?","M","M","E","M","R","T","E","$","?","R","M","R","B",null,"M","M","?","$","?","R","E","R","T","M","$","M","M","$","R","B",null,"M","?","$","?","?","$","E","M","T","E","M","E","M","M","R","B",null,"$","R","E","B",null],"character_chosen":"GUARDIAN","items_purchased":["Guardian:SpikerProtocol","Guardian:Gem_Yellow","OrangePellets","Guardian:Gem_Fragmented","Orrery","Guardian:Gem_Fragmented","Guardian:BottledStasis","Mummified Hand","Guardian:TemporalShield","DollysMirror","Akabeko","CaptainsWheel","Molten Egg 2","Kunai","Vajra","Guardian:BronzeOrb+1","Bronze Scales","Guardian:Repulse","Guardian:TimeCapacitor","Guardian:RollAttack+1","Shuriken","Flash of Steel+1"],"campfire_rested":0,"item_purchase_floors":[0,0,0,0,0,0,0,11,21,21,21,21,21,21,21,21,28,37,40,40,52,52],"current_hp_per_floor":[80,80,80,80,80,79,78,78,78,75,75,81,81,81,81,81,86,86,85,85,85,85,85,79,79,79,79,79,79,73,73,73,86,91,82,82,82,82,82,82,82,82,82,82,82,82,82,82,82,86,86,86,86,86,86],"gold":33,"neow_bonus":"","is_daily":false,"chose_seed":false,"campfire_upgraded":5,"win_rate":0.0,"timestamp":1608527491,"path_taken":["M","?","?","M","M","E","?","R","T","E","$","?","R","M","R","BOSS","M","M","?","$","?","R","E","R","T","M","?","M","M","$","R","BOSS","M","?","$","?","?","?","E","M","T","E","M","E","M","?","R","BOSS","$","R","E","BOSS"],"items_purchased_type":["Card","Card","Relic","Card","Relic","Card","Relic","Relic","Card","Relic","Relic","Relic","Relic","Relic","Relic","Card","Relic","Card","Card","Card","Relic","Card"],"build_version":"2020-12-13","purchased_purges":4,"victory":true,"max_hp_per_floor":[80,80,80,80,80,80,80,80,80,80,80,86,86,86,86,86,86,86,86,86,86,86,86,86,86,86,86,86,86,86,86,86,86,91,91,91,91,86,86,86,86,86,86,86,86,86,86,86,86,86,86,86,86,86,86],"relic_stats":{"counters":[80,286],"Letter Opener":[275],"Question Card":38,"Mercury Hourglass":[221],"OrangePellets":[6],"Lizard Tail":0,"Mummified Hand":[233],"Shuriken":[27],"Pantograph":17,"Bronze Scales":[49],"Kunai":[89],"obtain_stats":[{"Ice Cream":36,"Tiny House":34,"Vajra":35,"downfall:HeartBlessingGreen":18,"Guardian:SackOfGems":0,"Hammer of Thor":0,"Whetstone":39,"Bottled Tornado":43,"Boot":47,"Guardian:PickAxe":6,"Sozu":17,"Blood Vial":24,"Lizard Tail":9,"HornCleat":25,"DollysMirror":21,"MealTicket":20,"HandDrill":4,"Kunai":21,"Toxic Egg 2":4,"Guardian:BottledStasis":0,"Pear":41,"Blue Candle":31,"Guardian:ModeShifter":0,"Oddly Smooth Stone":4,"Pen Nib":30,"Letter Opener":47,"Question Card":7,"Akabeko":21,"Du-Vu Doll":34,"OrangePellets":0,"Anvil of the Gods":0,"Shuriken":52,"Bird Faced Urn":42,"Bronze Scales":28,"Molten Egg 2":21,"Nloth\u0027s Gift":21,"StrikeDummy":24,"Lantern":8,"Guardian:StasisSlotReductionRelic":34,"Guardian:ModeShifterPlus":17,"Singing Bowl":24,"Incense Burner":4,"PrismaticShard":47,"Ancient Tea Set":22,"Dream Catcher":43,"Shovel":0,"downfall:HeartBlessingBlue":23,"Mummified Hand":40,"Pantograph":22,"Tiny Chest":9,"Red Mask":39,"Potion Belt":10,"downfall:HeartBlessingRed":23,"PreservedInsect":5,"The Courier":0,"Seething Fire":0,"MawBank":43,"Mercury Hourglass":34,"Peace Pipe":27,"Calling Bell":34,"CaptainsWheel":21,"Ornamental Fan":54,"Orrery":0,"Turnip":23,"Art of War":38,"Bag of Marbles":34,"Coffee Dripper":17,"Membership Card":0,"TungstenRod":39},{"Ice Cream":20,"Tiny House":69,"Vajra":19,"downfall:HeartBlessingGreen":10,"Guardian:SackOfGems":30,"Hammer of Thor":0,"Whetstone":49,"Bottled Tornado":72,"Boot":50,"Guardian:PickAxe":4,"Sozu":39,"Blood Vial":42,"Lizard Tail":59,"HornCleat":12,"DollysMirror":64,"MealTicket":40,"HandDrill":32,"Kunai":64,"Toxic Egg 2":32,"Guardian:BottledStasis":30,"Pear":23,"Blue Candle":17,"Guardian:ModeShifter":0,"Oddly Smooth Stone":32,"Pen Nib":17,"Letter Opener":27,"Question Card":4,"Akabeko":64,"Du-Vu Doll":46,"OrangePellets":54,"Anvil of the Gods":0,"Shuriken":78,"Bird Faced Urn":23,"Bronze Scales":66,"Molten Egg 2":64,"Nloth\u0027s Gift":10,"StrikeDummy":65,"Lantern":5,"Guardian:StasisSlotReductionRelic":19,"Guardian:ModeShifterPlus":10,"Singing Bowl":11,"Incense Burner":32,"PrismaticShard":27,"Ancient Tea Set":41,"Dream Catcher":49,"Shovel":0,"downfall:HeartBlessingBlue":11,"Mummified Hand":23,"Pantograph":64,"Tiny Chest":5,"Red Mask":70,"Potion Belt":6,"downfall:HeartBlessingRed":11,"PreservedInsect":4,"The Courier":54,"Seething Fire":0,"MawBank":24,"Mercury Hourglass":46,"Peace Pipe":14,"Calling Bell":46,"CaptainsWheel":64,"Ornamental Fan":53,"Orrery":54,"Turnip":11,"Art of War":22,"Bag of Marbles":46,"Coffee Dripper":62,"Membership Card":30,"TungstenRod":49},{"Ice Cream":64,"Tiny House":261,"Vajra":61,"downfall:HeartBlessingGreen":37,"Guardian:SackOfGems":86,"Hammer of Thor":0,"Whetstone":179,"Bottled Tornado":267,"Boot":184,"Guardian:PickAxe":20,"Sozu":129,"Blood Vial":143,"Lizard Tail":235,"HornCleat":41,"DollysMirror":251,"MealTicket":134,"HandDrill":96,"Kunai":251,"Toxic Egg 2":96,"Guardian:BottledStasis":86,"Pear":69,"Blue Candle":56,"Guardian:ModeShifter":0,"Oddly Smooth Stone":96,"Pen Nib":56,"Letter Opener":79,"Question Card":20,"Akabeko":251,"Du-Vu Doll":164,"OrangePellets":217,"Anvil of the Gods":0,"Shuriken":281,"Bird Faced Urn":69,"Bronze Scales":255,"Molten Egg 2":251,"Nloth\u0027s Gift":37,"StrikeDummy":253,"Lantern":25,"Guardian:StasisSlotReductionRelic":61,"Guardian:ModeShifterPlus":37,"Singing Bowl":40,"Incense Burner":96,"PrismaticShard":79,"Ancient Tea Set":138,"Dream Catcher":179,"Shovel":0,"downfall:HeartBlessingBlue":40,"Mummified Hand":69,"Pantograph":251,"Tiny Chest":25,"Red Mask":263,"Potion Belt":28,"downfall:HeartBlessingRed":40,"PreservedInsect":20,"The Courier":217,"Seething Fire":0,"MawBank":72,"Mercury Hourglass":164,"Peace Pipe":47,"Calling Bell":164,"CaptainsWheel":251,"Ornamental Fan":206,"Orrery":217,"Turnip":40,"Art of War":66,"Bag of Marbles":164,"Coffee Dripper":247,"Membership Card":86,"TungstenRod":179}],"TungstenRod":22},"card_choices":[{"not_picked":["Guardian:Gem_Cyan","Guardian:PrimingBeam"],"picked":"Guardian:Gem_White","floor":0.0},{"not_picked":["Guardian:Gem_Red","Guardian:Reroute"],"picked":"Guardian:RollAttack","floor":0.0},{"not_picked":["Guardian:Planning","Guardian:WalkerClaw"],"picked":"Guardian:EvasiveProtocol","floor":0.0},{"not_picked":["Guardian:Planning","Guardian:Gem_Lightblue"],"picked":"Guardian:EvasiveProtocol","floor":1.0},{"not_picked":["Guardian:ChargeCore","Guardian:ShieldCharger"],"picked":"Guardian:EvasiveProtocol","floor":4.0},{"not_picked":["Guardian:Harden","Guardian:PolyBeam"],"picked":"Guardian:TimeSifter","floor":5.0},{"not_picked":["Guardian:Gem_Lightblue","Guardian:Gem_Green"],"picked":"Guardian:Gem_Purple","floor":6},{"not_picked":["Guardian:PrimingBeam","Guardian:ChargeCore","Guardian:Recover"],"picked":"Guardian:FierceBash","floor":7},{"not_picked":["Guardian:Gem_Green","Guardian:Gem_Lightblue"],"picked":"Guardian:Gem_Cyan","floor":10},{"not_picked":["Guardian:PrismaticBeam","Guardian:BaubleBeam","Guardian:ShieldCharger"],"picked":"Guardian:StasisEngine","floor":10},{"not_picked":["Guardian:DonusPower","Guardian:RefractedBeam","Guardian:Gem_Red"],"picked":"Guardian:TemporalShield","floor":14},{"not_picked":["Guardian:HyperBeam_Guardian","Guardian:GemFire","Guardian:CompilePackage"],"picked":"Guardian:FierceBash","floor":16},{"not_picked":["Guardian:Gem_Lightblue","Guardian:Gem_Red"],"picked":"Guardian:Gem_Cyan","floor":18},{"not_picked":["Guardian:WalkerClaw","Guardian:DecasProtection","Guardian:Suspension","Guardian:Reroute"],"picked":"SKIP","floor":18},{"not_picked":["Guardian:Reroute+1","Guardian:MultiBeam","Guardian:CrystalBeam"],"picked":"Guardian:Gem_White","floor":19},{"not_picked":["Guardian:Gem_Lightblue","Guardian:Gem_Green"],"picked":"Guardian:Gem_Cyan","floor":24},{"not_picked":["Guardian:CrystalBeam+1","Guardian:Gem_Green","Guardian:Gem_Purple"],"picked":"Guardian:Incinerate+1","floor":24},{"not_picked":["Guardian:TemporalShield","Guardian:Orbwalk","Guardian:DonusPower","Guardian:TemporalStrike+1"],"picked":"SKIP","floor":27},{"not_picked":["Guardian:Gem_Lightblue","Guardian:Gem_Red"],"picked":"Guardian:Gem_Cyan","floor":29},{"not_picked":["Guardian:EvasiveProtocol","Guardian:PolyBeam+1","Guardian:ExploitGems"],"picked":"Guardian:DecasProtection+1","floor":29},{"not_picked":["Guardian:TemporalStrike+1","Guardian:Gem_Lightblue","Guardian:WalkerClaw+1"],"picked":"Guardian:Incinerate+1","floor":30},{"not_picked":["Guardian:GatlingBeam+1","Guardian:FierceBash+1","Guardian:GemFinder"],"picked":"Guardian:Gem_Orange","floor":33},{"not_picked":["Guardian:Gem_Green","Guardian:ChargeCore+1","Guardian:ShieldCharger"],"picked":"Guardian:BronzeArmor+1","floor":34},{"not_picked":["Guardian:WalkerClaw+1","Guardian:Gem_Green","Guardian:Emergency+1"],"picked":"Guardian:TimeBomb+1","floor":35},{"not_picked":["Forethought+1","Impatience+1","expansioncontent:LastStand+1"],"picked":"Flash of Steel+1","floor":36},{"not_picked":["Guardian:Gem_Lightblue","Guardian:FuturePlans","Guardian:VentSteam+1","Guardian:RollAttack+1"],"picked":"SKIP","floor":41},{"not_picked":["Guardian:PrimingBeam+1","Guardian:WalkerClaw+1","Guardian:Gem_Green","Guardian:Gem_Red"],"picked":"SKIP","floor":42},{"not_picked":["Guardian:GuardianWhirl+1","Guardian:Gem_Lightblue","Guardian:RefractedBeam+1","Guardian:Gem_Blue"],"picked":"SKIP","floor":44},{"not_picked":["Guardian:Incinerate+1","Guardian:TemporalStrike+1","Guardian:PrismaticBeam+1","Guardian:Gem_Blue"],"picked":"SKIP","floor":45},{"not_picked":["Guardian:Suspension","Guardian:ChargeCore+1","Guardian:Gem_White"],"picked":"Guardian:TimeSifter","floor":46},{"not_picked":["Guardian:Gem_Purple","Guardian:Gem_Red","Guardian:TemporalShield","Guardian:Gem_Green"],"picked":"SKIP","floor":47},{"not_picked":["Guardian:VentSteam+1","Guardian:DecasProtection+1","Guardian:ShieldCharger","Guardian:Gem_Purple"],"picked":"SKIP","floor":48},{"not_picked":["Guardian:VentSteam+1","Guardian:TimeCapacitor","Guardian:DonusPower"],"picked":"Guardian:SentryBeam+1","floor":54}],"player_experience":302003,"relics_obtained":[{"floor":6,"key":"Question Card"},{"floor":9,"key":"Lizard Tail"},{"floor":10,"key":"TungstenRod"},{"floor":24,"key":"StrikeDummy"},{"floor":41,"key":"HornCleat"},{"floor":43,"key":"Bottled Tornado"},{"floor":44,"key":"Letter Opener"},{"floor":46,"key":"Mercury Hourglass"},{"floor":54,"key":"Bag of Marbles"}],"event_choices":[{"cards_removed":["Guardian:Strike_Guardian"],"damage_healed":0.0,"max_hp_gain":0.0,"max_hp_loss":0.0,"gold_gain":0.0,"event_name":"Bonfire Elementals","player_choice":"Offered Basic","floor":3.0,"gold_loss":0.0,"damage_taken":0.0},{"damage_healed":0,"gold_gain":0,"player_choice":"RENOUNCE","damage_taken":23,"max_hp_gain":0,"max_hp_loss":0,"event_name":"betterThird:BetterSerpent","floor":12,"gold_loss":23,"cards_obtained":["Enlightenment"]},{"cards_removed":["Guardian:StasisEngine"],"damage_healed":0,"gold_gain":0,"player_choice":"Give","damage_taken":0,"max_hp_gain":0,"max_hp_loss":0,"event_name":"betterNote:BetterNote","floor":20,"gold_loss":0,"cards_obtained":["Sadistic Nature"]},{"damage_healed":0,"gold_gain":0,"player_choice":"Opened","damage_taken":0,"relics_obtained":["Pantograph"],"max_hp_gain":0,"max_hp_loss":0,"event_name":"The Mausoleum","floor":22,"gold_loss":0},{"damage_healed":0,"gold_gain":0,"player_choice":"2","damage_taken":0,"max_hp_gain":0,"max_hp_loss":0,"event_name":"betterMatch:BetterMatch","floor":36,"gold_loss":0,"cards_obtained":["betterMatch:ColorlessUncommonCard"]},{"damage_healed":0,"gold_gain":0,"player_choice":"Max HP","damage_taken":0,"max_hp_gain":0,"max_hp_loss":5,"event_name":"Winding Halls","floor":38,"gold_loss":0},{"damage_healed":0,"gold_gain":0,"player_choice":"Paid","damage_taken":0,"relics_obtained":["Red Mask"],"max_hp_gain":0,"max_hp_loss":0,"event_name":"Tomb of Lord Red Mask","floor":39,"gold_loss":24}],"is_beta":false,"boss_relics":[{"not_picked":["Philosopher\u0027s Stone","Busted Crown"],"picked":"Coffee Dripper"},{"not_picked":["Sozu","SacredBark"],"picked":"Tiny House"}],"items_purged_floors":[0,21,28,31],"is_endless":false,"potions_floor_spawned":[5,7,19,27,29,30,35,42,45],"ascension_level":2}}