{"host":"l1ihaotq1cxp1b6b","time":1608559729,"event":{"mods":["AchievementEnabler","BaseMod","Colored Map","Custom Start","DeckTracker","Minty Spire (QoL Compilation)","StSLib","SuperFastMode","everything is the same but u backflip on backflip"],"gold_per_floor":[115,115,128,128,141,141,155,181,181,197,197,224,224,234,234,337,337,350,350,369,383,397,429,68,68,68,68,88,88,104,104,104,199,199,219,51,51,51,64,89,89,106,178,178,198,216,235,261,261,261,261,261,47,72,72,72],"floor_reached":55,"playtime":1938,"items_purged":["Strike_B","Streamline","Zap"],"score":811,"play_id":"2e8f6126-1fee-478e-bcf6-32af4970350d","local_time":"20201221230849","is_ascension_mode":false,"campfire_choices":[{"data":"Redo","floor":6.0,"key":"SMITH"},{"data":"Consume","floor":11.0,"key":"SMITH"},{"floor":15.0,"key":"REST"},{"data":"Chaos","floor":25.0,"key":"SMITH"},{"data":"Chaos","floor":27.0,"key":"SMITH"},{"data":"Creative AI","floor":29.0,"key":"SMITH"},{"data":"Multi-Cast","floor":32.0,"key":"SMITH"},{"data":"Echo Form","floor":41.0,"key":"SMITH"},{"data":"Capacitor","floor":44.0,"key":"SMITH"},{"floor":49.0,"key":"RECALL"},{"data":"Heatsinks","floor":52,"key":"SMITH"}],"circlet_count":0,"master_deck":["Defend_B","Defend_B","Defend_B","Dualcast","Coolheaded","Consume+1","Redo+1","Hologram","Compile Driver","Sweeping Beam","Chaos+1","Skim","Creative AI+1","Self Repair+1","Doom and Gloom","Chaos+1","Loop+1","Rebound+1","Chill","Heatsinks+1","Turbo","Multi-Cast+1","Echo Form+1","Capacitor+1","Madness","Madness","Capacitor+1","Leap+1","Turbo+1","Biased Cognition","Panacea"],"relics":["Cracked Core","Happy Flower","Centennial Puzzle","Eternal Feather","Cables","White Beast Statue","Nuclear Battery","Bottled Flame","Mummified Hand","Dead Branch","Empty Cage","Sundial","Bronze Scales","Mango"],"acts_visited":["Exordium","TheCity","TheBeyond","TheEnding"],"potions_floor_usage":[50,55],"damage_taken":[{"damage":1.0,"enemies":"2 Louse","floor":1.0,"turns":2.0},{"damage":0.0,"enemies":"Small Slimes","floor":3.0,"turns":3.0},{"damage":1.0,"enemies":"Jaw Worm","floor":5.0,"turns":3.0},{"damage":0.0,"enemies":"2 Fungi Beasts","floor":7.0,"turns":2.0},{"damage":31.0,"enemies":"Gremlin Nob","floor":8.0,"turns":4.0},{"damage":1.0,"enemies":"3 Louse","floor":10.0,"turns":2.0},{"damage":23.0,"enemies":"3 Sentries","floor":12.0,"turns":5.0},{"damage":10.0,"enemies":"Exordium Wildlife","floor":14.0,"turns":3.0},{"damage":0.0,"enemies":"The Guardian","floor":16.0,"turns":10.0},{"damage":10.0,"enemies":"3 Byrds","floor":18.0,"turns":2.0},{"damage":15.0,"enemies":"Shell Parasite","floor":20.0,"turns":7.0},{"damage":15.0,"enemies":"Shelled Parasite and Fungi","floor":21.0,"turns":6.0},{"damage":20.0,"enemies":"Centurion and Healer","floor":22.0,"turns":10.0},{"damage":31.0,"enemies":"Book of Stabbing","floor":23.0,"turns":8.0},{"damage":21.0,"enemies":"Snake Plant","floor":28.0,"turns":4.0},{"damage":7.0,"enemies":"Snecko","floor":30.0,"turns":4.0},{"damage":13.0,"enemies":"Collector","floor":33.0,"turns":4.0},{"damage":22.0,"enemies":"3 Darklings","floor":35.0,"turns":5.0},{"damage":5.0,"enemies":"3 Shapes","floor":39.0,"turns":3.0},{"damage":4.0,"enemies":"Nemesis","floor":40.0,"turns":5.0},{"damage":11.0,"enemies":"Spire Growth","floor":42.0,"turns":4.0},{"damage":30.0,"enemies":"4 Shapes","floor":45.0,"turns":3.0},{"damage":2.0,"enemies":"Sphere and 2 Shapes","floor":46.0,"turns":6.0},{"damage":22.0,"enemies":"Writhing Mass","floor":47.0,"turns":4.0},{"damage":27.0,"enemies":"Giant Head","floor":48.0,"turns":6.0},{"damage":15,"enemies":"Time Eater","floor":50,"turns":15},{"damage":40,"enemies":"Shield and Spear","floor":54,"turns":5},{"damage":107,"enemies":"The Heart","floor":55,"turns":5}],"seed_played":"-8516289837574704452","potions_obtained":[{"floor":5.0,"key":"EssenceOfSteel"},{"floor":7.0,"key":"LiquidMemories"},{"floor":14.0,"key":"DistilledChaos"},{"floor":16.0,"key":"Regen Potion"},{"floor":18.0,"key":"GamblersBrew"},{"floor":20.0,"key":"Fire Potion"},{"floor":21.0,"key":"Energy Potion"},{"floor":22.0,"key":"EssenceOfSteel"},{"floor":23.0,"key":"DistilledChaos"},{"floor":28.0,"key":"Energy Potion"},{"floor":30.0,"key":"PowerPotion"},{"floor":33.0,"key":"FairyPotion"},{"floor":35.0,"key":"Ancient Potion"},{"floor":39.0,"key":"EntropicBrew"},{"floor":40.0,"key":"Ancient Potion"},{"floor":42.0,"key":"GamblersBrew"},{"floor":54,"key":"SpeedPotion"}],"is_trial":false,"path_per_floor":["M","?","M","?","M","R","M","E","T","M","R","E","T","M","R","B",null,"M","?","M","M","M","E","$","R","T","R","M","R","M","?","R","B",null,"M","$","?","$","M","E","R","M","T","R","M","M","M","E","R","B",null,"R","$","E","B"],"character_chosen":"DEFECT","items_purchased":["Heatsinks","Mummified Hand","Capacitor","Panacea"],"campfire_rested":1,"item_purchase_floors":[24,24,36,53],"current_hp_per_floor":[74,67,67,67,66,66,66,35,35,34,43,20,20,10,41,41,75,65,65,60,55,45,24,24,36,36,48,37,52,55,55,70,67,75,63,63,54,54,49,69,75,74,74,75,55,73,61,44,62,57,75,75,75,59,0,0],"gold":72,"neow_bonus":"RANDOM_COMMON_RELIC","is_daily":false,"chose_seed":false,"campfire_upgraded":9,"win_rate":0.0,"timestamp":1608559729,"path_taken":["M","?","M","?","M","R","M","E","T","M","R","E","?","M","R","BOSS","M","?","M","M","M","E","$","R","T","R","M","R","M","?","R","BOSS","M","$","?","$","M","E","R","M","T","R","M","M","M","E","R","BOSS","R","$","E","BOSS"],"items_purchased_type":["Card","Relic","Card","Card"],"build_version":"2020-12-13","purchased_purges":3,"victory":false,"max_hp_per_floor":[75,75,75,75,75,75,75,75,75,75,75,75,75,75,75,75,75,75,75,75,75,75,75,75,75,75,75,75,75,75,75,75,75,75,75,75,75,75,75,75,75,75,75,75,75,75,75,75,75,75,75,75,75,89,89,89],"card_choices":[{"not_picked":["Sweeping Beam","Blizzard"],"picked":"Coolheaded","floor":1.0},{"not_picked":["Blizzard","Rebound"],"picked":"Consume","floor":3.0},{"not_picked":["Cold Snap","Steam"],"picked":"Redo","floor":5.0},{"not_picked":["Chill","Stack"],"picked":"Hologram","floor":7.0},{"not_picked":["Streamline","Machine Learning"],"picked":"Compile Driver","floor":8.0},{"not_picked":["Redo","BootSequence"],"picked":"Sweeping Beam","floor":10.0},{"not_picked":["Compile Driver","Steam"],"picked":"Chaos","floor":12.0},{"not_picked":["Chill","Conserve Battery"],"picked":"Skim","floor":14.0},{"not_picked":["Reboot","Hyperbeam"],"picked":"Creative AI","floor":16.0},{"not_picked":["Rebound","Go for the Eyes"],"picked":"Self Repair+1","floor":18.0},{"not_picked":["Sweeping Beam","Cold Snap"],"picked":"Chaos","floor":20.0},{"not_picked":["Gash+1","Stack"],"picked":"Loop+1","floor":21.0},{"not_picked":["Cold Snap+1","Fusion"],"picked":"Rebound+1","floor":22.0},{"not_picked":["Stack","Barrage"],"picked":"Chill","floor":23.0},{"not_picked":["Reinforced Body+1","Darkness+1"],"picked":"Turbo","floor":28.0},{"not_picked":["Steam Power","Leap"],"picked":"Multi-Cast","floor":30.0},{"not_picked":["Thunder Strike","Creative AI"],"picked":"Echo Form","floor":33.0},{"not_picked":["Go for the Eyes","Beam Cell","Steam+1"],"picked":"SKIP","floor":35.0},{"not_picked":["Rebound","Chaos+1"],"picked":"Capacitor+1","floor":39.0},{"not_picked":["Thunder Strike","Redo","Ball Lightning"],"picked":"SKIP","floor":40.0},{"not_picked":["Streamline+1","Steam"],"picked":"Leap+1","floor":42.0},{"not_picked":["All For One","Auto Shields","Go for the Eyes"],"picked":"SKIP","floor":45.0},{"not_picked":["Darkness","Loop","Turbo"],"picked":"SKIP","floor":46.0},{"not_picked":["Consume","Cold Snap"],"picked":"Turbo+1","floor":47.0},{"not_picked":["Cold Snap","Rebound+1"],"picked":"Biased Cognition","floor":48.0},{"not_picked":["Leap","Hello World","Glacier"],"picked":"SKIP","floor":54}],"player_experience":529055,"relics_obtained":[{"floor":8.0,"key":"Centennial Puzzle"},{"floor":9.0,"key":"Eternal Feather"},{"floor":12.0,"key":"Cables"},{"floor":13.0,"key":"White Beast Statue"},{"floor":23.0,"key":"Bottled Flame"},{"floor":26.0,"key":"Dead Branch"},{"floor":40.0,"key":"Sundial"},{"floor":48.0,"key":"Bronze Scales"},{"floor":54,"key":"Mango"}],"event_choices":[{"cards_removed":["Defend_B"],"damage_healed":0.0,"max_hp_gain":0.0,"max_hp_loss":0.0,"gold_gain":0.0,"event_name":"Golden Wing","player_choice":"Card Removal","floor":2.0,"gold_loss":0.0,"damage_taken":7.0},{"damage_healed":0.0,"max_hp_gain":0.0,"max_hp_loss":0.0,"gold_gain":0.0,"cards_transformed":["Strike_B"],"event_name":"Living Wall","player_choice":"Change","floor":4.0,"gold_loss":0.0,"damage_taken":0.0,"cards_obtained":["Streamline"]},{"damage_healed":0.0,"max_hp_gain":0.0,"max_hp_loss":0.0,"gold_gain":0.0,"event_name":"The Library","player_choice":"Read","floor":19.0,"gold_loss":0.0,"damage_taken":0.0,"cards_obtained":["Doom and Gloom"]},{"damage_healed":0.0,"max_hp_gain":0.0,"max_hp_loss":0.0,"gold_gain":0.0,"event_name":"Vampires","player_choice":"Ignored","floor":31.0,"gold_loss":0.0,"damage_taken":0.0},{"damage_healed":0.0,"max_hp_gain":0.0,"max_hp_loss":0.0,"gold_gain":0.0,"event_name":"Winding Halls","player_choice":"Embrace Madness","floor":37.0,"gold_loss":0.0,"damage_taken":9.0,"cards_obtained":["Madness","Madness"]}],"is_beta":false,"boss_relics":[{"not_picked":["Busted Crown","Sozu"],"picked":"Nuclear Battery"},{"not_picked":["Calling Bell","Coffee Dripper"],"picked":"Empty Cage"}],"items_purged_floors":[24,36,53],"is_endless":false,"potions_floor_spawned":[5,7,14,16,18,20,21,22,23,28,30,33,35,39,40,42,45,46,47,48,54],"killed_by":"The Heart","ascension_level":0}}