{"host":"nk3joubtnzg8efqy","time":1608587812,"event":{"mods":["BaseMod","Colored Map","Downfall","Googly Eyes","Highlight Path","Lobotomy","Minty Spire (QoL Compilation)","Replay The Spire","StSLib"],"gold_per_floor":[99,115,115,126,51,51,51,69,94,19,19,38,57,72,83,181,181,181,206,219,59,59,91,91,105,133,58,58,158,158,173,185,287,287,287,319,319,319,329,329,403,403,438,438,453,470,470,488,504,504],"floor_reached":51,"playtime":7783,"items_purged":[],"score":792,"play_id":"b92a969a-1b51-4e99-b136-f8e636dc8f64","local_time":"20201222055652","is_ascension_mode":false,"campfire_choices":[{"floor":1.0,"key":"RECALL"},{"data":"Slimebound:Split","floor":5.0,"key":"SMITH"},{"data":"Slimebound:Repurpose","floor":10.0,"key":"SMITH"},{"data":"Slimebound:Chomp","floor":22.0,"key":"SMITH"},{"data":"Slimebound:Chomp","floor":27.0,"key":"SMITH"},{"data":"Slimebound:CorrosiveSpit","floor":35.0,"key":"SMITH"},{"data":"Slimebound:MassFeed","floor":38.0,"key":"SMITH"},{"data":"Slimebound:HauntingLick","floor":42.0,"key":"SMITH"},{"data":"Slimebound:SlimeTap","floor":44.0,"key":"SMITH"}],"circlet_count":0,"master_deck":["Slimebound:Defend_Slimebound+1","Slimebound:Defend_Slimebound+1","Slimebound:Defend_Slimebound+1","Slimebound:Split+1","Slimebound:CorrosiveSpit+1","Slimebound:SplitLeeching","Slimebound:LeechEnergy","Slimebound:SlimeTap+1","Slimebound:Repurpose+1","Slimebound:OozeBath","Slimebound:HauntingLick+1","Slimebound:Chomp+1","Slimebound:Chomp+1","Slimebound:RallyTheTroops","Slimebound:SplitBruiser+1","Slimebound:RallyTheTroops+1","Slimebound:ForwardTackle","Slimebound:LevelUp+1","Slimebound:Nibble+1","Bite+1","Bite+1","Bite+1","Bite+1","Bite+1","RitualDagger+1","Slimebound:Gluttony+1","Slimebound:MassFeed+1","Slimebound:MegaLick+1","Slimebound:OozeBath","Slimebound:ForwardTackle+1","Slimebound:Split+1","Slimebound:FirmFortitude"],"relics":["Slimebound:AbsorbEndCombat","downfall:HeartBlessingRed","InkBottle","downfall:HeartBlessingBlue","Black Star","Torii","Ornamental Fan","Toolbox","Orichalcum","Quantum Egg","Bottled Flame","Ancient Tea Set","Meat on the Bone","downfall:HeartBlessingGreen","Du-Vu Doll","White Beast Statue","Replay:Bronze Core","Mango","Slimebound:MaxSlimesRelic","Replay:Bottled Eggs","Whetstone","Pet Ghost","Ring of Peace"],"acts_visited":["Exordium","TheCity","TheBeyond"],"potions_floor_usage":[],"damage_taken":[{"damage":7.0,"enemies":"Small Slimes","floor":2.0,"turns":3.0},{"damage":12.0,"enemies":"Cultist","floor":4.0,"turns":3.0},{"damage":23.0,"enemies":"Jaw Worm","floor":8.0,"turns":3.0},{"damage":35.0,"enemies":"3 Sentries","floor":9.0,"turns":8.0},{"damage":18.0,"enemies":"Large Slime","floor":12.0,"turns":5.0},{"damage":19.0,"enemies":"Exordium Wildlife","floor":13.0,"turns":3.0},{"damage":20.0,"enemies":"3 Louse","floor":14.0,"turns":3.0},{"damage":12.0,"enemies":"Large Slime","floor":15.0,"turns":3.0},{"damage":33.0,"enemies":"downfall:Watcher","floor":16.0,"turns":7.0},{"damage":53.0,"enemies":"Replay:Snechameleon","floor":19.0,"turns":8.0},{"damage":41.0,"enemies":"3 Byrds","floor":20.0,"turns":5.0},{"damage":15.0,"enemies":"downfall:FleeingMerchant","floor":21.0,"turns":4.0},{"damage":34.0,"enemies":"Gremlin Leader","floor":23.0,"turns":6.0},{"damage":8.0,"enemies":"Shell Parasite","floor":25.0,"turns":2.0},{"damage":30.0,"enemies":"Book of Stabbing","floor":26.0,"turns":3.0},{"damage":15.0,"enemies":"downfall:Ironclad","floor":29.0,"turns":4.0},{"damage":18.0,"enemies":"Chosen and Byrds","floor":31.0,"turns":3.0},{"damage":31.0,"enemies":"Snake Plant","floor":32.0,"turns":3.0},{"damage":35.0,"enemies":"downfall:Defect","floor":33.0,"turns":8.0},{"damage":43.0,"enemies":"Giant Head","floor":36.0,"turns":7.0},{"damage":12.0,"enemies":"3 Shapes","floor":39.0,"turns":2.0},{"damage":20.0,"enemies":"R_Hoarder","floor":43.0,"turns":5.0},{"damage":25.0,"enemies":"Orb Walker","floor":45.0,"turns":3.0},{"damage":38.0,"enemies":"Spire Growth","floor":46.0,"turns":4.0},{"damage":28,"enemies":"Maw","floor":48,"turns":5},{"damage":40,"enemies":"3 Darklings","floor":49,"turns":3},{"damage":37,"enemies":"downfall:Silent","floor":50,"turns":5}],"seed_played":"2353375042636406999","potions_obtained":[{"floor":4.0,"key":"Doom Potion"},{"floor":9.0,"key":"Swift Potion"},{"floor":14.0,"key":"Energy Potion"},{"floor":20.0,"key":"SkillPotion"},{"floor":23.0,"key":"Fire Potion"},{"floor":29.0,"key":"Explosive Potion"},{"floor":36.0,"key":"Elixir"},{"floor":39.0,"key":"SpeedPotion"},{"floor":43.0,"key":"Ancient Potion"},{"floor":45.0,"key":"FearPotion"},{"floor":48,"key":"Adrenaline Potion"}],"is_trial":false,"path_per_floor":["R","M","?","M","R","?","T","M","E","R","?","M","M","M","M","B",null,"R_BF","E","M","$","R","E","T","M","E","R","?","?","?","M","M","B",null,"R","E","?","R","M","?","T","R","E","R","M","M","?","M","M","B",null],"character_chosen":"SLIMEBOUND","items_purchased":["Toolbox"],"campfire_rested":0,"item_purchase_floors":[21],"current_hp_per_floor":[66,66,71,67,67,67,67,64,49,59,59,77,81,81,81,80,81,81,54,33,42,42,60,60,64,70,70,56,56,50,56,43,56,56,56,55,55,55,78,78,78,78,78,78,78,78,78,82,71,82],"gold":504,"neow_bonus":"TEN_PERCENT_HP_BONUS","is_daily":false,"chose_seed":false,"campfire_upgraded":8,"win_rate":0.0,"timestamp":1608587812,"path_taken":["R","M","?","M","R","?","T","M","E","R","?","M","M","?","M","BOSS","R_BF","E","M","$","R","E","T","M","E","R","?","?","?","M","M","BOSS","R","E","?","R","M","?","T","R","E","R","M","?","?","M","M","BOSS"],"items_purchased_type":["Relic"],"build_version":"2020-12-13","purchased_purges":0,"victory":true,"max_hp_per_floor":[66,66,71,71,71,71,71,71,71,81,81,81,81,81,81,81,81,81,81,81,81,81,81,81,81,81,81,56,56,56,56,56,56,56,56,70,70,70,78,78,78,78,78,78,78,78,78,82,82,82],"card_choices":[{"not_picked":["Slimebound:Schlurp","Slimebound:FinishingTackle"],"picked":"Slimebound:SplitLeeching","floor":2.0},{"not_picked":["Slimebound:ViciousTackle","Slimebound:ComboTackle"],"picked":"Slimebound:LeechEnergy","floor":4.0},{"not_picked":["Slimebound:LeechEnergy","Slimebound:FormOfPuddle"],"picked":"Slimebound:SlimeTap","floor":8.0},{"not_picked":["Slimebound:SplitAcid","Slimebound:SlimeBarrage"],"picked":"Slimebound:Repurpose","floor":9.0},{"not_picked":["Slimebound:SlimeTap","Slimebound:SamplingLick"],"picked":"Slimebound:HauntingLick","floor":12.0},{"not_picked":["Slimebound:PressTheAttack","Slimebound:SplitBruiser","Slimebound:ForwardTackle"],"picked":"SKIP","floor":13.0},{"not_picked":["Slimebound:Replication","Slimebound:SplitLeeching"],"picked":"Slimebound:Chomp","floor":14.0},{"not_picked":["Slimebound:Equalize","Slimebound:LeechingTouch"],"picked":"Slimebound:Chomp","floor":15.0},{"not_picked":["Slimebound:MinionMaster","Slimebound:SelfFormingGoo"],"picked":"Slimebound:RallyTheTroops","floor":16.0},{"not_picked":["Slimebound:SlimeSpikes","Slimebound:AcidTongue"],"picked":"Slimebound:SplitBruiser+1","floor":19.0},{"not_picked":["Slimebound:FormOfPuddle","Slimebound:GoopSpray","Slimebound:FinishingTackle"],"picked":"SKIP","floor":20.0},{"not_picked":["Slimebound:SplitLeeching+1","Slimebound:LeechEnergy"],"picked":"Slimebound:RallyTheTroops","floor":21.0},{"not_picked":["Slimebound:GoopSpray","Slimebound:Schlurp"],"picked":"Slimebound:ForwardTackle","floor":23.0},{"not_picked":["Slimebound:FlameTackle","Slimebound:SlimeBrawl"],"picked":"Slimebound:LevelUp+1","floor":25.0},{"not_picked":["Slimebound:LevelUp","Slimebound:SamplingLick"],"picked":"Slimebound:Nibble+1","floor":26.0},{"not_picked":["Slimebound:ItLooksTasty+1","Slimebound:ComboTackle+1"],"picked":"Slimebound:Gluttony+1","floor":31.0},{"not_picked":["Slimebound:SplitMire","Slimebound:GoopSpray+1","Slimebound:RollThrough"],"picked":"SKIP","floor":32.0},{"not_picked":["Slimebound:OneTwoCombo","Slimebound:SelfFormingGoo"],"picked":"Slimebound:MassFeed","floor":33.0},{"not_picked":["Slimebound:SlimeSpikes+1","Slimebound:RejuvenatingLick"],"picked":"Slimebound:MegaLick+1","floor":36.0},{"not_picked":["Slimebound:RollThrough+1","Slimebound:GrowthPunch"],"picked":"Slimebound:ForwardTackle+1","floor":39.0},{"not_picked":["Slimebound:RollThrough","Slimebound:Teamwork","Slimebound:AcidTongue"],"picked":"SKIP","floor":43.0},{"not_picked":["Slimebound:LeechEnergy+1","Slimebound:ItLooksTasty+1"],"picked":"Slimebound:FirmFortitude","floor":45.0},{"not_picked":["Slimebound:FormOfPuddle","Slimebound:GrowthPunch","Slimebound:LeechingTouch+1"],"picked":"SKIP","floor":46.0},{"not_picked":["Slimebound:DisruptingSlam+1","Slimebound:SplitAcid+1","Slimebound:Chomp+1"],"picked":"SKIP","floor":48},{"not_picked":["Slimebound:SplitAcid+1","Slimebound:GoopSpray","Slimebound:MassFeed"],"picked":"SKIP","floor":49}],"player_experience":100512,"relics_obtained":[{"floor":9.0,"key":"InkBottle"},{"floor":19.0,"key":"Torii"},{"floor":19.0,"key":"Ornamental Fan"},{"floor":23.0,"key":"Orichalcum"},{"floor":23.0,"key":"Quantum Egg"},{"floor":24.0,"key":"Bottled Flame"},{"floor":26.0,"key":"Ancient Tea Set"},{"floor":26.0,"key":"Meat on the Bone"},{"floor":29.0,"key":"Du-Vu Doll"},{"floor":29.0,"key":"White Beast Statue"},{"floor":36.0,"key":"Mango"},{"floor":36.0,"key":"Slimebound:MaxSlimesRelic"},{"floor":41.0,"key":"Replay:Bottled Eggs"},{"floor":43.0,"key":"Whetstone"},{"floor":43.0,"key":"Pet Ghost"},{"floor":47.0,"key":"Ring of Peace"}],"event_choices":[{"damage_healed":0.0,"max_hp_gain":5.0,"max_hp_loss":0.0,"gold_gain":0.0,"event_name":"Big Fish","player_choice":"Donut","floor":3.0,"gold_loss":0.0,"damage_taken":0.0},{"damage_healed":0.0,"max_hp_gain":0.0,"max_hp_loss":0.0,"gold_gain":0.0,"cards_transformed":["Slimebound:Defend_Slimebound"],"event_name":"Transmorgrifier","player_choice":"Transformed","floor":11.0,"gold_loss":0.0,"damage_taken":0.0,"cards_obtained":["Slimebound:OozeBath"]},{"damage_healed":0.0,"max_hp_gain":0.0,"max_hp_loss":0.0,"gold_gain":0.0,"event_name":"Back to Basics","player_choice":"Simplicity","floor":18.0,"gold_loss":0.0,"damage_taken":0.0,"cards_upgraded":["Slimebound:Strike_Slimebound","Slimebound:Strike_Slimebound","Slimebound:Strike_Slimebound","Slimebound:Defend_Slimebound","Slimebound:Defend_Slimebound","Slimebound:Defend_Slimebound"]},{"damage_healed":0.0,"max_hp_gain":0.0,"max_hp_loss":25.0,"gold_gain":0.0,"event_name":"Vampires","player_choice":"Became a vampire","floor":28.0,"gold_loss":0.0,"damage_taken":0.0,"cards_obtained":["Bite","Bite","Bite","Bite","Bite"]},{"damage_healed":0.0,"max_hp_gain":0.0,"max_hp_loss":0.0,"gold_gain":0.0,"cards_transformed":["Slimebound:Tackle"],"event_name":"Transmorgrifier","player_choice":"Transformed","floor":37.0,"gold_loss":0.0,"damage_taken":0.0,"cards_obtained":["Slimebound:OozeBath"]},{"damage_healed":0.0,"max_hp_gain":0.0,"max_hp_loss":0.0,"gold_gain":0.0,"event_name":"Duplicator","player_choice":"Copied","floor":40.0,"gold_loss":0.0,"damage_taken":0.0,"cards_obtained":["Slimebound:Split"]}],"is_beta":false,"boss_relics":[{"not_picked":["Coffee Dripper","Runic Dome"],"picked":"Black Star"},{"not_picked":["Astrolabe","ChewingGum"],"picked":"Replay:Bronze Core"}],"items_purged_floors":[],"is_endless":false,"potions_floor_spawned":[4,9,14,20,23,29,31,32,33,36,39,43,45,46,48,49],"ascension_level":0}}