{"host":"27cnk69rbdk9vsnt","time":1608573153,"event":{"mods":["BaseMod","Beaked The Cultist","Duelist Mod","Ekko","Energized Spire","Glutton Mod","JesterMod","Jorbs\u0027s Wanderer Trilogy","Mimic Mod","Minty Spire (QoL Compilation)","Shop Mod","StSLib","The Elementalist","Thieving Mod"],"gold_per_floor":[116,128,128,128,228,228,243,284,332,356,389,130,130,166,166,289,289,303,303,327,341,366,366,401,401,451,451,491,506,524,558,558,679,679,699,712,768,419,434,434,457,457,457,457,457,457],"floor_reached":45,"playtime":5168,"items_purged":["elementalist:Defend_Elemblue","elementalist:Defend_Elemblue"],"score":591,"play_id":"2b3a6be5-8894-413d-8a91-d4342411ef49","local_time":"20201221185233","is_ascension_mode":false,"campfire_choices":[{"data":"elementalist:Monument","floor":6,"key":"SMITH"},{"floor":15,"key":"REST"},{"data":"elementalist:Monument","floor":25,"key":"SMITH"},{"floor":27,"key":"RECALL"},{"data":"elementalist:Quadmire","floor":32,"key":"SMITH"},{"data":"elementalist:Gaian_Form","floor":40,"key":"SMITH"},{"floor":44,"key":"DIG"}],"circlet_count":0,"master_deck":["elementalist:Air_Emblem","elementalist:Earth_Emblem","elementalist:Defend_Elemblue","elementalist:Defend_Elemblue","elementalist:Defend_Elemblue","elementalist:Firestrike","elementalist:Earthstrike","elementalist:Waterstrike","elementalist:Airstrike","elementalist:Crystal_Chalk","elementalist:Monument+1","elementalist:Geomancy","elementalist:Monument+1","elementalist:Prepared_Sand","elementalist:Etherstrike","elementalist:Lunar_Form","elementalist:Gaian_Form+1","elementalist:Low_Tides","elementalist:Quake","elementalist:Impact","elementalist:Mage_Hand+1","elementalist:Reckless_Dance","elementalist:Spout+1","elementalist:Prepared_Sand","elementalist:Astral_Form","elementalist:Kiln","elementalist:Stone_to_Mud","elementalist:Sidereal_Form","elementalist:Quadmire+1","elementalist:Prepared_Sand+1","elementalist:Stone_to_Mud+1","elementalist:Aero","elementalist:Breeze+1","elementalist:Prepared_Sand+1","elementalist:Prepared_Sand+1","elementalist:Spark+1","elementalist:Confluence","elementalist:Solar_Form+1"],"relics":["elementalistmod:MagusStaff","elementalistmod:YellowCirclet","Golden Idol","Blood Vial","Bronze Scales","Strawberry","Strange Spoon","Regal Pillow","Mummified Hand","Busted Crown","Du-Vu Doll","Omamori","Bag of Preparation","Tiny Chest","Coffee Dripper","Peace Pipe","Lizard Tail","StrikeDummy","TheAbacus","Shovel","InkBottle","Unceasing Top"],"acts_visited":["Exordium","TheCity","TheBeyond"],"potions_floor_usage":[2,8,24,28,37,38,39],"damage_taken":[{"damage":4,"enemies":"2 Louse","floor":1,"turns":3},{"damage":0,"enemies":"Small Slimes","floor":2,"turns":2},{"damage":1,"enemies":"Cultist","floor":7,"turns":5},{"damage":26,"enemies":"3 Sentries","floor":8,"turns":18},{"damage":8,"enemies":"Blue Slaver","floor":9,"turns":12},{"damage":4,"enemies":"Blue Slaver","floor":10,"turns":3},{"damage":18,"enemies":"Gremlin Nob","floor":11,"turns":4},{"damage":8,"enemies":"Lagavulin","floor":14,"turns":6},{"damage":33,"enemies":"Slime Boss","floor":16,"turns":6},{"damage":9,"enemies":"2 Thieves","floor":18,"turns":4},{"damage":0,"enemies":"Spheric Guardian","floor":20,"turns":2},{"damage":12,"enemies":"Centurion and Healer","floor":21,"turns":4},{"damage":11,"enemies":"Snake Plant","floor":22,"turns":4},{"damage":8,"enemies":"theDuelist:KaibaA2","floor":24,"turns":3},{"damage":0,"enemies":"Book of Stabbing","floor":28,"turns":6},{"damage":0,"enemies":"Sentry and Sphere","floor":29,"turns":6},{"damage":16,"enemies":"Cultist and Chosen","floor":30,"turns":6},{"damage":5,"enemies":"theDuelist:KaibaA2","floor":31,"turns":5},{"damage":35,"enemies":"Champ","floor":33,"turns":19},{"damage":12,"enemies":"3 Shapes","floor":35,"turns":6},{"damage":0,"enemies":"Orb Walker","floor":36,"turns":4},{"damage":69,"enemies":"2 Orb Walkers","floor":37,"turns":6},{"damage":23,"enemies":"Writhing Mass","floor":39,"turns":6},{"damage":51,"enemies":"4 Shapes","floor":45,"turns":3}],"seed_played":"7757653605115543375","potions_obtained":[{"floor":2,"key":"EntropicBrew"},{"floor":7,"key":"BlessingOfTheForge"},{"floor":10,"key":"GamblersBrew"},{"floor":16,"key":"FearPotion"},{"floor":21,"key":"CultistPotion"},{"floor":24,"key":"DistilledChaos"},{"floor":29,"key":"LiquidMemories"},{"floor":37,"key":"Weak Potion"},{"floor":39,"key":"GamblersBrew"}],"is_trial":false,"path_per_floor":["M","M","?","?","?","R","M","E","MIM","M","E","$","T","E","R","B",null,"M","?","M","M","M","R","E","R","T","R","E","M","M","E","R","B",null,"M","M","?","$","M","R","T","T","T","R","M"],"character_chosen":"THE_ELEMENTALIST","items_purchased":["Strange Spoon","elementalist:Low_Tides","Lizard Tail"],"campfire_rested":1,"item_purchase_floors":[12,12,38],"current_hp_per_floor":[73,73,73,73,73,73,72,46,40,38,29,29,29,23,63,32,84,75,75,77,67,58,58,52,52,52,52,54,56,42,39,39,6,84,72,74,7,7,32,32,32,32,32,32,0,0],"gold":457,"neow_bonus":"TEN_PERCENT_HP_BONUS","is_daily":false,"chose_seed":false,"campfire_upgraded":4,"win_rate":0.0,"timestamp":1608573153,"path_taken":["M","M","?","?","?","R","M","E","MIM","M","E","?","?","E","R","BOSS","M","?","?","M","M","R","E","R","T","R","E","M","M","E","R","BOSS","M","?","?","$","M","R","?","?","T","R","?"],"items_purchased_type":["Relic","Card","Relic"],"build_version":"2020-12-13","purchased_purges":2,"victory":false,"max_hp_per_floor":[77,77,77,77,77,77,77,77,77,77,84,84,84,84,84,84,84,84,84,84,84,84,84,84,84,84,84,84,84,84,84,84,84,84,84,84,84,84,84,84,84,84,84,84,84,84],"card_choices":[{"not_picked":["elementalist:Low_Tides","elementalist:Momentum"],"picked":"elementalist:Monument","floor":1},{"not_picked":["elementalist:Magma_Shot","elementalist:Overheat"],"picked":"elementalist:Geomancy","floor":2},{"not_picked":["elementalist:Lunar_Form","elementalist:Tsunami"],"picked":"elementalist:Monument","floor":7},{"not_picked":["elementalist:Emberveil","elementalist:Stone_to_Mud"],"picked":"elementalist:Prepared_Sand","floor":8},{"not_picked":["elementalist:Wards","elementalist:Prepared_Sand"],"picked":"elementalist:Etherstrike","floor":9},{"not_picked":["elementalist:Monument","elementalist:Flame"],"picked":"elementalist:Lunar_Form","floor":10},{"not_picked":["elementalist:Aegis","elementalist:Geomancy"],"picked":"elementalist:Gaian_Form","floor":11},{"not_picked":["elementalist:Rising_Tides","elementalist:Magma_Shot"],"picked":"elementalist:Quake","floor":14},{"not_picked":["elementalist:Heavensfall","elementalist:Refract"],"picked":"elementalist:Impact","floor":16},{"not_picked":[],"picked":"elementalist:Mage_Hand+1","floor":18},{"not_picked":[],"picked":"elementalist:Spout+1","floor":20},{"not_picked":[],"picked":"elementalist:Prepared_Sand","floor":21},{"not_picked":[],"picked":"elementalist:Astral_Form","floor":22},{"not_picked":[],"picked":"elementalist:Stone_to_Mud","floor":24},{"not_picked":[],"picked":"elementalist:Quadmire","floor":28},{"not_picked":[],"picked":"elementalist:Prepared_Sand+1","floor":29},{"not_picked":[],"picked":"elementalist:Stone_to_Mud+1","floor":30},{"not_picked":[],"picked":"elementalist:Aero","floor":31},{"not_picked":[],"picked":"elementalist:Prepared_Sand+1","floor":35},{"not_picked":[],"picked":"elementalist:Prepared_Sand+1","floor":36},{"not_picked":[],"picked":"elementalist:Spark+1","floor":37},{"not_picked":["elementalist:Emberveil"],"picked":"SKIP","floor":39}],"player_experience":483136,"relics_obtained":[{"floor":8,"key":"Blood Vial"},{"floor":9,"key":"Bronze Scales"},{"floor":11,"key":"Strawberry"},{"floor":13,"key":"Regal Pillow"},{"floor":14,"key":"Mummified Hand"},{"floor":24,"key":"Du-Vu Doll"},{"floor":26,"key":"Omamori"},{"floor":28,"key":"Bag of Preparation"},{"floor":31,"key":"Tiny Chest"},{"floor":37,"key":"Peace Pipe"},{"floor":42,"key":"Shovel"},{"floor":43,"key":"InkBottle"},{"floor":44,"key":"Unceasing Top"}],"event_choices":[{"damage_healed":0,"gold_gain":0,"player_choice":"Take Wound","damage_taken":0,"relics_obtained":["Golden Idol"],"max_hp_gain":0,"max_hp_loss":0,"event_name":"Golden Idol","floor":3,"gold_loss":0,"cards_obtained":["Injury"]},{"cards_removed":["Injury"],"damage_healed":0,"gold_gain":0,"player_choice":"Forget","damage_taken":0,"max_hp_gain":0,"max_hp_loss":0,"event_name":"Living Wall","floor":4,"gold_loss":0},{"damage_healed":0,"gold_gain":100,"player_choice":"Pray","damage_taken":0,"max_hp_gain":0,"max_hp_loss":0,"event_name":"Golden Shrine","floor":5,"gold_loss":0},{"damage_healed":0,"gold_gain":0,"cards_transformed":["elementalist:Strike+Elemblue"],"player_choice":"Transformed","damage_taken":0,"max_hp_gain":0,"max_hp_loss":0,"event_name":"Transmorgrifier","floor":19,"gold_loss":0,"cards_obtained":["elementalist:Reckless_Dance"]},{"damage_healed":0,"gold_gain":0,"player_choice":"Fight","damage_taken":0,"max_hp_gain":0,"max_hp_loss":0,"event_name":"Mysterious Sphere","floor":37,"gold_loss":0}],"is_beta":false,"boss_relics":[{"not_picked":["Astrolabe","Runic Dome"],"picked":"Busted Crown"},{"not_picked":["Runic Pyramid","Calling Bell"],"picked":"Coffee Dripper"}],"items_purged_floors":[12,38],"is_endless":false,"potions_floor_spawned":[2,7,10,16,21,24,29,31,33,36,37,39],"killed_by":"4 Shapes","ascension_level":0}}