{"host":"ztzlp7ovjrp60tl1","time":1608570829,"event":{"mods":["2.2 Compatiblity","A Magickal Journey","AchievementEnabler","Aspiration","BaseMod","Better Altar","Better Match","Better Note","Better Sensory Stone","Better Skull","Better Third Choice","Better Vampires","BetterRewards","Block Reminder","Card Forge","CatGirl Mod","Challenge The Spire","Colored Map","Colored Powertips","Conspire","Decade(???)","Dio Mod","Downfall","Energized Spire","Fiend Mod","Hubris","Hyrulean Relics","Luminous","Marked Mod","Minty Spire (QoL Compilation)","Permanent Neow","Quick Restart","Railgun Mod","Rare Cards Sparkle","Replay The Spire","SOS???????","Shade Mod","Shop Mod","Spicy Shops","Spikes Relics","StSLib","SuperFastMode","Synergy Search","The Administrix","The Alterego","The Animator","The Bladedancer","The Bug Knight","The Dragon Tamer","The Factory","The Jungle","The Mystic","The Problem Sleuth","The Senshi","The Servant 0.9.4","TheHero","TheSwordswoman","TheVelvet"],"gold_per_floor":[111,121,139,139,139,168,193,203,203,203,212,238,281,302,302,415,415,437,461,461],"floor_reached":19,"playtime":1384,"items_purged":[],"score":256,"play_id":"ba746463-7df7-442f-9a04-ed8a0273d700","local_time":"20201221111349","is_ascension_mode":false,"campfire_choices":[{"floor":10,"key":"REST"},{"floor":15,"key":"RECALL"}],"circlet_count":0,"master_deck":["theCatGirl:Strike+1","theCatGirl:Strike+1","theCatGirl:Strike+1","theCatGirl:Strike+1","theCatGirl:Defend+1","theCatGirl:Defend+1","theCatGirl:Defend+1","theCatGirl:Defend+1","theCatGirl:ClawStrike+1","theCatGirl:Evasion+1","theCatGirl:Claws+1","Outmaneuver+1","theCatGirl:Claws+1","Replay:SS_hec_2+1","theCatGirl:RunningWithDaggers+1","theCatGirl:LostTrinket+1","ReplayTheSpireMod:Scrap Shanks+1","theCatGirl:TwoStep+1","theCatGirl:KeepAlert+1","theCatGirl:ScratchFlurry+1","theCatGirl:TwoStep+1","theCatGirl:BloodBath+1","Regret","theCatGirl:ComboAttack+1","theCatGirl:SearchBackpack+1","theCatGirl:Prepared+1","theCatGirl:BleedingWounds+1","theCatGirl:Stalk+1","theCatGirl:QuickStrike+1"],"relics":["theCatGirl:TrainedRelic","Hammer of Thor","Seething Fire","Anvil of the Gods","aspiration:Nostalgia","m_BookOfShivs","ReplayTheSpireMod:Lightbulb","Du-Vu Doll","CeramicFish","Anchor","hubris:Teleporter","conspire:SeveredTorchhead"],"acts_visited":["Exordium","TheCity"],"potions_floor_usage":[18,18],"damage_taken":[{"damage":0,"enemies":"Jaw Worm","floor":1,"turns":6},{"damage":0,"enemies":"2 Louse","floor":2,"turns":2},{"damage":0,"enemies":"Small Slimes","floor":3,"turns":3},{"damage":18,"enemies":"HollowMod:MossKnight","floor":6,"turns":8},{"damage":0,"enemies":"conspire:MimicChest","floor":7,"turns":4},{"damage":2,"enemies":"Looter","floor":8,"turns":2},{"damage":0,"enemies":"Exordium Wildlife","floor":12,"turns":2},{"damage":0,"enemies":"Lagavulin","floor":13,"turns":3},{"damage":0,"enemies":"Red Slaver","floor":14,"turns":3},{"damage":1,"enemies":"Slime Boss","floor":16,"turns":7},{"damage":1,"enemies":"conspire:FuzzyDice","floor":18,"turns":5},{"damage":4,"enemies":"Shell Parasite","floor":19,"turns":4}],"seed_played":"-7686987223901017364","potions_obtained":[{"floor":1,"key":"FearPotion"},{"floor":6,"key":"EssenceOfSteel"},{"floor":7,"key":"AttackPotion"},{"floor":13,"key":"Dexterity Potion"},{"floor":16,"key":"hexamod:EctoCoolerPotion"},{"floor":19,"key":"Energy Potion"}],"is_trial":false,"path_per_floor":["M","M","M","?","?","E","?","M","T","R","?","M","E","M","R","B",null,"M","M"],"character_chosen":"THE_CATGIRL","items_purchased":[],"campfire_rested":1,"item_purchase_floors":[],"current_hp_per_floor":[70,70,70,70,70,52,52,50,50,70,70,70,70,70,70,69,70,69,65,65],"gold":461,"neow_bonus":"NOSTALGIA","is_daily":false,"chose_seed":false,"campfire_upgraded":0,"win_rate":0.0,"timestamp":1608570829,"path_taken":["M","M","M","?","?","E","?","?","T","R","?","M","E","M","R","BOSS","M","M"],"items_purchased_type":[],"build_version":"2020-12-13","purchased_purges":0,"victory":false,"max_hp_per_floor":[70,70,70,70,70,70,70,70,70,70,70,70,70,70,70,70,70,70,70,70],"card_choices":[{"not_picked":["theCatGirl:Prepared","theCatGirl:ElegantStrike"],"picked":"theCatGirl:Claws","floor":1},{"not_picked":["theCatGirl:RunningWithDaggers","theCatGirl:Prepared"],"picked":"Outmaneuver","floor":2},{"not_picked":["theCatGirl:TryingMyBest","Hidden Blade"],"picked":"theCatGirl:Claws","floor":3},{"not_picked":["Metamorphosis","expansioncontent:ChargeUp"],"picked":"Replay:SS_hec_2","floor":4},{"not_picked":["theCatGirl:RunningWithDaggers","theCatGirl:ClenchYourTeeth"],"picked":"theCatGirl:ScratchFlurry","floor":6},{"not_picked":["theCatGirl:LostTrinket","theCatGirl:FinishingMove"],"picked":"theCatGirl:TwoStep","floor":7},{"not_picked":["theCatGirl:ClenchYourTeeth","theCatGirl:LearnByMistake"],"picked":"theCatGirl:BloodBath","floor":8},{"not_picked":["Choke","theCatGirl:ClenchYourTeeth"],"picked":"theCatGirl:ComboAttack","floor":12},{"not_picked":["theCatGirl:TryingMyBest","theCatGirl:RunningWithDaggers"],"picked":"theCatGirl:SearchBackpack","floor":13},{"not_picked":["theCatGirl:PoisedStrike","theCatGirl:RunningWithDaggers"],"picked":"theCatGirl:Prepared","floor":14},{"not_picked":["theCatGirl:AdventurersInsight","theCatGirl:SevenLives"],"picked":"theCatGirl:BleedingWounds","floor":16},{"not_picked":["theCatGirl:LuckyBlow","theCatGirl:DecliningDefenses"],"picked":"theCatGirl:Stalk","floor":18},{"not_picked":["theCatGirl:ShockedWitness","theCatGirl:SmellFear"],"picked":"theCatGirl:QuickStrike+1","floor":19}],"player_experience":194198,"relics_obtained":[{"floor":6,"key":"ReplayTheSpireMod:Lightbulb"},{"floor":7,"key":"Du-Vu Doll"},{"floor":9,"key":"CeramicFish"},{"floor":13,"key":"hubris:Teleporter"}],"event_choices":[{"damage_healed":0,"gold_gain":1,"player_choice":"1","damage_taken":0,"max_hp_gain":0,"max_hp_loss":0,"event_name":"betterStone:BetterStone","floor":4,"gold_loss":0},{"damage_healed":0,"gold_gain":0,"player_choice":"Box","damage_taken":0,"relics_obtained":["Anchor"],"max_hp_gain":0,"max_hp_loss":0,"event_name":"Big Fish","floor":11,"gold_loss":0,"cards_obtained":["Regret"]}],"is_beta":false,"boss_relics":[{"not_picked":["Busted Crown","Ectoplasm"],"picked":"conspire:SeveredTorchhead"}],"items_purged_floors":[],"is_endless":false,"potions_floor_spawned":[1,6,7,13,16,19],"killed_by":"Shell Parasite","ascension_level":0}}