{"host":"ue7jlgf7uv134an9","time":1608514983,"event":{"mods":["BaseMod","Better Third Choice","Defuse TimeMaze Blight","Minty Spire (QoL Compilation)","Quick Restart","Rare Cards Sparkle","Relic Stats","StSLib","UnlockEverythingMod"],"gold_per_floor":[13,13,37,37,8,8,39,39,39,39,65,78,117,131,131,131,131],"floor_reached":16,"playtime":477,"items_purged":[],"score":216,"play_id":"bc279bf9-260b-4360-94d5-da00d4196af5","local_time":"20201220204303","is_ascension_mode":true,"campfire_choices":[{"data":"Poisoned Stab","floor":6.0,"key":"SMITH"},{"floor":8.0,"key":"REST"},{"floor":10.0,"key":"REST"},{"data":"Glass Knife","floor":15.0,"key":"SMITH"}],"circlet_count":0,"master_deck":["AscendersBane","Strike_G","Strike_G","Strike_G","Defend_G","Defend_G","Defend_G","Defend_G","Survivor","Neutralize","Dagger Throw","Poisoned Stab+1","Underhanded Strike","Dagger Spray","Glass Knife+1","PiercingWail","Sucker Punch"],"relics":["Ring of the Snake","Golden Idol","Nunchaku","Anchor","Pen Nib","Lantern"],"acts_visited":["Exordium"],"potions_floor_usage":[],"damage_taken":[{"damage":8.0,"enemies":"Jaw Worm","floor":1.0,"turns":9.0},{"damage":1.0,"enemies":"Small Slimes","floor":3.0,"turns":3.0},{"damage":39.0,"enemies":"Lagavulin","floor":7.0,"turns":6.0},{"damage":0.0,"enemies":"2 Louse","floor":12.0,"turns":2.0},{"damage":12.0,"enemies":"3 Sentries","floor":13.0,"turns":5.0},{"damage":0.0,"enemies":"Blue Slaver","floor":14.0,"turns":3.0},{"damage":35,"enemies":"Slime Boss","floor":16,"turns":8}],"seed_played":"-4391389145224067438","potions_obtained":[{"floor":1.0,"key":"FearPotion"},{"floor":3.0,"key":"DuplicationPotion"}],"is_trial":false,"path_per_floor":["M","?","M","?","$","R","E","R","T","R","T","M","E","M","R","B"],"character_chosen":"THE_SILENT","items_purchased":["Dagger Spray"],"campfire_rested":2,"item_purchase_floors":[5],"current_hp_per_floor":[51,51,50,50,50,50,11,29,29,47,47,47,35,35,35,0,0],"gold":131,"neow_bonus":"REMOVE_TWO","is_daily":false,"chose_seed":false,"campfire_upgraded":2,"win_rate":0.0,"timestamp":1608514983,"path_taken":["M","?","M","?","$","R","E","R","T","R","?","M","E","M","R","BOSS"],"items_purchased_type":["Card"],"build_version":"2020-12-13","purchased_purges":0,"victory":false,"max_hp_per_floor":[66,60,60,60,60,60,60,60,60,60,60,60,60,60,60,60,60],"relic_stats":{"Nunchaku":[4],"counters":[7,36],"Golden Idol":25,"Pen Nib":[4],"obtain_stats":[{"Nunchaku":7,"Anchor":9,"Lantern":13,"Golden Idol":2,"Pen Nib":11,"Ring of the Snake":0},{"Nunchaku":3,"Anchor":3,"Lantern":5,"Golden Idol":1,"Pen Nib":3,"Ring of the Snake":0},{"Nunchaku":18,"Anchor":18,"Lantern":25,"Golden Idol":9,"Pen Nib":18,"Ring of the Snake":0}],"Ring of the Snake":[14]},"card_choices":[{"not_picked":["Endless Agony","Dodge and Roll"],"picked":"Dagger Throw","floor":1.0},{"not_picked":["Leg Sweep","Dodge and Roll"],"picked":"Poisoned Stab","floor":3.0},{"not_picked":["Dagger Spray","Bane"],"picked":"Glass Knife","floor":7.0},{"not_picked":["Dagger Spray","Slice"],"picked":"PiercingWail","floor":12.0},{"not_picked":["Flying Knee","Acrobatics"],"picked":"Sucker Punch","floor":13.0},{"not_picked":["Underhanded Strike","Burst","Bane"],"picked":"SKIP","floor":14.0}],"player_experience":10908,"relics_obtained":[{"floor":7.0,"key":"Nunchaku"},{"floor":9.0,"key":"Anchor"},{"floor":11.0,"key":"Pen Nib"},{"floor":13.0,"key":"Lantern"}],"event_choices":[{"damage_healed":0.0,"max_hp_gain":0.0,"max_hp_loss":6.0,"gold_gain":0.0,"event_name":"Golden Idol","player_choice":"Lose Max HP","floor":2.0,"gold_loss":0.0,"damage_taken":0.0,"relics_obtained":["Golden Idol"]},{"damage_healed":0.0,"max_hp_gain":0.0,"max_hp_loss":0.0,"gold_gain":0.0,"cards_transformed":["Strike_G"],"event_name":"Living Wall","player_choice":"Change","floor":4.0,"gold_loss":0.0,"damage_taken":0.0,"cards_obtained":["Underhanded Strike"]}],"is_beta":false,"boss_relics":[],"items_purged_floors":[],"is_endless":false,"potions_floor_spawned":[1,3],"killed_by":"Slime Boss","ascension_level":20}}