{"host":"k7ydf81uzdnp7fmx","time":1608562370,"event":{"mods":["AchievementEnabler","Act Like it!","BaseMod","Clockwork Mod","Colored Powertips","Minty Spire (QoL Compilation)","Relic Stats","Remove Card Discount Mod","Shade Mod","Shop Mod","StSLib","The Animator","The Cursed","The Hierophant","The Necromancer","The Servant 0.9.4"],"gold_per_floor":[117,128,128,142,157,157,192,206,276,286,286,286,286],"floor_reached":12,"playtime":1567,"items_purged":[],"score":132,"play_id":"b0fc799f-f314-4759-acfa-ad69c8fde2fd","local_time":"20201221115250","is_ascension_mode":false,"campfire_choices":[{"floor":6.0,"key":"REST"}],"circlet_count":0,"master_deck":["Clockwork:Strike","Clockwork:Strike","Clockwork:Strike+1","Clockwork:Strike","Clockwork:Shield","Clockwork:Shield+1","Clockwork:Shield","Clockwork:Shield","Clockwork:Tinker+1","Clockwork:WarmUp","Clockwork:PerfectForm+1","Clockwork:PerfectForm+1","Echo Form+1","animator:Ainz+1","DevaForm+1","Demon Form+1","MasterReality+1","Clockwork:LiteraryArmor"],"relics":["Clockwork:MomentumEngine","Happy Flower"],"acts_visited":["Exordium"],"potions_floor_usage":[12,12,12,12,12],"damage_taken":[{"damage":0.0,"enemies":"2 Louse","floor":1.0,"turns":4.0},{"damage":0.0,"enemies":"Cultist","floor":2.0,"turns":12.0},{"damage":22.0,"enemies":"Jaw Worm","floor":4.0,"turns":8.0},{"damage":38.0,"enemies":"Exordium Wildlife","floor":5.0,"turns":6.0},{"damage":0.0,"enemies":"Lagavulin","floor":7.0,"turns":9.0},{"damage":35.0,"enemies":"Gremlin Gang","floor":8.0,"turns":7.0},{"damage":1,"enemies":"Exordium Thugs","floor":10,"turns":5},{"damage":21,"enemies":"3 Sentries","floor":12,"turns":6}],"seed_played":"-7454009022904304915","potions_obtained":[{"floor":5.0,"key":"EntropicBrew"},{"floor":7.0,"key":"Regen Potion"}],"is_trial":false,"path_per_floor":["M","M","?","M","M","R","E","M","T","M","?","E"],"character_chosen":"CLOCKWORK","items_purchased":[],"campfire_rested":1,"item_purchase_floors":[],"current_hp_per_floor":[93,93,93,71,33,60,60,25,25,24,5,0,0],"gold":286,"neow_bonus":"TEN_PERCENT_HP_BONUS","is_daily":false,"chose_seed":false,"campfire_upgraded":0,"win_rate":0.0,"timestamp":1608562370,"path_taken":["M","M","?","?","M","R","E","M","T","M","?","E"],"items_purchased_type":[],"build_version":"2020-12-13","purchased_purges":0,"victory":false,"max_hp_per_floor":[93,93,93,93,93,93,93,93,93,93,93,93,93],"relic_stats":{"Happy Flower":[6],"counters":[8,57],"obtain_stats":[{"Clockwork:MomentumEngine":0,"Happy Flower":7},{"Clockwork:MomentumEngine":0,"Happy Flower":5},{"Clockwork:MomentumEngine":0,"Happy Flower":39}]},"card_choices":[{"not_picked":["Clockwork:CogToss","Clockwork:Redundancy","Clockwork:Minimalism"],"picked":"SKIP","floor":1.0},{"not_picked":["Clockwork:ReserveSystems","Clockwork:Pluck","Clockwork:ForgeStrike"],"picked":"SKIP","floor":2.0},{"not_picked":["Clockwork:SnapKeep","Clockwork:FalseStart","Clockwork:CogShield"],"picked":"SKIP","floor":4.0},{"not_picked":["Clockwork:PerfectedStrike","Clockwork:RampUp"],"picked":"Clockwork:LiteraryArmor","floor":5.0},{"not_picked":["Clockwork:ReserveSystems","Clockwork:CogShield","Clockwork:Improve"],"picked":"SKIP","floor":7.0},{"not_picked":["Clockwork:Redundancy","Clockwork:SearchingStrike","Clockwork:Scour"],"picked":"SKIP","floor":8.0},{"not_picked":["Clockwork:CraftQuicksilverHourglass","Clockwork:CraftSomewhatSmoothStone","Clockwork:Friction"],"picked":"SKIP","floor":10}],"player_experience":165011,"relics_obtained":[{"floor":7.0,"key":"Happy Flower"}],"event_choices":[{"damage_healed":0.0,"max_hp_gain":0.0,"max_hp_loss":0.0,"gold_gain":0.0,"event_name":"Upgrade Shrine","player_choice":"Upgraded","floor":3.0,"gold_loss":0.0,"damage_taken":0.0,"cards_upgraded":["Clockwork:Tinker"]},{"damage_healed":0,"gold_gain":0,"player_choice":"Entered Light","damage_taken":19,"max_hp_gain":0,"max_hp_loss":0,"event_name":"Shining Light","floor":11,"gold_loss":0,"cards_upgraded":["Clockwork:Strike","Clockwork:Shield"]}],"is_beta":false,"boss_relics":[],"items_purged_floors":[],"is_endless":false,"potions_floor_spawned":[5,7],"killed_by":"3 Sentries","ascension_level":0}}