{"host":"zh06ha8197vgjo02","time":1608534166,"event":{"mods":["AchievementEnabler","Arknights The Spire","BaseMod","Better Skull","CapriCore","DeckTracker","GifTheSpireLib","Hermit","Koishi","Marisa£¨Ùöéë¡¡Øª×âÞÞ£©","Minty Spire (QoL Compilation)","Reimu£¨ÚÏ???£©","StSLib","SuperFastMode","Td1madao Mod","The Cursed","The Immortal","TheBandit","WarShipGirlsR/??á´Ò³R mod"],"gold_per_floor":[116,116,126,126,138,138,166,184,184,154,154,154,154,166,166,166,166],"floor_reached":16,"playtime":548,"items_purged":[],"score":100,"play_id":"36e8b979-fd9b-4eb9-826a-b05e8945b796","local_time":"20201221160246","is_ascension_mode":false,"campfire_choices":[{"floor":6,"key":"REST"},{"floor":15,"key":"REST"}],"circlet_count":0,"master_deck":["ats:Powerful Strike","ats:Powerful Strike","ats:Powerful Strike","ats:Armor Crushing Shot","ats:Defend Up","ats:Defend Up","ats:Defend Up","ats:Defend Up","ats:Emotion Absorption","ats:Emotion Absorption","ats:Charging Defense","ats:Assault Order","ats:Explosion Area Strengthen","ats:Very Hot Blade","ats:Charging Defense","ats:Just Like an Apocalypse+1"],"relics":["ats:Sanity","NeowsBlessing","Dream Catcher","ats:Hidden Killer","ats:Rhine Circuitry","Tiny Chest","Toxic Egg 2","Darkstone Periapt","ats:Originium"],"acts_visited":["Exordium"],"potions_floor_usage":[7,16,16],"damage_taken":[{"damage":0,"enemies":"Jaw Worm","floor":1,"turns":1},{"damage":0,"enemies":"Cultist","floor":3,"turns":1},{"damage":0,"enemies":"Small Slimes","floor":5,"turns":1},{"damage":4,"enemies":"3 Sentries","floor":7,"turns":7},{"damage":6,"enemies":"Exordium Thugs","floor":8,"turns":6},{"damage":3,"enemies":"Gremlin Gang","floor":14,"turns":6},{"damage":62,"enemies":"Slime Boss","floor":16,"turns":13}],"seed_played":"227617539544424388","potions_obtained":[{"floor":1,"key":"DistilledChaos"},{"floor":3,"key":"DistilledChaos"},{"floor":10,"key":"Ancient Potion"},{"floor":10,"key":"Dexterity Potion"}],"is_trial":false,"path_per_floor":["M","?","M","$","M","R","E","M","T","?","$","T","R","M","R","B"],"character_chosen":"DOCTOR_CLASS","items_purchased":[],"campfire_rested":2,"item_purchase_floors":[],"current_hp_per_floor":[72,17,17,17,17,38,34,28,28,28,28,28,28,25,46,0,0],"gold":166,"neow_bonus":"THREE_ENEMY_KILL","is_daily":false,"chose_seed":false,"campfire_upgraded":0,"win_rate":0.0,"timestamp":1608534166,"path_taken":["M","?","M","?","M","R","E","?","T","?","?","?","R","M","R","BOSS"],"items_purchased_type":[],"build_version":"2020-12-13","purchased_purges":0,"victory":false,"max_hp_per_floor":[72,72,72,72,72,72,72,72,72,72,72,72,72,72,72,72,72],"card_choices":[{"not_picked":["ats:Thorns","ats:Cat Scratch"],"picked":"ats:Charging Defense","floor":1},{"not_picked":["ats:Ignite","ats:Revitalization"],"picked":"ats:Assault Order","floor":3},{"not_picked":["ats:Shell Defense","ats:Blood Oath"],"picked":"ats:Explosion Area Strengthen","floor":5},{"not_picked":["ats:Flexible Camouflage","ats:Revitalization"],"picked":"ats:Very Hot Blade","floor":6},{"not_picked":["ats:Magnetic Hammer","ats:Ignite"],"picked":"ats:Charging Defense","floor":7},{"not_picked":["ats:Very Hot Blade","ats:Neurotoxin","ats:Ignite"],"picked":"SKIP","floor":8},{"not_picked":["ats:Assault Order+1","ats:Counter Healing Mode","ats:Attack Strengthen"],"picked":"SKIP","floor":14},{"not_picked":["ats:Flexible Camouflage+1","ats:Rapid Magazine"],"picked":"ats:Just Like an Apocalypse+1","floor":15}],"player_experience":720168,"relics_obtained":[{"floor":7,"key":"Tiny Chest"},{"floor":9,"key":"Toxic Egg 2"},{"floor":12,"key":"Darkstone Periapt"},{"floor":13,"key":"ats:Originium"}],"event_choices":[{"damage_healed":0,"gold_gain":0,"player_choice":"RE RE RE ","damage_taken":61,"relics_obtained":["Dream Catcher","ats:Hidden Killer","ats:Rhine Circuitry"],"max_hp_gain":0,"max_hp_loss":0,"event_name":"betterSkull:BetterSkull","floor":2,"gold_loss":0,"cards_upgraded":[]},{"damage_healed":0,"gold_gain":0,"player_choice":"Bought 2 Potions","damage_taken":0,"max_hp_gain":0,"max_hp_loss":0,"event_name":"The Woman in Blue","floor":10,"gold_loss":0}],"is_beta":false,"boss_relics":[],"items_purged_floors":[],"is_endless":false,"potions_floor_spawned":[1,3,14],"killed_by":"Slime Boss","ascension_level":0}}