{"host":"g53g9qlo34vrqi92","time":1608530826,"event":{"mods":["Aspiration","Bard","BaseMod","Beaked The Cultist","BetterRewards","Colored Map","Conspire","Energized Spire","Fiend Mod","GifTheSpireLib","Googly Eyes","Gremlin Skip","Halation","Hermit","Hubris","Infinite Spire","Jedi Mod","Minty Spire (QoL Compilation)","Permanent Neow","Quick Restart","Relic Filter","Replay The Spire","Spikes Relics","StSLib","Stuff the Spire","Synergy Search","The Bladedancer","The Bug Knight","The Construct","The Cursed","The Factory","The Forsaken","The Jungle","The Necromancer","The Spell Scribe","The Trickster","Trackpad","slay the spire mod where everything is the same but ironclad has a cowboy hat","vexMod"],"gold_per_floor":[110,110,64,81,97,97,115,115,115,115,134,152,152,185,185,286,286,272,290,290,290],"floor_reached":20,"playtime":27652,"items_purged":[],"score":176,"play_id":"6cde759d-51d1-41de-b061-07075ea90802","local_time":"20201220220706","is_ascension_mode":false,"campfire_choices":[{"floor":6.0,"key":"RECALL"},{"floor":8.0,"key":"REST"},{"floor":10.0,"key":"REST"},{"floor":13.0,"key":"REST"},{"floor":15.0,"key":"REST"}],"circlet_count":0,"master_deck":["Strike_B","Strike_B","Strike_B","Strike_B","Defend_B","Defend_B","Defend_B","Defend_B","Zap","Dualcast","Streamline","Sweeping Beam","Turbo","conspire:Rain","Conserve Battery","jedi:hex","Lockon","Panic Button+1","Skim","Conserve Battery","Redo"],"relics":["Fusion Hammer","Happy Flower","energizedSpire:MagnifyingGlass","Prayer Wheel"],"acts_visited":["Exordium","TheCity"],"potions_floor_usage":[20],"damage_taken":[{"damage":6.0,"enemies":"2 Louse","floor":1.0,"turns":3.0},{"damage":0.0,"enemies":"Cultist","floor":4.0,"turns":3.0},{"damage":1.0,"enemies":"Jaw Worm","floor":5.0,"turns":3.0},{"damage":14.0,"enemies":"3 Louse","floor":7.0,"turns":2.0},{"damage":3.0,"enemies":"Exordium Thugs","floor":11.0,"turns":5.0},{"damage":7.0,"enemies":"Exordium Wildlife","floor":12.0,"turns":5.0},{"damage":7.0,"enemies":"3 Sentries","floor":14.0,"turns":7.0},{"damage":2.0,"enemies":"Fading Forest","floor":16.0,"turns":11.0},{"damage":11.0,"enemies":"2 Thieves","floor":18.0,"turns":4.0},{"damage":8.0,"enemies":"3 Byrds","floor":19.0,"turns":5.0},{"damage":66,"enemies":"3 Cultists","floor":20,"turns":6}],"seed_played":"1659267643795443188","potions_obtained":[{"floor":1.0,"key":"jedi:StrikingPotion"},{"floor":11.0,"key":"FearPotion"},{"floor":14.0,"key":"EssenceOfDarkness"},{"floor":16.0,"key":"Block Potion"},{"floor":18.0,"key":"SteroidPotion"},{"floor":19.0,"key":"BlessingOfTheForge"}],"is_trial":false,"path_per_floor":["M","?","$","M","M","R","M","R","T","R","M","M","R","E","R","B",null,"M","M","M"],"character_chosen":"DEFECT","items_purchased":["Sweeping Beam"],"campfire_rested":4,"item_purchase_floors":[3],"current_hp_per_floor":[69,69,69,69,68,68,54,75,75,75,72,65,75,68,75,75,75,64,56,0,0],"gold":290,"neow_bonus":"BOSS_RELIC","is_daily":false,"chose_seed":false,"campfire_upgraded":0,"win_rate":0.0,"timestamp":1608530826,"path_taken":["M","?","$","M","M","R","M","R","T","R","M","?","R","E","R","BOSS","M","M","M"],"items_purchased_type":["Card"],"build_version":"2020-12-13","purchased_purges":0,"victory":false,"max_hp_per_floor":[75,75,75,75,75,75,75,75,75,75,75,75,75,75,75,75,75,75,75,75,75],"card_choices":[{"not_picked":["Stack","StuffTheSpire:LoadUp"],"picked":"Streamline","floor":1.0},{"not_picked":["Gash","Go for the Eyes"],"picked":"Turbo","floor":4.0},{"not_picked":["ReplayTheSpireMod:Calculation Training","StuffTheSpire:LoadUp"],"picked":"conspire:Rain","floor":5.0},{"not_picked":["Ball Lightning","Hello World"],"picked":"Conserve Battery","floor":7.0},{"not_picked":["Rebound","Steam"],"picked":"jedi:hex","floor":11.0},{"not_picked":["Gash","Aggregate"],"picked":"Lockon","floor":12.0},{"not_picked":["Meteor Strike","Turbo","Static Discharge"],"picked":"SKIP","floor":14.0},{"not_picked":["hubris:Prefetch","Amplify"],"picked":"ReplayTheSpireMod:Fabricate Wheel","floor":16.0},{"not_picked":["Cold Snap","Undo"],"picked":"Panic Button+1","floor":18.0},{"not_picked":["StuffTheSpire:LoadUp","Cold Snap"],"picked":"Skim","floor":18.0},{"not_picked":["Tempest+1","Auto Shields"],"picked":"Conserve Battery","floor":19.0},{"not_picked":["Rip and Tear","ReplayTheSpireMod:Calculation Training"],"picked":"Redo","floor":19.0}],"player_experience":1021136,"relics_obtained":[{"floor":14.0,"key":"Happy Flower"}],"event_choices":[{"damage_healed":0.0,"max_hp_gain":0.0,"max_hp_loss":0.0,"gold_gain":0.0,"event_name":"The Woman in Blue","player_choice":"Bought 0 Potions","floor":2.0,"gold_loss":0.0,"damage_taken":0.0}],"is_beta":false,"boss_relics":[{"not_picked":["aspiration:ScribeSkillbook","hubris:TerracottaHorce"],"picked":"energizedSpire:MagnifyingGlass"}],"items_purged_floors":[],"is_endless":false,"potions_floor_spawned":[1,11,14,16,18,19],"killed_by":"3 Cultists","ascension_level":0}}