{"host":"mhmdt6pir7l60j7a","time":1608586467,"event":{"mods":["BaseMod","Bestiary","Better Altar","Better Sensory Stone","Better Third Choice","Displayed Cursed Tome","Dota2Spire","Hubris","Infinite Spire","Minty Spire (QoL Compilation)","Replay The Spire","StSLib","The Alterego","The Construct","Uncapped","UnlockEverythingMod"],"gold_per_floor":[115,127,45,55,55,90,90,90,114,114,125,140,105,122,122,226,226,236,236,336,336,351,351,371,371,371,402,413,488,184,199,199,309,309,343,243,276,29,29,29,29,29,29,43,43,72,118,154,154,154],"floor_reached":51,"playtime":2422,"items_purged":["construct:Supernova","Languid"],"score":1048,"play_id":"3fd66bda-2c7b-4d03-a506-8d4156c64f5d","local_time":"20201221143427","is_ascension_mode":false,"campfire_choices":[{"data":"construct:ClockworkEgg","floor":8,"key":"SMITH"},{"data":"construct:ClockworkEgg+1","floor":10,"key":"SMITH"},{"data":"construct:ClockworkEgg+2","floor":23,"key":"SMITH"},{"data":"construct:ClockworkEgg+3","floor":25,"key":"SMITH"},{"floor":32,"key":"REST"},{"data":"construct:MetalShell+1","floor":40,"key":"SMITH"},{"data":"Replay:Fractal Strike","floor":42,"key":"SMITH"},{"data":"hubris:Fate","floor":45,"key":"SMITH"},{"data":"construct:Enhance","floor":49,"key":"SMITH"}],"circlet_count":0,"master_deck":["construct:Strike_Gold","construct:Strike_Gold","construct:Strike_Gold","construct:Strike_Gold","construct:Strike_Gold","construct:Defend_Gold","construct:Defend_Gold","construct:Defend_Gold","construct:Defend_Gold","construct:AttackMode","construct:DefenseMode","construct:MetalShell+2","construct:Accumulate+1","construct:ClusterMines","construct:ClusterMines","hubris:Fate+1","infinitespire:Starlight","construct:FierceBash","construct:Reinforce","construct:Boost+1","ReplayTheSpireMod:Trickstab","construct:Versatility","hubris:DuctTapeCard","Injury","Replay:Fractal Strike+1","construct:MetalShell","construct:Enhance+1","construct:CripplingShot+1"],"relics":["construct:ClockworkPhoenix","Shuriken","Omamori","Bag of Marbles","Calling Bell","hubris:OldNail","Kunai","Blood Vial","War Paint","BranchBurnRelic","Pantograph","Blue Candle","MealTicket","Dota2Spire:MagicBottle","ReplayTheSpireMod:TigerMarble","Dota2Spire:UrnOfShadows","infinitespire:EvilPickle","Juzu Bracelet","Replay:Ancient Bell","infinitespire:Beetle Shell","hubris:DuctTape","infinitespire:Golems Mask","infinitespire:PuzzleCube","Durian","Chameleon Ring","hubris:Icosahedron","ReplayTheSpireMod:EnergyBall","Golden Egg","Dota2Spire:ArmletOfMordiggian","Dota2Spire:EtherealBlade","Regal Pillow","Bronze Scales","hubris:Spice","Dota2Spire:LotusOrb"],"acts_visited":["Exordium","TheCity","TheBeyond"],"potions_floor_usage":[6,14,16,24,27,46],"damage_taken":[{"damage":6,"enemies":"Cultist","floor":1,"turns":4},{"damage":7,"enemies":"Small Slimes","floor":2,"turns":3},{"damage":2,"enemies":"2 Louse","floor":4,"turns":3},{"damage":32,"enemies":"Lagavulin","floor":6,"turns":10},{"damage":6,"enemies":"Lots of Slimes","floor":11,"turns":3},{"damage":4,"enemies":"Large Slime","floor":12,"turns":5},{"damage":20,"enemies":"Exordium Wildlife","floor":14,"turns":4},{"damage":20,"enemies":"Hexaghost","floor":16,"turns":13},{"damage":35,"enemies":"3 Byrds","floor":18,"turns":6},{"damage":17,"enemies":"Chosen","floor":22,"turns":9},{"damage":16,"enemies":"Snecko","floor":24,"turns":5},{"damage":50,"enemies":"Book of Stabbing","floor":27,"turns":7},{"damage":24,"enemies":"3 Cultists","floor":28,"turns":6},{"damage":26,"enemies":"Shelled Parasite and Fungi","floor":31,"turns":8},{"damage":16,"enemies":"Pondfish","floor":33,"turns":13},{"damage":8,"enemies":"Orb Walker","floor":35,"turns":4},{"damage":14,"enemies":"3 Darklings","floor":37,"turns":5},{"damage":5,"enemies":"Maw","floor":44,"turns":5},{"damage":0,"enemies":"Nemesis","floor":46,"turns":3},{"damage":39,"enemies":"2 Orb Walkers","floor":47,"turns":4},{"damage":6,"enemies":"R_Hoarder","floor":48,"turns":5},{"damage":21,"enemies":"Awakened One","floor":50,"turns":5}],"seed_played":"7958321176852081448","potions_obtained":[{"floor":2,"key":"SkillPotion"},{"floor":4,"key":"GamblersBrew"},{"floor":11,"key":"Dexterity Potion"},{"floor":12,"key":"SpeedPotion"},{"floor":22,"key":"AttackPotion"},{"floor":24,"key":"Elixir"},{"floor":31,"key":"LifebloodPotion"},{"floor":44,"key":"Dota2Spire:Clarity"},{"floor":47,"key":"Regen Potion"}],"is_trial":false,"path_per_floor":["M","M","$","M","?","E","?","R","T","R","M","M","?","M","R","B",null,"M","?","?","AVR","M","R","M","R","T","E","M","T","$","M","R","B",null,"M","NS","M","$","?","R","AVR","R","T","M","R","E","?","E","R","B",null],"character_chosen":"THE_CONSTRUCT_MOD","items_purchased":["Discovery","ReplayTheSpireMod:TigerMarble","ReplayTheSpireMod:Trickstab","Chameleon Ring"],"campfire_rested":1,"item_purchase_floors":[3,30,30,38],"current_hp_per_floor":[79,72,72,70,37,35,35,35,35,35,29,25,46,26,51,31,85,50,28,28,28,23,23,33,33,33,10,8,8,23,18,43,73,85,77,77,90,90,90,90,90,90,90,90,90,90,87,103,103,104],"gold":154,"neow_bonus":"ONE_RANDOM_RARE_CARD","is_daily":false,"chose_seed":false,"campfire_upgraded":8,"win_rate":0.0,"timestamp":1608586467,"path_taken":["M","M","?","M","?","E","?","R","T","R","?","M","?","M","R","BOSS","M","?","?","AVR","M","R","?","R","T","E","M","?","?","?","R","BOSS","M","NS","M","$","?","R","AVR","R","T","M","R","E","?","E","R","BOSS"],"items_purchased_type":["Card","Relic","Card","Relic"],"build_version":"2020-12-13","purchased_purges":2,"victory":true,"max_hp_per_floor":[85,85,85,85,85,85,85,85,85,85,85,85,85,85,85,85,85,85,85,85,85,85,85,85,85,85,85,85,85,85,85,85,85,85,85,85,90,90,90,90,90,90,90,90,90,90,98,106,106,106],"card_choices":[{"not_picked":["construct:SyphonStrike","construct:Analyze","construct:ScrapCannon"],"picked":"SKIP","floor":1},{"not_picked":["construct:FierceBash","construct:Electrocute"],"picked":"construct:MetalShell","floor":2},{"not_picked":["construct:ScrapCannon","construct:LaserCore"],"picked":"construct:Accumulate","floor":4},{"not_picked":["construct:CreateCores","construct:SweepLaser"],"picked":"construct:ClockworkEgg","floor":6},{"not_picked":["construct:Construct_Overclock","construct:Analyze"],"picked":"construct:ClusterMines","floor":11},{"not_picked":["construct:HeavyBolt","construct:ForceCore"],"picked":"construct:ClusterMines","floor":12},{"not_picked":["construct:ClusterMines","construct:UnbalancingBlast","construct:SaveState"],"picked":"SKIP","floor":14},{"not_picked":["construct:ClusterMines+1","construct:Failsafe","construct:OmegaCannon"],"picked":"SKIP","floor":18},{"not_picked":["construct:Accumulate","construct:Rollout","construct:Zapper"],"picked":"SKIP","floor":22},{"not_picked":["construct:PointDefense","construct:PanicFire"],"picked":"construct:FierceBash","floor":24},{"not_picked":["construct:GuardCore","construct:ShiftGuard"],"picked":"construct:Reinforce","floor":27},{"not_picked":["construct:PhosphorStorm","construct:FocusedBeam"],"picked":"construct:Boost+1","floor":28},{"not_picked":["construct:ClusterMines","construct:FierceBash"],"picked":"construct:Versatility","floor":31},{"not_picked":["Delirium","Overencumbered"],"picked":"Writhe","floor":34},{"not_picked":["Voices","ReplayTheSpireMod:Restless Dread"],"picked":"Injury","floor":34},{"not_picked":["hubris:Sloth","hubris:Lust"],"picked":"Languid","floor":34},{"not_picked":["construct:SyphonStrike+1","construct:HyperBeam"],"picked":"construct:FierceBash+1","floor":35},{"not_picked":["construct:Synchronize+1","construct:Antimatter","construct:FierceBash+1"],"picked":"SKIP","floor":37},{"not_picked":["construct:Versatility+1","construct:SyphonStrike"],"picked":"construct:MetalShell","floor":44},{"not_picked":["construct:FlammableFog+1","construct:ForceCore+1"],"picked":"construct:Enhance","floor":46},{"not_picked":["construct:Versatility","construct:Supernova"],"picked":"construct:Backfire+1","floor":47},{"not_picked":["construct:SuppressiveFire","construct:OneWayMirror+1"],"picked":"construct:CripplingShot+1","floor":48}],"player_experience":4912,"relics_obtained":[{"floor":6,"key":"Omamori"},{"floor":9,"key":"Bag of Marbles"},{"floor":17,"key":"hubris:OldNail"},{"floor":17,"key":"Kunai"},{"floor":17,"key":"Dead Branch"},{"floor":26,"key":"Pantograph"},{"floor":27,"key":"Blue Candle"},{"floor":27,"key":"MealTicket"},{"floor":28,"key":"Dota2Spire:MagicBottle"},{"floor":31,"key":"Dota2Spire:UrnOfShadows"},{"floor":33,"key":"Juzu Bracelet"},{"floor":35,"key":"infinitespire:PuzzleCube"},{"floor":37,"key":"Durian"},{"floor":43,"key":"Golden Egg"},{"floor":44,"key":"Dota2Spire:ArmletOfMordiggian"},{"floor":46,"key":"Dota2Spire:EtherealBlade"},{"floor":46,"key":"Regal Pillow"},{"floor":47,"key":"Bronze Scales"},{"floor":47,"key":"hubris:Spice"},{"floor":48,"key":"hubris:Spice"},{"floor":48,"key":"Dota2Spire:LotusOrb"}],"event_choices":[{"damage_healed":0,"gold_gain":0,"player_choice":"Relic ","damage_taken":33,"max_hp_gain":0,"max_hp_loss":0,"event_name":"betterThird:BetterScrap","floor":5,"gold_loss":0,"cards_obtained":["Sanctity"]},{"damage_healed":0,"gold_gain":0,"player_choice":"0 cards matched","damage_taken":0,"max_hp_gain":0,"max_hp_loss":0,"event_name":"Match and Keep!","floor":7,"gold_loss":0,"cards_obtained":[]},{"damage_healed":21,"gold_gain":0,"player_choice":"Healed","damage_taken":0,"max_hp_gain":0,"max_hp_loss":0,"event_name":"The Cleric","floor":13,"gold_loss":35},{"damage_healed":0,"gold_gain":0,"player_choice":" Vial ","damage_taken":22,"relics_obtained":["Blood Vial"],"max_hp_gain":50,"max_hp_loss":28,"event_name":"betterAltar:BetterAltar","floor":19,"potions_obtained":[],"relics_lost":[],"gold_loss":0},{"damage_healed":0,"gold_gain":100,"player_choice":"Pray","damage_taken":0,"max_hp_gain":0,"max_hp_loss":0,"event_name":"Golden Shrine","floor":20,"gold_loss":0},{"damage_healed":0,"gold_gain":0,"player_choice":"Fight","damage_taken":0,"max_hp_gain":0,"max_hp_loss":0,"event_name":"Mysterious Sphere","floor":47,"gold_loss":0}],"is_beta":false,"boss_relics":[{"not_picked":["Fusion Hammer","Snecko Eye"],"picked":"Calling Bell"},{"not_picked":["Replay:Drink Me","hubris:BlackHole"],"picked":"Replay:Ancient Bell"},{"not_picked":["Nunchaku","CeramicFish"],"picked":"infinitespire:Beetle Shell"},{"not_picked":["InkBottle","Replay:Bottled Snecko"],"picked":"hubris:DuctTape"},{"not_picked":["Dota2Spire:ShivaGuard","Torii"],"picked":"infinitespire:Golems Mask"}],"items_purged_floors":[30,41],"is_endless":false,"potions_floor_spawned":[2,4,11,12,22,24,31,44,47],"ascension_level":0}}