{"host":"2yqfi47fogfu1ic4","time":1608564868,"event":{"mods":["AchievementEnabler","BaseMod","Colored Map","Colored Powertips","Highlight Path","Minty Spire (QoL Compilation)","Permanent Neow","Relic Stats","StSLib"],"gold_per_floor":[109,109,126,139,158,158,177,177,177,203,221,221,252,252,252,324,324,337,337,347,362,287,287,45,45,45,45,70,70,70,87,87,164,164,184,200,214,214,231,265,265,296,296,296,296,313,328,339,339,339,339],"floor_reached":50,"playtime":3548,"items_purged":["Strike_G+1"],"score":1068,"play_id":"d802d685-b771-4222-bb2e-ff91dbb7f4ee","local_time":"20201221163428","is_ascension_mode":true,"campfire_choices":[{"data":"Terror","floor":6.0,"key":"SMITH"},{"data":"Backflip","floor":8.0,"key":"SMITH"},{"data":"Tools of the Trade","floor":12.0,"key":"SMITH"},{"floor":15.0,"key":"REST"},{"data":"Blade Dance","floor":23.0,"key":"SMITH"},{"floor":25.0,"key":"REST"},{"data":"Reflex","floor":29.0,"key":"SMITH"},{"floor":32.0,"key":"REST"},{"floor":41.0,"key":"REST"},{"floor":44.0,"key":"REST"},{"floor":49,"key":"RECALL"}],"circlet_count":0,"master_deck":["AscendersBane","Strike_G+1","Strike_G+1","Strike_G+1","Defend_G+1","Defend_G+1","Defend_G+1","Defend_G+1","Defend_G+1","Survivor","Neutralize","Slice","Terror+1","Dagger Spray","Backflip+1","Endless Agony","Tools of the Trade+1","Reflex+1","Choke+1","Corpse Explosion","Blade Dance+1","Dagger Throw","Deflect","Storm of Steel","Backstab","Blade Dance","Escape Plan+1","PiercingWail","Doubt","Predator","Escape Plan+1","Wraith Form v2"],"relics":["WristBlade","Nunchaku","Paper Crane","HoveringKite","PreservedInsect","Sundial","Juzu Bracelet","Fusion Hammer","Centennial Puzzle","Smiling Mask","Toxic Egg 2"],"acts_visited":["Exordium","TheCity","TheBeyond"],"potions_floor_usage":[],"damage_taken":[{"damage":0.0,"enemies":"Small Slimes","floor":1.0,"turns":3.0},{"damage":1.0,"enemies":"2 Louse","floor":3.0,"turns":4.0},{"damage":2.0,"enemies":"Jaw Worm","floor":4.0,"turns":4.0},{"damage":6.0,"enemies":"Looter","floor":5.0,"turns":4.0},{"damage":1.0,"enemies":"2 Fungi Beasts","floor":7.0,"turns":3.0},{"damage":25.0,"enemies":"Gremlin Nob","floor":10.0,"turns":4.0},{"damage":2.0,"enemies":"3 Louse","floor":11.0,"turns":4.0},{"damage":7.0,"enemies":"3 Sentries","floor":13.0,"turns":7.0},{"damage":6.0,"enemies":"The Guardian","floor":16.0,"turns":11.0},{"damage":12.0,"enemies":"Shell Parasite","floor":18.0,"turns":4.0},{"damage":0.0,"enemies":"Spheric Guardian","floor":20.0,"turns":3.0},{"damage":22.0,"enemies":"Snecko","floor":21.0,"turns":5.0},{"damage":5.0,"enemies":"Book of Stabbing","floor":28.0,"turns":3.0},{"damage":0.0,"enemies":"Centurion and Healer","floor":31.0,"turns":4.0},{"damage":33.0,"enemies":"Collector","floor":33.0,"turns":7.0},{"damage":8.0,"enemies":"Orb Walker","floor":35.0,"turns":3.0},{"damage":0.0,"enemies":"3 Darklings","floor":36.0,"turns":2.0},{"damage":26.0,"enemies":"Writhing Mass","floor":37.0,"turns":4.0},{"damage":12.0,"enemies":"4 Shapes","floor":39.0,"turns":8.0},{"damage":16.0,"enemies":"Reptomancer","floor":40.0,"turns":4.0},{"damage":37.0,"enemies":"Nemesis","floor":42.0,"turns":5.0},{"damage":7.0,"enemies":"Transient","floor":46.0,"turns":6.0},{"damage":24.0,"enemies":"Writhing Mass","floor":47.0,"turns":7.0},{"damage":6,"enemies":"3 Darklings","floor":48,"turns":2},{"damage":17,"enemies":"Awakened One","floor":50,"turns":3}],"seed_played":"857929435133487774","potions_obtained":[{"floor":4.0,"key":"EssenceOfSteel"},{"floor":7.0,"key":"SpeedPotion"},{"floor":11.0,"key":"LiquidMemories"},{"floor":13.0,"key":"Explosive Potion"},{"floor":20.0,"key":"Fruit Juice"},{"floor":28.0,"key":"Energy Potion"},{"floor":36.0,"key":"SteroidPotion"},{"floor":42.0,"key":"Poison Potion"},{"floor":46.0,"key":"Strength Potion"}],"is_trial":false,"path_per_floor":["M","?","M","M","M","R","M","R","T","E","M","R","E","?","R","B",null,"M","?","M","M","?","R","$","R","T","$","E","R","?","M","R","B",null,"M","M","M","?","M","E","R","E","T","R","?","M","M","M","R","B"],"character_chosen":"THE_SILENT","items_purchased":["PreservedInsect"],"campfire_rested":5,"item_purchase_floors":[24],"current_hp_per_floor":[59,59,58,56,50,50,49,49,49,24,22,22,15,15,34,28,57,45,45,45,23,23,23,23,42,42,42,37,37,19,19,40,7,55,47,47,26,62,50,34,52,15,15,33,62,55,31,25,25,8,8],"gold":339,"neow_bonus":"BOSS_RELIC","is_daily":false,"chose_seed":false,"campfire_upgraded":5,"win_rate":0.0,"timestamp":1608564868,"path_taken":["M","?","M","M","M","R","M","R","T","E","M","R","E","?","R","BOSS","M","?","M","M","?","R","$","R","T","$","E","R","?","M","R","BOSS","M","M","M","?","M","E","R","E","T","R","?","M","M","M","R","BOSS"],"items_purchased_type":["Relic"],"build_version":"2020-12-13","purchased_purges":1,"victory":false,"max_hp_per_floor":[66,66,66,66,66,66,66,66,66,66,66,66,66,66,66,66,66,66,66,66,66,66,66,66,66,66,66,66,66,71,71,71,71,71,71,71,76,62,62,62,62,62,62,62,62,62,62,62,62,62,62],"relic_stats":{"Nunchaku":[27],"Centennial Puzzle":[15],"counters":[25,114],"Sundial":[6],"HoveringKite":[44],"PreservedInsect":153,"Juzu Bracelet":0,"Smiling Mask":0,"obtain_stats":[{"Nunchaku":10,"Centennial Puzzle":40,"WristBlade":0,"Sundial":26,"HoveringKite":17,"PreservedInsect":24,"Fusion Hammer":34,"Juzu Bracelet":28,"Paper Crane":13,"Toxic Egg 2":43,"Smiling Mask":42,"Ring of the Snake":0},{"Nunchaku":6,"Centennial Puzzle":20,"WristBlade":0,"Sundial":12,"HoveringKite":9,"PreservedInsect":12,"Fusion Hammer":15,"Juzu Bracelet":13,"Paper Crane":8,"Toxic Egg 2":21,"Smiling Mask":21,"Ring of the Snake":0},{"Nunchaku":22,"Centennial Puzzle":91,"WristBlade":0,"Sundial":56,"HoveringKite":44,"PreservedInsect":56,"Fusion Hammer":70,"Juzu Bracelet":59,"Paper Crane":33,"Toxic Egg 2":96,"Smiling Mask":96,"Ring of the Snake":0}]},"card_choices":[{"not_picked":["PiercingWail","Dagger Throw"],"picked":"Slice","floor":1.0},{"not_picked":["Finisher","Dagger Throw"],"picked":"Terror","floor":3.0},{"not_picked":["Flying Knee","Dodge and Roll"],"picked":"Dagger Spray","floor":4.0},{"not_picked":["Riddle With Holes","Dagger Throw"],"picked":"Backflip","floor":5.0},{"not_picked":["Dagger Spray","Well Laid Plans"],"picked":"Endless Agony","floor":7.0},{"not_picked":["Terror","Sucker Punch"],"picked":"Tools of the Trade","floor":10.0},{"not_picked":["Dagger Spray","Concentrate"],"picked":"Reflex","floor":11.0},{"not_picked":["Dodge and Roll","Dash"],"picked":"Choke","floor":13.0},{"not_picked":["Bullet Time","Doppelganger"],"picked":"Corpse Explosion","floor":16.0},{"not_picked":["Terror+1","Acrobatics"],"picked":"Blade Dance","floor":18.0},{"not_picked":["Predator","Poisoned Stab","Catalyst"],"picked":"SKIP","floor":20.0},{"not_picked":["Poisoned Stab","Escape Plan"],"picked":"Dagger Throw","floor":21.0},{"not_picked":["Poisoned Stab","Skewer+1"],"picked":"Deflect","floor":28.0},{"not_picked":["Flying Knee+1","Quick Slash","Choke"],"picked":"SKIP","floor":31.0},{"not_picked":["Die Die Die","Night Terror"],"picked":"Storm of Steel","floor":33.0},{"not_picked":["Quick Slash","Setup+1"],"picked":"Backstab","floor":35.0},{"not_picked":["Underhanded Strike","Prepared+1"],"picked":"Blade Dance","floor":36.0},{"not_picked":["Eviscerate","Noxious Fumes","Masterful Stab"],"picked":"SKIP","floor":37.0},{"not_picked":["All Out Attack+1","Quick Slash","Noxious Fumes"],"picked":"SKIP","floor":39.0},{"not_picked":["Dagger Throw+1","Dagger Spray"],"picked":"Escape Plan+1","floor":40.0},{"not_picked":["Expertise+1","Burst"],"picked":"PiercingWail","floor":42.0},{"not_picked":["Bane","Dagger Throw"],"picked":"Predator","floor":46.0},{"not_picked":["Bouncing Flask+1","Underhanded Strike+1"],"picked":"Escape Plan+1","floor":47.0},{"not_picked":["Backflip+1","Bane"],"picked":"Wraith Form v2","floor":48}],"player_experience":1805742,"relics_obtained":[{"floor":10.0,"key":"Nunchaku"},{"floor":13.0,"key":"Paper Crane"},{"floor":26.0,"key":"Sundial"},{"floor":28.0,"key":"Juzu Bracelet"},{"floor":40.0,"key":"Centennial Puzzle"},{"floor":42.0,"key":"Smiling Mask"},{"floor":43.0,"key":"Toxic Egg 2"}],"event_choices":[{"damage_healed":0.0,"max_hp_gain":0.0,"max_hp_loss":0.0,"gold_gain":0.0,"event_name":"Shining Light","player_choice":"Ignored","floor":2.0,"gold_loss":0.0,"damage_taken":0.0},{"damage_healed":0.0,"max_hp_gain":0.0,"max_hp_loss":0.0,"gold_gain":0.0,"event_name":"Living Wall","player_choice":"Grow","floor":14.0,"gold_loss":0.0,"damage_taken":0.0,"cards_upgraded":["Choke"]},{"damage_healed":0.0,"max_hp_gain":0.0,"max_hp_loss":0.0,"gold_gain":0.0,"event_name":"Back to Basics","player_choice":"Simplicity","floor":19.0,"gold_loss":0.0,"damage_taken":0.0,"cards_upgraded":["Strike_G","Strike_G","Strike_G","Strike_G","Strike_G","Defend_G","Defend_G","Defend_G","Defend_G","Defend_G"]},{"cards_removed":["Strike_G"],"damage_healed":0.0,"max_hp_gain":0.0,"max_hp_loss":0.0,"gold_gain":0.0,"event_name":"Beggar","player_choice":"Gave Gold","floor":22.0,"gold_loss":75.0,"damage_taken":0.0},{"damage_healed":0.0,"max_hp_gain":5.0,"max_hp_loss":0.0,"gold_gain":0.0,"event_name":"Forgotten Altar","player_choice":"Shed Blood","floor":30.0,"gold_loss":0.0,"damage_taken":23.0},{"damage_healed":62.0,"max_hp_gain":0.0,"max_hp_loss":14.0,"gold_gain":0.0,"event_name":"The Moai Head","player_choice":"Heal","floor":38.0,"gold_loss":0.0,"damage_taken":0.0},{"damage_healed":29.0,"max_hp_gain":0.0,"max_hp_loss":0.0,"gold_gain":0.0,"event_name":"MindBloom","player_choice":"Heal","floor":45.0,"gold_loss":0.0,"damage_taken":0.0,"cards_obtained":["Doubt"]}],"is_beta":false,"boss_relics":[{"not_picked":["Velvet Choker","SlaversCollar"],"picked":"HoveringKite"},{"not_picked":["Cursed Key","Tiny House"],"picked":"Fusion Hammer"}],"items_purged_floors":[24],"is_endless":false,"potions_floor_spawned":[4,7,11,13,20,21,28,36,42,46],"killed_by":"Awakened One","ascension_level":20}}