{"host":"3olzf542l24t7rz7","time":1608532837,"event":{"mods":["Aspiration","BaseMod","BetterRewards","Colored Map","Colored Powertips","Conspire","Halation","Hubris","Infinite Spire","Minty Spire (QoL Compilation)","Replay The Spire","Shop Mod","StSLib","Waifu the Spire","WarShipGirlsR/????R mod","vexMod"],"gold_per_floor":[114,114,135,135,135,178,178,153,231,231,270,270,303,322,322,453,453,469,494,270,291,315,315,163,163,163,202,227,227,246,246,246],"floor_reached":31,"playtime":1499,"items_purged":["rmod:defend","rmod:basicallowance"],"score":298,"play_id":"b4f2ac8f-d0e8-4bd5-b5e2-9a090a50d16c","local_time":"20201221014037","is_ascension_mode":false,"campfire_choices":[{"floor":7.0,"key":"REST"},{"data":"rmod:expedition","floor":10.0,"key":"SMITH"},{"floor":15.0,"key":"REST"},{"data":"rmod:expedition+1","floor":15.0,"key":"SMITH"},{"floor":23.0,"key":"REST"},{"data":"rmod:abidefaith","floor":23.0,"key":"SMITH"},{"floor":29.0,"key":"REST"},{"data":"hubris:Compulsion","floor":29.0,"key":"SMITH"}],"circlet_count":0,"master_deck":["rmod:strick","rmod:strick","rmod:strick+1","rmod:defend","rmod:defend","rmod:defend","rmod:maingunfire","rmod:salvage","rmod:fletcherpendant","rmod:firesupport","rmod:fletcherpendant","rmod:expedition+2","rmod:selfconfidence","rmod:wolves","rmod:circuitoustactics","rmod:diamondstrike","rmod:abidefaith+1","rmod:fletcherpendant","rmod:fletcherpendant","rmod:mineteam","rmod:goodfighter+1","Pain","infinitespire:Collect","rmod:fletcherpendant"],"relics":["rmod:firstchargereward","Golden Idol","Orichalcum","Mummified Hand","Bag of Marbles","Replay:Bottled Flurry","infinitespire:Magic Flask","Runic Pyramid","Lizard Tail","halation:PrussianBluePaint"],"acts_visited":["Exordium","TheCity"],"potions_floor_usage":[],"damage_taken":[{"damage":1.0,"enemies":"2 Louse","floor":1.0,"turns":2.0},{"damage":0.0,"enemies":"Small Slimes","floor":3.0,"turns":2.0},{"damage":14.0,"enemies":"Gremlin Nob","floor":6.0,"turns":4.0},{"damage":12.0,"enemies":"3 Sentries","floor":11.0,"turns":4.0},{"damage":2.0,"enemies":"Gremlin Nob","floor":13.0,"turns":3.0},{"damage":4.0,"enemies":"conspire:RoseBush","floor":14.0,"turns":2.0},{"damage":16.0,"enemies":"Fading Forest","floor":16.0,"turns":13.0},{"damage":5.0,"enemies":"conspire:FuzzyDice","floor":18.0,"turns":4.0},{"damage":15.0,"enemies":"Spheric Guardian","floor":19.0,"turns":4.0},{"damage":0.0,"enemies":"3 Cultists","floor":21.0,"turns":2.0},{"damage":35.0,"enemies":"Shelled Parasite and Fungi","floor":22.0,"turns":5.0},{"damage":70.0,"enemies":"Book of Stabbing","floor":27.0,"turns":5.0},{"damage":0.0,"enemies":"Snecko","floor":28.0,"turns":1.0},{"damage":14.0,"enemies":"Centurion and Healer","floor":30.0,"turns":4.0},{"damage":0,"enemies":"conspire:HollyBat","floor":31,"turns":1}],"seed_played":"6824774991741516234","potions_obtained":[{"floor":1.0,"key":"Elixir"},{"floor":6.0,"key":"FearPotion"},{"floor":14.0,"key":"Weak Potion"},{"floor":16.0,"key":"CultistPotion"},{"floor":21.0,"key":"Explosive Potion"},{"floor":22.0,"key":"Elixir"},{"floor":27.0,"key":"Energy Potion"},{"floor":30.0,"key":"SkillPotion"}],"is_trial":false,"path_per_floor":["M","?","M","?","?","E","R","?","T","R","E","T","E","M","R","B",null,"M","M","$","M","M","R","$","?","T","E","M","R","M","M"],"character_chosen":"PRAEFECT","items_purchased":["Fruit Juice","Dexterity Potion","rmod:goodfighter+1"],"campfire_rested":4,"item_purchase_floors":[20,20,24],"current_hp_per_floor":[74,56,56,56,56,42,64,64,64,64,52,52,50,46,68,62,75,70,55,55,60,25,49,49,49,49,21,21,45,31,31,31],"gold":246,"neow_bonus":"TRANSFORM_CARD","is_daily":false,"chose_seed":false,"campfire_upgraded":4,"win_rate":0.0,"timestamp":1608532837,"path_taken":["M","?","M","?","?","E","R","?","T","R","E","?","E","M","R","BOSS","M","M","$","M","M","R","$","?","T","E","M","R","M","M"],"items_purchased_type":["Potion","Potion","Card"],"build_version":"2020-12-13","purchased_purges":2,"victory":false,"max_hp_per_floor":[75,75,75,75,75,75,75,75,75,75,75,75,75,75,75,75,75,75,75,75,80,80,80,80,80,80,80,80,80,80,80,80],"card_choices":[{"not_picked":["rmod:tearstotiara","rmod:ring"],"picked":"rmod:firesupport","floor":1.0},{"not_picked":["rmod:generalist","rmod:fuelsupply"],"picked":"rmod:expedition","floor":3.0},{"not_picked":["rmod:expedition","rmod:gendarmerie"],"picked":"rmod:selfconfidence","floor":6.0},{"not_picked":["rmod:fletcherpendant","rmod:bulid"],"picked":"rmod:wolves","floor":11.0},{"not_picked":["rmod:fletcherpendant","rmod:expedition"],"picked":"rmod:circuitoustactics","floor":13.0},{"not_picked":["rmod:capitalist","rmod:unsinkable"],"picked":"rmod:diamondstrike","floor":14.0},{"not_picked":["rmod:saltedfish","rmod:expeditionaryescort"],"picked":"rmod:abidefaith","floor":16.0},{"not_picked":["rmod:bulid","rmod:smokecover","rmod:supportaircraftcarrier"],"picked":"SKIP","floor":18.0},{"not_picked":["rmod:launchingtorpedo","rmod:aluminumsupply+1"],"picked":"rmod:mineteam","floor":19.0},{"not_picked":["rmod:tearstotiara","rmod:firesupport","rmod:supportescort"],"picked":"SKIP","floor":21.0},{"not_picked":["rmod:steelsupply","rmod:circuitoustactics+1","rmod:chargemoney"],"picked":"SKIP","floor":22.0},{"not_picked":["infinitespire:Execution","ReplayTheSpireMod:Echoes of Time"],"picked":"infinitespire:Collect","floor":25.0},{"not_picked":["rmod:supriseattacks","rmod:intelligenceanalysis","rmod:ammunitionsupply"],"picked":"SKIP","floor":27.0},{"not_picked":["rmod:luckystar","rmod:supportescort","rmod:fletcherpendant"],"picked":"SKIP","floor":28.0},{"not_picked":["rmod:unsinkable","rmod:circuitoustactics","rmod:mineteam"],"picked":"SKIP","floor":30.0}],"player_experience":379812,"relics_obtained":[{"floor":6.0,"key":"Orichalcum"},{"floor":9.0,"key":"Mummified Hand"},{"floor":11.0,"key":"Bag of Marbles"},{"floor":12.0,"key":"Replay:Bottled Flurry"},{"floor":13.0,"key":"infinitespire:Magic Flask"},{"floor":26.0,"key":"Lizard Tail"},{"floor":27.0,"key":"halation:PrussianBluePaint"}],"event_choices":[{"damage_healed":0.0,"max_hp_gain":0.0,"max_hp_loss":0.0,"gold_gain":0.0,"event_name":"Golden Idol","player_choice":"Take Damage","floor":2.0,"gold_loss":0.0,"damage_taken":18.0,"relics_obtained":["Golden Idol"]}],"is_beta":false,"boss_relics":[{"not_picked":["hubris:RunicObelisk","Velvet Choker"],"picked":"Runic Pyramid"}],"items_purged_floors":[20,24],"is_endless":false,"potions_floor_spawned":[1,6,14,16,21,22,27,30],"killed_by":"conspire:HollyBat","ascension_level":0}}