{"host":"baymyijz6sxaqj5s","time":1608547206,"event":{"mods":["AchievementEnabler","BaseMod","Colored Map","Colored Powertips","DeckTracker","KOR Keyword Fix","Keyboard Shortcuts","Minty Spire (QoL Compilation)","StSLib","SuperFastMode"],"gold_per_floor":[109,125,141,156,169,169,179,179,179,196,209,209,223,233,233,329,329,348,348,348],"floor_reached":19,"playtime":684,"items_purged":[],"score":167,"play_id":"61b5f898-6409-44ad-818b-db06c832f2c0","local_time":"20201221194006","is_ascension_mode":false,"campfire_choices":[{"data":"Body Slam","floor":6,"key":"SMITH"},{"data":"Flame Barrier","floor":12,"key":"SMITH"},{"data":"Shrug It Off","floor":15,"key":"SMITH"}],"circlet_count":0,"master_deck":["Strike_R","Strike_R","Strike_R","Strike_R","Strike_R","Defend_R","Defend_R","Defend_R","Defend_R","Bash","Shrug It Off+1","Body Slam+1","Headbutt","Flame Barrier+1","Pommel Strike+1","Limit Break","Sword Boomerang+1"],"relics":["Burning Blood","Molten Egg 2","SlaversCollar"],"acts_visited":["Exordium","TheCity"],"potions_floor_usage":[5,11,16,16,18],"damage_taken":[{"damage":1,"enemies":"Jaw Worm","floor":1,"turns":5},{"damage":10,"enemies":"2 Louse","floor":2,"turns":4},{"damage":2,"enemies":"Cultist","floor":3,"turns":4},{"damage":9,"enemies":"Looter","floor":4,"turns":5},{"damage":3,"enemies":"3 Louse","floor":5,"turns":5},{"damage":4,"enemies":"Large Slime","floor":7,"turns":8},{"damage":11,"enemies":"Lots of Slimes","floor":10,"turns":6},{"damage":0,"enemies":"Exordium Thugs","floor":11,"turns":5},{"damage":0,"enemies":"Exordium Wildlife","floor":13,"turns":4},{"damage":11,"enemies":"Blue Slaver","floor":14,"turns":3},{"damage":26,"enemies":"The Guardian","floor":16,"turns":13},{"damage":28,"enemies":"Shell Parasite","floor":18,"turns":11},{"damage":67,"enemies":"Masked Bandits","floor":19,"turns":4}],"seed_played":"-8071164337243874718","potions_obtained":[{"floor":2,"key":"SteroidPotion"},{"floor":4,"key":"Dexterity Potion"},{"floor":7,"key":"FearPotion"},{"floor":10,"key":"SpeedPotion"},{"floor":16,"key":"BlessingOfTheForge"}],"is_trial":false,"path_per_floor":["M","M","M","M","M","R","M","?","T","M","M","R","M","M","R","B",null,"M","?"],"character_chosen":"IRONCLAD","items_purchased":[],"campfire_rested":0,"item_purchase_floors":[],"current_hp_per_floor":[88,84,88,85,88,88,88,88,88,83,88,88,88,83,83,63,88,66,0,0],"gold":348,"neow_bonus":"TEN_PERCENT_HP_BONUS","is_daily":false,"chose_seed":false,"campfire_upgraded":3,"win_rate":0.0,"timestamp":1608547206,"path_taken":["M","M","M","M","M","R","M","?","T","M","M","R","M","M","R","BOSS","M","?"],"items_purchased_type":[],"build_version":"2020-12-13","purchased_purges":0,"victory":false,"max_hp_per_floor":[88,88,88,88,88,88,88,88,88,88,88,88,88,88,88,88,88,88,88,88],"card_choices":[{"not_picked":["Thunderclap","Seeing Red"],"picked":"Shrug It Off","floor":1},{"not_picked":["Cleave","Blood for Blood"],"picked":"Body Slam","floor":2},{"not_picked":["Combust","Disarm"],"picked":"Headbutt","floor":3},{"not_picked":["Flex","Shrug It Off","Searing Blow"],"picked":"SKIP","floor":4},{"not_picked":["Blood for Blood","True Grit","Wild Strike"],"picked":"SKIP","floor":5},{"not_picked":["Second Wind","Combust","Havoc"],"picked":"SKIP","floor":7},{"not_picked":["Battle Trance","Wild Strike+1"],"picked":"Flame Barrier","floor":10},{"not_picked":["Sentinel","Wild Strike+1","Burning Pact"],"picked":"SKIP","floor":11},{"not_picked":["Rampage+1","Infernal Blade","Fiend Fire+1"],"picked":"SKIP","floor":13},{"not_picked":["Disarm","Iron Wave+1"],"picked":"Pommel Strike+1","floor":14},{"not_picked":["Berserk","Fiend Fire+1"],"picked":"Limit Break","floor":16},{"not_picked":["Dual Wield","Thunderclap+1"],"picked":"Sword Boomerang+1","floor":18}],"player_experience":162247,"relics_obtained":[{"floor":9,"key":"Molten Egg 2"}],"event_choices":[{"damage_healed":0,"gold_gain":0,"player_choice":"Ignored","damage_taken":0,"max_hp_gain":0,"max_hp_loss":0,"event_name":"Liars Game","floor":8,"gold_loss":0},{"damage_healed":0,"gold_gain":0,"player_choice":"Fought Bandits","damage_taken":0,"max_hp_gain":0,"max_hp_loss":0,"event_name":"Masked Bandits","floor":19,"gold_loss":0}],"is_beta":false,"boss_relics":[{"not_picked":["SacredBark","Black Star"],"picked":"SlaversCollar"}],"items_purged_floors":[],"is_endless":false,"potions_floor_spawned":[2,4,7,10,16],"killed_by":"Masked Bandits","ascension_level":0}}