{"host":"40bskn0fwnfkmxz7","time":1608555304,"event":{"mods":["BaseMod","Minty Spire (QoL Compilation)","Replay The Spire","StSLib"],"gold_per_floor":[218,233,85,96,110,135,135,154,154,171,184,184,197,207,207,207,207],"floor_reached":16,"playtime":733,"items_purged":["Strike_G"],"score":108,"play_id":"0f32c2aa-d89e-46d3-9d69-d0d75586a7da","local_time":"20201221145504","is_ascension_mode":false,"campfire_choices":[{"data":"Dagger Spray","floor":7,"key":"SMITH"},{"data":"ReplayTheSpireMod:Scrap Shanks","floor":12,"key":"SMITH"},{"floor":15,"key":"REST"}],"circlet_count":0,"master_deck":["Strike_G","Strike_G","Strike_G","Strike_G","Defend_G","Defend_G","Defend_G","Defend_G","Defend_G","Survivor","Neutralize","Dagger Spray+1","Quick Slash","Accuracy","Prepared","Poisoned Stab","Dodge and Roll","ReplayTheSpireMod:Scrap Shanks+1"],"relics":["Ring of the Snake","Bird Faced Urn","White Beast Statue"],"acts_visited":["Exordium"],"potions_floor_usage":[5,5,5,6,6,16,16],"damage_taken":[{"damage":0,"enemies":"Cultist","floor":1,"turns":4},{"damage":1,"enemies":"Jaw Worm","floor":2,"turns":6},{"damage":0,"enemies":"2 Louse","floor":4,"turns":2},{"damage":9,"enemies":"Exordium Wildlife","floor":5,"turns":4},{"damage":16,"enemies":"Replay:BlueRogue","floor":6,"turns":7},{"damage":0,"enemies":"Blue Slaver","floor":8,"turns":4},{"damage":4,"enemies":"Large Slime","floor":10,"turns":6},{"damage":1,"enemies":"2 Fungi Beasts","floor":11,"turns":4},{"damage":4,"enemies":"Red Slaver","floor":13,"turns":4},{"damage":0,"enemies":"Gremlin Gang","floor":14,"turns":6},{"damage":65,"enemies":"Hexaghost","floor":16,"turns":11}],"seed_played":"804015055329885017","potions_obtained":[{"floor":1,"key":"SkillPotion"},{"floor":4,"key":"EntropicBrew"},{"floor":10,"key":"Strength Potion"},{"floor":11,"key":"Reflective Coating"},{"floor":13,"key":"CunningPotion"}],"is_trial":false,"path_per_floor":["M","M","$","M","M","E","R","M","T","M","M","R","M","M","R","B"],"character_chosen":"THE_SILENT","items_purchased":["Accuracy"],"campfire_rested":1,"item_purchase_floors":[3],"current_hp_per_floor":[70,69,69,69,60,44,44,44,44,40,39,39,39,41,62,1,1],"gold":207,"neow_bonus":"HUNDRED_GOLD","is_daily":false,"chose_seed":false,"campfire_upgraded":2,"win_rate":0.0,"timestamp":1608555304,"path_taken":["M","M","$","M","M","E","R","M","T","M","M","R","?","M","R","BOSS"],"items_purchased_type":["Card"],"build_version":"2020-12-13","purchased_purges":1,"victory":false,"max_hp_per_floor":[70,70,70,70,70,70,70,70,70,70,70,70,70,70,70,70,70],"card_choices":[{"not_picked":["Dash","Cloak And Dagger"],"picked":"Dagger Spray","floor":1},{"not_picked":["PiercingWail","Calculated Gamble"],"picked":"Quick Slash","floor":2},{"not_picked":["Terror","Dagger Spray"],"picked":"Prepared","floor":4},{"not_picked":["Expertise","PiercingWail"],"picked":"Poisoned Stab","floor":5},{"not_picked":["Bouncing Flask","Dagger Spray","Sucker Punch"],"picked":"SKIP","floor":6},{"not_picked":["PiercingWail","Flying Knee","Distraction"],"picked":"SKIP","floor":8},{"not_picked":["Deflect","Bane"],"picked":"Dodge and Roll","floor":10},{"not_picked":["Flying Knee","Toxin Wave"],"picked":"ReplayTheSpireMod:Scrap Shanks","floor":11},{"not_picked":["Dodge and Roll","Dagger Spray","Masterful Stab"],"picked":"SKIP","floor":13},{"not_picked":["Slice","Underhanded Strike","Sneak Up"],"picked":"SKIP","floor":14}],"player_experience":462248,"relics_obtained":[{"floor":6,"key":"Bird Faced Urn"},{"floor":9,"key":"White Beast Statue"}],"event_choices":[],"is_beta":false,"boss_relics":[],"items_purged_floors":[3],"is_endless":false,"potions_floor_spawned":[1,4,10,11,13,14],"killed_by":"Hexaghost","ascension_level":0}}