{"host":"esx1hwjnbftf3eqj","time":1608590950,"event":{"mods":["BaseMod","Colored Map","Minty Spire (QoL Compilation)","StSLib","The Jungle"],"gold_per_floor":[113,123,48,123,133,133,160,160,160,186,233,233,262,280,280,391,418,441,461,215,241,256,256,287,337,361,398,414,94,113,127,127,237,237,257,268,286,286,307,342,342,39,39,71,121,449,449,125,125,125],"floor_reached":51,"playtime":5637,"items_purged":["Strike_R","Strike_R","Strike_R","Bash","Bludgeon+1"],"score":1051,"play_id":"1538a9cf-88ea-4761-a775-764ac56a35ed","local_time":"20201221144910","is_ascension_mode":true,"campfire_choices":[{"data":"Shockwave","floor":6,"key":"SMITH"},{"data":"Shockwave","floor":8,"key":"SMITH"},{"data":"Flame Barrier","floor":12,"key":"SMITH"},{"data":"Iron Wave","floor":15,"key":"SMITH"},{"data":"Heavy Blade","floor":23,"key":"SMITH"},{"data":"Dual Wield","floor":32,"key":"SMITH"},{"data":"Limit Break","floor":41,"key":"SMITH"},{"data":"Offering","floor":47,"key":"SMITH"},{"data":"Battle Trance","floor":49,"key":"SMITH"}],"circlet_count":0,"master_deck":["Defend_R+1","Defend_R","Defend_R","Shockwave+1","Iron Wave+1","Shockwave+1","Flame Barrier+1","Juggernaut","Pommel Strike+1","Heavy Blade+1","Twin Strike+1","Heavy Blade+1","Shrug It Off+1","Battle Trance+1","Cleave+1","Dual Wield+1","Limit Break+1","Iron Wave+1","Headbutt+1","Offering+1","Impervious"],"relics":["Burning Blood","Kunai","HornCleat","Odd Mushroom","CeramicFish","Eternal Feather","Astrolabe","Brimstone","War Paint","Oddly Smooth Stone","Bronze Scales","Bag of Preparation","Cursed Key","Bottled Tornado","Bag of Marbles","Whetstone","Unceasing Top","Old Coin"],"acts_visited":["Exordium","TheCity","TheBeyond"],"potions_floor_usage":[5,24,27,27,33,50,50],"damage_taken":[{"damage":0,"enemies":"Small Slimes","floor":1,"turns":3},{"damage":4,"enemies":"2 Louse","floor":2,"turns":4},{"damage":8,"enemies":"Jaw Worm","floor":5,"turns":4},{"damage":41,"enemies":"Gremlin Nob","floor":7,"turns":6},{"damage":12,"enemies":"The Mushroom Lair","floor":10,"turns":5},{"damage":15,"enemies":"Lagavulin","floor":13,"turns":11},{"damage":13,"enemies":"Lots of Slimes","floor":14,"turns":5},{"damage":27,"enemies":"The Guardian","floor":16,"turns":15},{"damage":0,"enemies":"3 Byrds","floor":18,"turns":3},{"damage":7,"enemies":"Chosen","floor":19,"turns":4},{"damage":12,"enemies":"Shelled Parasite and Fungi","floor":21,"turns":3},{"damage":0,"enemies":"3 Cultists","floor":22,"turns":4},{"damage":51,"enemies":"Gremlin Leader","floor":24,"turns":4},{"damage":19,"enemies":"Book of Stabbing","floor":27,"turns":5},{"damage":2,"enemies":"Snake Plant","floor":28,"turns":3},{"damage":1,"enemies":"Centurion and Healer","floor":30,"turns":4},{"damage":0,"enemies":"Chosen and Byrds","floor":31,"turns":3},{"damage":43,"enemies":"Automaton","floor":33,"turns":6},{"damage":5,"enemies":"3 Darklings","floor":35,"turns":4},{"damage":0,"enemies":"Orb Walker","floor":36,"turns":2},{"damage":2,"enemies":"Jaw Worm Horde","floor":37,"turns":3},{"damage":0,"enemies":"3 Darklings","floor":39,"turns":4},{"damage":11,"enemies":"Nemesis","floor":40,"turns":5},{"damage":11,"enemies":"Giant Head","floor":44,"turns":5},{"damage":0,"enemies":"Mind Bloom Boss Battle","floor":45,"turns":4},{"damage":20,"enemies":"Nemesis","floor":46,"turns":5},{"damage":58,"enemies":"Donu and Deca","floor":50,"turns":4}],"seed_played":"-153518050757755689","potions_obtained":[{"floor":5,"key":"Fruit Juice"},{"floor":7,"key":"Regen Potion"},{"floor":10,"key":"PowerPotion"},{"floor":16,"key":"PowerPotion"},{"floor":18,"key":"Block Potion"},{"floor":24,"key":"Fire Potion"},{"floor":27,"key":"SkillPotion"},{"floor":33,"key":"FearPotion"},{"floor":39,"key":"GamblersBrew"},{"floor":40,"key":"LiquidMemories"},{"floor":44,"key":"DuplicationPotion"}],"is_trial":false,"path_per_floor":["M","M","$","?","M","R","E","R","T","?","T","R","E","M","R","B",null,"M","M","$","M","M","R","E","?","T","E","M","$","M","M","R","B",null,"M","M","M","?","M","E","R","$","T","E","?","E","R","$","R","B",null],"character_chosen":"IRONCLAD","items_purchased":["Brimstone","Bag of Preparation","Cleave","Bag of Marbles","Impervious"],"campfire_rested":0,"item_purchase_floors":[20,29,29,42,48],"current_hp_per_floor":[86,88,88,77,80,80,45,45,45,39,39,39,30,23,29,8,72,78,77,77,71,77,86,41,41,41,42,46,46,51,57,66,29,77,78,84,88,88,93,88,93,93,93,88,93,79,91,91,93,41],"gold":125,"neow_bonus":"TEN_PERCENT_HP_BONUS","is_daily":false,"chose_seed":false,"campfire_upgraded":9,"win_rate":0.0,"timestamp":1608590950,"path_taken":["M","M","$","?","M","R","E","R","T","?","?","R","E","M","R","BOSS","M","M","$","?","M","R","E","?","T","E","M","$","?","M","R","BOSS","M","?","M","?","?","E","R","$","T","E","?","E","R","?","R","BOSS"],"items_purchased_type":["Relic","Relic","Card","Relic","Card"],"build_version":"2020-12-13","purchased_purges":5,"victory":true,"max_hp_per_floor":[88,88,88,88,93,93,93,93,93,93,93,93,93,93,93,93,93,93,93,93,93,93,93,93,93,93,93,93,93,93,93,93,93,93,93,93,93,93,93,93,93,93,93,93,93,93,93,93,93,93],"card_choices":[{"not_picked":["Body Slam","Shrug It Off"],"picked":"Shockwave","floor":1},{"not_picked":["Clothesline","Flex"],"picked":"Iron Wave","floor":2},{"not_picked":["Thunderclap","Combust"],"picked":"Shockwave","floor":5},{"not_picked":["Inflame","Second Wind"],"picked":"Flame Barrier","floor":7},{"not_picked":["Wild Strike","Clash","Hemokinesis"],"picked":"SKIP","floor":13},{"not_picked":["Rupture","Fiend Fire","Reckless Charge"],"picked":"SKIP","floor":14},{"not_picked":["Fiend Fire","Limit Break"],"picked":"Juggernaut","floor":16},{"not_picked":["Clash","Wild Strike+1"],"picked":"Twin Strike+1","floor":18},{"not_picked":["True Grit","Burning Pact"],"picked":"Heavy Blade","floor":19},{"not_picked":["Flex","Sword Boomerang"],"picked":"Shrug It Off","floor":21},{"not_picked":["Body Slam","Fire Breathing","Rupture"],"picked":"SKIP","floor":22},{"not_picked":["Rupture","Sever Soul","Headbutt"],"picked":"SKIP","floor":24},{"not_picked":["Bludgeon","Dropkick"],"picked":"Battle Trance","floor":27},{"not_picked":["Infernal Blade","Clothesline","Spot Weakness"],"picked":"SKIP","floor":28},{"not_picked":["Infernal Blade","Clothesline","Spot Weakness"],"picked":"SKIP","floor":28},{"not_picked":["Metallicize","Body Slam"],"picked":"Dual Wield","floor":30},{"not_picked":["Heavy Blade","Pommel Strike","Sentinel"],"picked":"SKIP","floor":31},{"not_picked":["Fiend Fire","Demon Form"],"picked":"Limit Break","floor":33},{"not_picked":["Infernal Blade+1","Dual Wield"],"picked":"Iron Wave+1","floor":35},{"not_picked":["Intimidate","Dark Embrace","Flex"],"picked":"SKIP","floor":36},{"not_picked":["Perfected Strike+1","Clothesline+1","Cleave"],"picked":"SKIP","floor":37},{"not_picked":["Cleave+1","Power Through+1"],"picked":"Headbutt+1","floor":39},{"not_picked":["Hemokinesis+1","Uppercut"],"picked":"Offering","floor":40},{"not_picked":["Inflame","Anger","Armaments+1"],"picked":"SKIP","floor":44},{"not_picked":["Uppercut+1","Second Wind+1","Demon Form"],"picked":"SKIP","floor":46}],"player_experience":557212,"relics_obtained":[{"floor":7,"key":"Kunai"},{"floor":9,"key":"HornCleat"},{"floor":10,"key":"Odd Mushroom"},{"floor":11,"key":"CeramicFish"},{"floor":13,"key":"Eternal Feather"},{"floor":24,"key":"War Paint"},{"floor":26,"key":"Oddly Smooth Stone"},{"floor":27,"key":"Bronze Scales"},{"floor":40,"key":"Bottled Tornado"},{"floor":44,"key":"Whetstone"},{"floor":45,"key":"Unceasing Top"},{"floor":46,"key":"Old Coin"}],"event_choices":[{"damage_healed":0,"gold_gain":75,"player_choice":"Gather Gold","damage_taken":11,"max_hp_gain":0,"max_hp_loss":0,"event_name":"World of Goop","floor":4,"gold_loss":0},{"damage_healed":0,"gold_gain":0,"player_choice":"Fought Mushrooms","damage_taken":0,"max_hp_gain":0,"max_hp_loss":0,"event_name":"Mushrooms","floor":10,"gold_loss":0},{"damage_healed":0,"gold_gain":100,"player_choice":"Bet on Murderer","damage_taken":0,"max_hp_gain":0,"max_hp_loss":0,"event_name":"The Joust","floor":25,"gold_loss":50},{"damage_healed":0,"gold_gain":0,"player_choice":"0 cards matched","damage_taken":0,"max_hp_gain":0,"max_hp_loss":0,"event_name":"Match and Keep!","floor":38,"gold_loss":0,"cards_obtained":[]},{"damage_healed":0,"gold_gain":0,"player_choice":"Fight","damage_taken":0,"max_hp_gain":0,"max_hp_loss":0,"event_name":"MindBloom","floor":45,"gold_loss":0}],"is_beta":false,"boss_relics":[{"not_picked":["Runic Pyramid","SacredBark"],"picked":"Astrolabe"},{"not_picked":["Velvet Choker","Philosopher\u0027s Stone"],"picked":"Cursed Key"}],"items_purged_floors":[3,20,29,42,48],"is_endless":false,"potions_floor_spawned":[5,7,10,16,18,24,27,33,39,40,44,46],"ascension_level":7}}