{"host":"hfvpa4llnnjpeawn","time":1608526364,"event":{"mods":["2.2 Compatiblity","AchievementEnabler","Act Like it!","Aspiration","Bard","BaseMod","Beaked The Cultist","Better Sensory Stone","Better Skull","Better Third Choice","BetterRewards","CapriCore","Conspire","Downfall","Elementarium","Energized Spire","Hermit","Hubris","Jorbs\u0027s Wanderer Trilogy","Koishi","Lobotomy","LobotomyExtend","Minty Spire (QoL Compilation)","Replay The Spire","Shade Mod","Spicy Shops","StSLib","The Bladedancer","The Factory","The Gatherer","The Jungle","The Marked","Waifu the Spire","Wandering Minibosses"],"gold_per_floor":[99,125,15,290,290,20,47,47,69,69,79,79,100,124,145,245,245,170,180,180],"floor_reached":19,"playtime":950,"items_purged":[],"score":240,"play_id":"c291a01d-1e77-4906-b718-5900bc06dd75","local_time":"20201220235244","is_ascension_mode":false,"campfire_choices":[{"floor":1,"key":"RECALL"},{"data":"expansioncontent:SuperHexaguard","floor":8,"key":"SMITH"},{"data":"hermit:Manifest","floor":10,"key":"SMITH"},{"data":"hermit:Maintenance","floor":18,"key":"SMITH"}],"circlet_count":0,"master_deck":["hermit:Strike_Hermit","hermit:Strike_Hermit","hermit:Strike_Hermit","hermit:Strike_Hermit","hermit:Defend_Hermit","hermit:Defend_Hermit+1","hermit:Defend_Hermit","hermit:Defend_Hermit","hermit:Snapshot+1","hermit:Covet","hermit:Headshot","hermit:WideOpen","hermit:Scavenge","hermit:Scavenge","Regret","hermit:Dive","hermit:Manifest+1","hermit:ShadowCloak+1","expansioncontent:SuperHexaguard+1","hermit:RoundhouseKick","hermit:Maintenance+1","hermit:HeroicBravado"],"relics":["hermit:Momento","downfall:HeartsMalice","Eternal Feather","LetterFromLob","Regal Pillow","hubris:TerracottaHorce","downfall:HeartBlessingRed"],"acts_visited":["Exordium","Exordium"],"potions_floor_usage":[11,14,19],"damage_taken":[{"damage":0,"enemies":"Gremlin Nob","floor":2,"turns":1},{"damage":0,"enemies":"downfall:FleeingMerchant","floor":3,"turns":1},{"damage":0,"enemies":"Jaw Worm","floor":5,"turns":1},{"damage":0,"enemies":"downfall:FleeingMerchant","floor":6,"turns":4},{"damage":0,"enemies":"Cultist","floor":9,"turns":4},{"damage":10,"enemies":"Small Slimes","floor":11,"turns":3},{"damage":6,"enemies":"3 Louse","floor":13,"turns":5},{"damage":0,"enemies":"Exordium Thugs","floor":14,"turns":5},{"damage":0,"enemies":"Exordium Wildlife","floor":15,"turns":3},{"damage":0,"enemies":"Slime Boss","floor":16,"turns":16},{"damage":166,"enemies":"downfall:FleeingMerchant","floor":19,"turns":5}],"seed_played":"-3040601689340771890","potions_obtained":[{"floor":9,"key":"Fire Potion"},{"floor":11,"key":"Guardian:BlockOnCardUsePotion"},{"floor":13,"key":"Toxic Potion"},{"floor":15,"key":"FairyPotion"},{"floor":16,"key":"Reflective Coating"}],"is_trial":false,"path_per_floor":["R","E","$","?","M","$","T","R","M","R","M","?","M","M","M","B",null,"R","$"],"character_chosen":"HERMIT","items_purchased":["hermit:Scavenge","hermit:ShadowCloak+1","expansioncontent:SuperHexaguard"],"campfire_rested":0,"item_purchase_floors":[3,6,6],"current_hp_per_floor":[75,75,75,75,75,75,75,75,75,75,65,50,44,44,44,44,67,75,0,0],"gold":180,"neow_bonus":"THREE_ENEMY_KILL","is_daily":false,"chose_seed":false,"campfire_upgraded":3,"win_rate":0.0,"timestamp":1608526364,"path_taken":["R","E","$","?","M","$","T","R","?","R","M","?","M","M","M","BOSS","R","$"],"items_purchased_type":["Card","Card","Card"],"build_version":"2020-12-13","purchased_purges":0,"victory":false,"max_hp_per_floor":[75,75,75,75,75,75,75,75,75,75,75,75,75,75,75,75,75,75,75,75],"card_choices":[{"not_picked":["hermit:BigShot","hermit:Ricochet"],"picked":"hermit:Headshot","floor":2},{"not_picked":["hermit:LowProfile","hermit:NoHoldsBarred"],"picked":"hermit:WideOpen","floor":3},{"not_picked":["hermit:GoldenBullet","hermit:CalledShot"],"picked":"hermit:Dive","floor":5},{"not_picked":["hermit:Vantage","hermit:Misfire"],"picked":"hermit:Manifest","floor":6},{"not_picked":["hermit:HighCaliber","hermit:LoneWolf","hermit:Manifest"],"picked":"SKIP","floor":9},{"not_picked":["hermit:HighCaliber","hermit:ShadowCloak","hermit:Snipe"],"picked":"SKIP","floor":11},{"not_picked":["hermit:Midnight","hermit:FlashPowder"],"picked":"hermit:RoundhouseKick","floor":13},{"not_picked":["hermit:HoleUp","hermit:LowProfile"],"picked":"hermit:Maintenance","floor":14},{"not_picked":["hermit:HighCaliber","hermit:Quickdraw","hermit:TrackingShot"],"picked":"SKIP","floor":15},{"not_picked":["hermit:FromBeyond","hermit:FatalDesire"],"picked":"hermit:HeroicBravado","floor":16}],"player_experience":300589,"relics_obtained":[{"floor":2,"key":"Eternal Feather"},{"floor":2,"key":"LetterFromLob"},{"floor":7,"key":"Regal Pillow"}],"event_choices":[{"damage_healed":0,"gold_gain":275,"player_choice":"Desecrate","damage_taken":0,"max_hp_gain":0,"max_hp_loss":0,"event_name":"Golden Shrine","floor":4,"gold_loss":0,"cards_obtained":["Regret"]},{"damage_healed":65,"gold_gain":0,"player_choice":"Upgrade","damage_taken":15,"max_hp_gain":0,"max_hp_loss":75,"event_name":"betterThird:BetterShining","floor":12,"gold_loss":0,"cards_upgraded":["hermit:Snapshot","hermit:Defend_Hermit"]}],"is_beta":false,"boss_relics":[{"not_picked":["Snecko Eye","Tiny House"],"picked":"hubris:TerracottaHorce"}],"items_purged_floors":[],"is_endless":false,"potions_floor_spawned":[9,11,13,15,16],"killed_by":"downfall:FleeingMerchant","ascension_level":0}}