{"host":"27cnk69rbdk9vsnt","time":1608591989,"event":{"mods":["BaseMod","Beaked The Cultist","Duelist Mod","Ekko","Energized Spire","Glutton Mod","JesterMod","Jorbs\u0027s Wanderer Trilogy","Mimic Mod","Minty Spire (QoL Compilation)","Shop Mod","StSLib","The Elementalist","Thieving Mod"],"gold_per_floor":[135,135,135,154,171,171,205,217,217,217,237,253,253,267,267,372,372,387,387,60,60,60],"floor_reached":21,"playtime":1693,"items_purged":["theDuelist:PuzzleDragonScales","theDuelist:PuzzleDragonRare"],"score":181,"play_id":"37231e97-bd13-4e50-9d4f-811f0d7f5567","local_time":"20201222000629","is_ascension_mode":false,"campfire_choices":[{"data":"theDuelist:StarlightRoad","floor":6,"key":"SMITH"},{"data":"theDuelist:BlackBrutdrago","floor":10,"key":"SMITH"},{"data":"theDuelist:CrossSwordBeetle","floor":15,"key":"SMITH"}],"circlet_count":0,"master_deck":["theDuelist:BabyDragon","theDuelist:CastleWalls","theDuelist:CaveDragon","theDuelist:CaveDragon","theDuelist:LesserDragon","theDuelist:LesserDragon","theDuelist:Sparks","theDuelist:Sparks","theDuelist:YamataDragon","theDuelist:CrossSwordBeetle+1","theDuelist:CurseDragon","theDuelist:StarlightRoad+1","theDuelist:DarkFactory","theDuelist:BlackBrutdrago+1","theDuelist:Raigeki","theDuelist:HaneHane","theDuelist:SauropodBrachion","theDuelist:SliferSky","theDuelist:SmashingGround+1","theDuelist:FrostflameDragon","theDuelist:LordD","theDuelist:DragonMastery","theDuelist:BlueEyesUltimate"],"relics":["theDuelist:MillenniumPuzzle","theDuelist:CardPoolRelic","theDuelist:CardPoolBasicRelic","theDuelist:BoosterPackPoolRelic","theDuelist:CardPoolAddRelic","theDuelist:CardPoolMinusRelic","theDuelist:CardPoolSaveRelic","theDuelist:CardPoolOptionsRelic","Smiling Mask","StrikeDummy","Regal Pillow","MerchantsRug"],"acts_visited":["Exordium","TheCity"],"potions_floor_usage":[16,16,18],"damage_taken":[{"damage":0,"enemies":"Small Slimes","floor":1,"turns":3},{"damage":2,"enemies":"Cultist","floor":4,"turns":3},{"damage":0,"enemies":"Jaw Worm","floor":5,"turns":2},{"damage":13,"enemies":"3 Sentries","floor":7,"turns":10},{"damage":4,"enemies":"Exordium Thugs","floor":8,"turns":3},{"damage":4,"enemies":"Gremlin Gang","floor":11,"turns":5},{"damage":0,"enemies":"Exordium Wildlife","floor":12,"turns":2},{"damage":0,"enemies":"Looter","floor":14,"turns":2},{"damage":29,"enemies":"The Guardian","floor":16,"turns":11},{"damage":47,"enemies":"Spheric Guardian","floor":18,"turns":8},{"damage":35,"enemies":"Shell Parasite","floor":21,"turns":4}],"seed_played":"1678710430068942867","potions_obtained":[{"floor":1,"key":"theDuelist:GiftPotion"},{"floor":5,"key":"theDuelist:BottledKuriboh"},{"floor":7,"key":"theDuelist:BigOrbBottle"},{"floor":12,"key":"HeartOfIron"},{"floor":16,"key":"theDuelist:CoolBottle"}],"is_trial":false,"path_per_floor":["M","?","?","M","M","R","E","M","T","R","M","M","?","M","R","B",null,"M","?","$","M"],"character_chosen":"THE_DUELIST","items_purchased":["theDuelist:FrostflameDragon","MerchantsRug","theDuelist:LordD","theDuelist:DragonMastery","theDuelist:BlueEyesUltimate"],"campfire_rested":0,"item_purchase_floors":[20,20,20,20,20],"current_hp_per_floor":[80,73,73,71,71,71,58,54,54,54,50,50,50,50,50,21,80,33,27,27,0,0],"gold":60,"neow_bonus":"RANDOM_COMMON_RELIC","is_daily":false,"chose_seed":false,"campfire_upgraded":3,"win_rate":0.0,"timestamp":1608591989,"path_taken":["M","?","?","?","M","R","E","M","T","R","M","M","?","M","R","BOSS","M","?","$","?"],"items_purchased_type":["Card","Relic","Card","Card","Card"],"build_version":"2020-12-13","purchased_purges":2,"victory":false,"max_hp_per_floor":[80,80,80,80,80,80,80,80,80,80,80,80,80,80,80,80,80,80,80,80,80,80],"card_choices":[{"not_picked":["theDuelist:CyberDragonVier","theDuelist:DarklordSuperbia","theDuelist:ExploderDragonwing","theDuelist:SphereKuriboh"],"picked":"theDuelist:CrossSwordBeetle","floor":1},{"not_picked":["theDuelist:TwinBarrelDragon","theDuelist:HazyFlameHydra","theDuelist:CloudianGhost","theDuelist:CyberEltanin"],"picked":"theDuelist:CurseDragon","floor":4},{"not_picked":["theDuelist:DefenseDraw","theDuelist:SafeZone","theDuelist:ScrapIronScarecrow","theDuelist:SilverApples"],"picked":"theDuelist:StarlightRoad","floor":5},{"not_picked":["theDuelist:LightningDarts","theDuelist:BlackPendant","theDuelist:PurplePainOni","theDuelist:PotGreed"],"picked":"theDuelist:DarkFactory","floor":7},{"not_picked":["theDuelist:BlackTyranno","theDuelist:DreadnoughtDreadnoid","theDuelist:DarkHorus","theDuelist:VeilDarkness"],"picked":"theDuelist:BlackBrutdrago","floor":8},{"not_picked":["theDuelist:BattleguardKing","theDuelist:Hinotama","theDuelist:LightningDarts","theDuelist:RainbowOverdragon"],"picked":"theDuelist:Raigeki","floor":11},{"not_picked":["theDuelist:BattleguardKing","theDuelist:RainbowOverdragon","theDuelist:StrayLambs","theDuelist:BlackPendant"],"picked":"theDuelist:HaneHane","floor":12},{"not_picked":["theDuelist:Anthrosaurus","theDuelist:BlackStego","theDuelist:BlackVeloci","theDuelist:Destroyersaurus"],"picked":"theDuelist:SauropodBrachion","floor":14},{"not_picked":["theDuelist:BusterBladerDDS","theDuelist:LostWorld","theDuelist:SurvivalFittest","theDuelist:TailSwipe"],"picked":"theDuelist:SliferSky","floor":16},{"not_picked":["theDuelist:GenesisDragon","theDuelist:ThunderDragon"],"picked":"theDuelist:SmashingGround+1","floor":18}],"player_experience":499841,"relics_obtained":[{"floor":7,"key":"StrikeDummy"},{"floor":9,"key":"Regal Pillow"}],"event_choices":[{"cards_removed":["theDuelist:CastleWalls"],"damage_healed":0,"gold_gain":0,"player_choice":"Card Removal","damage_taken":7,"max_hp_gain":0,"max_hp_loss":0,"event_name":"Golden Wing","floor":2,"gold_loss":0},{"damage_healed":0,"gold_gain":0,"player_choice":"Gave Potion","damage_taken":0,"relics_obtained":["Smiling Mask"],"max_hp_gain":0,"max_hp_loss":0,"event_name":"WeMeetAgain","floor":3,"gold_loss":0},{"damage_healed":0,"gold_gain":0,"player_choice":"Bought 0 Potions","damage_taken":0,"max_hp_gain":0,"max_hp_loss":0,"event_name":"The Woman in Blue","floor":13,"gold_loss":0},{"damage_healed":0,"gold_gain":0,"player_choice":"","damage_taken":6,"max_hp_gain":0,"max_hp_loss":0,"event_name":"Knowing Skull","floor":19,"potions_obtained":[],"gold_loss":0,"cards_obtained":[]}],"is_beta":false,"boss_relics":[{"not_picked":["Calling Bell","Astrolabe"],"picked":"theDuelist:HauntedRelic"}],"items_purged_floors":[20,20],"is_endless":false,"potions_floor_spawned":[1,5,7,12,16],"killed_by":"Shell Parasite","ascension_level":0}}