{"host":"2461dio7vetlq1z3","time":1608511233,"event":{"mods":["2.2 Compatiblity","AchievementEnabler","BaseMod","Better Third Choice","Downfall","Hermit","Marisa????????","Minty Spire (QoL Compilation)","Relic Stats","Spicy Shops","StSLib","Waifu the Spire"],"gold_per_floor":[368,368,368,388,162,162,178,178,178,203,203,235,235,252,252,348,348,363,363,107,107,127,158,158,192,192,192,225,245,273,288,288,390,390,403,278,291,301,3,29,29,57,57,57,89,102,122,122,122,122,122,122,122,149,149],"floor_reached":56,"playtime":4496,"items_purged":["champ:Strike","champ:Defend","champ:Defend"],"score":1560,"play_id":"373d4bac-77a0-4b94-8795-391b33a099de","local_time":"20201221014033","is_ascension_mode":true,"campfire_choices":[{"data":"champ:CrookedStrike","floor":6,"key":"SMITH"},{"data":"champ:Taunt","floor":8,"key":"SMITH"},{"data":"champ:Execute","floor":11,"key":"SMITH"},{"data":"champ:FaceSlap","floor":13,"key":"SMITH"},{"data":"champ:Control","floor":15,"key":"SMITH"},{"data":"champ:Devastate","floor":24,"key":"SMITH"},{"data":"champ:BringItOn","floor":27,"key":"SMITH"},{"floor":32,"key":"REST"},{"data":"champ:IronFortress","floor":41,"key":"SMITH"},{"floor":44,"key":"RECALL"},{"data":"champ:Haymaker","floor":49,"key":"SMITH"},{"data":"champ:EnchantShield","floor":52,"key":"SMITH"}],"circlet_count":0,"master_deck":["champ:Strike+1","champ:Strike+1","champ:Defend","champ:Defend","champ:Execute+1","champ:Taunt+1","champ:AdrenalArmor","champ:SwordSigil","champ:CrookedStrike+1","champ:Haymaker+1","champ:GladiatorsShout","champ:FaceSlap+1","champ:Control+1","champ:EnchantShield+1","champ:BringItOn+1","champ:StanceDance+1","champ:SkillfulDodge+1","champ:BringItOn","champ:BringItOn","champ:Devastate+1","champ:IronFortress+1","champ:Lariat","champ:CheapShot","champ:Lariat+1","champ:ShieldThrow","champ:Aggression+1","champ:BringItOn+1","champ:ShieldThrow"],"relics":["champ:ChampionCrown","Anchor","champ:FightingForDummies","Darkstone Periapt","Strawberry","Whetstone","Runic Pyramid","betterThird:NestCultRelic","Orrery","Singing Bowl","Boot","White Beast Statue","Nunchaku","Akabeko","Sozu","OrangePellets","Oddly Smooth Stone","Toxic Egg 2","Blue Candle","Ginger","Art of War"],"acts_visited":["Exordium","TheCity","TheBeyond","TheEnding"],"potions_floor_usage":[16,25,30,33,55],"damage_taken":[{"damage":15,"enemies":"Cultist","floor":1,"turns":4},{"damage":8,"enemies":"Jaw Worm","floor":4,"turns":6},{"damage":14,"enemies":"Small Slimes","floor":7,"turns":5},{"damage":28,"enemies":"Lagavulin","floor":10,"turns":7},{"damage":28,"enemies":"3 Sentries","floor":12,"turns":9},{"damage":5,"enemies":"Gremlin Gang","floor":14,"turns":4},{"damage":44,"enemies":"The Guardian","floor":16,"turns":4},{"damage":24,"enemies":"Spheric Guardian","floor":18,"turns":4},{"damage":5,"enemies":"3 Byrds","floor":22,"turns":4},{"damage":30,"enemies":"Gremlin Leader","floor":23,"turns":7},{"damage":41,"enemies":"Slavers","floor":25,"turns":6},{"damage":9,"enemies":"Book of Stabbing","floor":28,"turns":6},{"damage":20,"enemies":"Centurion and Healer","floor":29,"turns":6},{"damage":30,"enemies":"Slavers","floor":30,"turns":9},{"damage":0,"enemies":"Snecko","floor":31,"turns":4},{"damage":22,"enemies":"Automaton","floor":33,"turns":11},{"damage":3,"enemies":"Orb Walker","floor":35,"turns":5},{"damage":20,"enemies":"3 Shapes","floor":37,"turns":6},{"damage":7,"enemies":"Jaw Worm Horde","floor":38,"turns":5},{"damage":22,"enemies":"Reptomancer","floor":40,"turns":6},{"damage":17,"enemies":"Giant Head","floor":42,"turns":8},{"damage":2,"enemies":"Nemesis","floor":45,"turns":5},{"damage":13,"enemies":"Sphere and 2 Shapes","floor":46,"turns":6},{"damage":5,"enemies":"Maw","floor":47,"turns":7},{"damage":31,"enemies":"Awakened One","floor":50,"turns":13},{"damage":38,"enemies":"Shield and Spear","floor":54,"turns":6},{"damage":53,"enemies":"The Heart","floor":55,"turns":11}],"seed_played":"6407921492037580971","potions_obtained":[{"floor":4,"key":"DuplicationPotion"},{"floor":7,"key":"FearPotion"},{"floor":12,"key":"PowerPotion"},{"floor":14,"key":"Dexterity Potion"},{"floor":23,"key":"Dexterity Potion"},{"floor":28,"key":"Swift Potion"},{"floor":30,"key":"AttackPotion"},{"floor":33,"key":"Block Potion"}],"is_trial":false,"path_per_floor":["M","?","?","M","$","R","M","R","T","E","R","E","R","M","R","B",null,"M","?","$","?","M","E","R","E","T","R","E","M","E","M","R","B",null,"M","$","M","M","$","E","R","E","T","R","E","M","M","?","R","B",null,"R","$","E","B",null],"character_chosen":"THE_CHAMP","items_purchased":["champ:FightingForDummies","Orrery","OrangePellets","Oddly Smooth Stone"],"campfire_rested":1,"item_purchase_floors":[5,20,39,39],"current_hp_per_floor":[76,76,73,71,71,71,71,71,71,69,69,60,60,57,57,48,88,88,88,88,80,80,81,81,54,54,54,54,45,26,26,54,48,94,94,94,81,83,83,81,81,81,81,81,81,75,77,77,77,71,102,102,102,68,51],"gold":149,"neow_bonus":"TWO_FIFTY_GOLD","is_daily":false,"chose_seed":false,"campfire_upgraded":10,"win_rate":0.0,"timestamp":1608511233,"path_taken":["M","?","?","M","$","R","M","R","T","E","R","E","R","M","R","BOSS","M","?","$","?","M","E","R","E","T","R","E","M","E","M","R","BOSS","M","$","M","?","$","E","R","E","T","R","E","M","M","?","R","BOSS","R","$","E","BOSS"],"items_purchased_type":["Relic","Relic","Relic","Relic"],"build_version":"2020-12-13","purchased_purges":3,"victory":true,"max_hp_per_floor":[81,81,81,81,81,81,81,81,81,88,88,88,88,88,88,88,88,88,88,88,88,88,88,88,90,90,90,90,92,94,94,94,94,94,94,94,96,98,98,98,98,98,98,98,100,100,102,102,102,102,102,102,102,104,104],"relic_stats":{"Darkstone Periapt":0,"Sozu":5,"OrangePellets":[1],"Nunchaku":[13],"Singing Bowl":16,"counters":[27,174],"Blue Candle":[0],"Art of War":[3],"Whetstone":["champ:Strike","champ:Strike"],"Ginger":[5],"Boot":[12],"obtain_stats":[{"Darkstone Periapt":9,"Singing Bowl":23,"Blue Candle":42,"Oddly Smooth Stone":39,"champ:ChampionCrown":0,"betterThird:NestCultRelic":19,"Whetstone":12,"Ginger":45,"Boot":25,"White Beast Statue":26,"Akabeko":30,"Sozu":34,"OrangePellets":39,"Anchor":3,"Nunchaku":28,"Strawberry":10,"Orrery":20,"Art of War":54,"champ:FightingForDummies":5,"Toxic Egg 2":40,"Runic Pyramid":17},{"Darkstone Periapt":3,"Singing Bowl":10,"Blue Candle":21,"Oddly Smooth Stone":19,"champ:ChampionCrown":0,"betterThird:NestCultRelic":8,"Whetstone":5,"Ginger":22,"Boot":11,"White Beast Statue":11,"Akabeko":14,"Sozu":16,"OrangePellets":19,"Anchor":1,"Nunchaku":12,"Strawberry":4,"Orrery":8,"Art of War":26,"champ:FightingForDummies":2,"Toxic Egg 2":20,"Runic Pyramid":7},{"Darkstone Periapt":15,"Singing Bowl":54,"Blue Candle":126,"Oddly Smooth Stone":112,"champ:ChampionCrown":0,"betterThird:NestCultRelic":43,"Whetstone":31,"Ginger":131,"Boot":60,"White Beast Statue":60,"Akabeko":81,"Sozu":96,"OrangePellets":112,"Anchor":4,"Nunchaku":66,"Strawberry":22,"Orrery":43,"Art of War":163,"champ:FightingForDummies":10,"Toxic Egg 2":118,"Runic Pyramid":39}]},"card_choices":[{"not_picked":["champ:DefensiveShout","champ:ShieldWall"],"picked":"champ:AdrenalArmor","floor":1},{"not_picked":["champ:EnGarde","champ:ShieldWall"],"picked":"champ:CrookedStrike","floor":4},{"not_picked":["champ:HeartStrike","champ:DeathBlow"],"picked":"champ:Haymaker","floor":7},{"not_picked":["champ:GladiatorsShout","champ:EndlessRage","champ:ViciousMockery"],"picked":"SKIP","floor":10},{"not_picked":["champ:EndlessRage","champ:ViciousMockery"],"picked":"champ:GladiatorsShout","floor":10},{"not_picked":["champ:BladeFlurry","champ:Haymaker"],"picked":"champ:FaceSlap","floor":12},{"not_picked":["champ:FlashCut","champ:ShieldSigil"],"picked":"champ:Control","floor":14},{"not_picked":["champ:EnchantCrown","champ:StrikeOfGenius"],"picked":"champ:EnchantShield","floor":16},{"not_picked":["champ:SwordSigil","champ:CalledShot"],"picked":"champ:BringItOn","floor":18},{"not_picked":["champ:Riposte+1","champ:SwordSigil+1"],"picked":"champ:StanceDance+1","floor":20},{"not_picked":["champ:ViciousMockery+1","champ:GladiatorsShout"],"picked":"champ:SkillfulDodge+1","floor":20},{"not_picked":["champ:FalseCounter","champ:DeathBlow"],"picked":"champ:BringItOn","floor":20},{"not_picked":["champ:ShieldSigil","champ:EnGarde"],"picked":"champ:BringItOn","floor":20},{"not_picked":["champ:FalseCounter","champ:ShieldWall","champ:SwordSigil"],"picked":"SKIP","floor":22},{"not_picked":["champ:ViciousMockery+1","champ:EnragedBash"],"picked":"champ:Devastate","floor":23},{"not_picked":["champ:TornadoPunch","champ:Circumvent+1","champ:ShieldWall"],"picked":"Singing Bowl","floor":25},{"not_picked":["champ:BerserkerStyle","champ:Lariat+1"],"picked":"champ:IronFortress","floor":28},{"not_picked":["champ:FanOfKnives","champ:FlashCut","champ:FightOn"],"picked":"Singing Bowl","floor":29},{"not_picked":["champ:Encircle+1","champ:HeartStrike","champ:ShieldSigil"],"picked":"Singing Bowl","floor":30},{"not_picked":["champ:BringItOn","champ:TornadoPunch"],"picked":"champ:Lariat","floor":31},{"not_picked":["champ:StrikeOfGenius","champ:Devastate"],"picked":"champ:CheapShot","floor":33},{"not_picked":["champ:BladeFlurry+1","champ:TornadoPunch"],"picked":"champ:Lariat+1","floor":35},{"not_picked":["champ:DeathBlow+1","champ:BerserkersShout","champ:FightOn"],"picked":"Singing Bowl","floor":37},{"not_picked":["champ:RageSigil+1","champ:FocusedDefense","champ:Backstep+1"],"picked":"Singing Bowl","floor":38},{"not_picked":["champ:PerfectedStrike","champ:RageSigil+1"],"picked":"champ:ShieldThrow","floor":40},{"not_picked":["champ:TornadoPunch","champ:GladiatorsShout+1"],"picked":"champ:Aggression+1","floor":42},{"not_picked":["champ:RageSigil+1","champ:PerfectedStrike","champ:HeartStrike"],"picked":"Singing Bowl","floor":45},{"not_picked":["champ:HeartStrike","champ:FlashCut"],"picked":"champ:BringItOn+1","floor":46},{"not_picked":["champ:BerserkersShout+1","champ:Duel","champ:AdrenalArmor+1"],"picked":"Singing Bowl","floor":47},{"not_picked":["champ:FocusedBerserking+1","champ:EnGarde+1","champ:FocusedGladiator+1"],"picked":"Singing Bowl","floor":54}],"player_experience":965065,"relics_obtained":[{"floor":9,"key":"Darkstone Periapt"},{"floor":10,"key":"Strawberry"},{"floor":12,"key":"Whetstone"},{"floor":23,"key":"Singing Bowl"},{"floor":25,"key":"Boot"},{"floor":26,"key":"White Beast Statue"},{"floor":28,"key":"Nunchaku"},{"floor":30,"key":"Akabeko"},{"floor":40,"key":"Toxic Egg 2"},{"floor":42,"key":"Blue Candle"},{"floor":45,"key":"Ginger"},{"floor":54,"key":"Art of War"}],"event_choices":[{"damage_healed":0,"gold_gain":0,"cards_transformed":["champ:Strike"],"player_choice":"Change","damage_taken":0,"max_hp_gain":0,"max_hp_loss":0,"event_name":"Living Wall","floor":2,"gold_loss":0,"cards_obtained":["champ:SwordSigil"]},{"damage_healed":0,"gold_gain":0,"player_choice":"Relic ","damage_taken":3,"max_hp_gain":0,"max_hp_loss":0,"event_name":"betterThird:BetterScrap","floor":3,"gold_loss":0,"cards_obtained":["Vengeance"]},{"damage_healed":0,"gold_gain":0,"player_choice":"Madness","damage_taken":0,"relics_obtained":["betterThird:NestCultRelic"],"max_hp_gain":0,"max_hp_loss":0,"event_name":"betterThird:BetterNest","floor":19,"gold_loss":0},{"damage_healed":0,"gold_gain":0,"player_choice":"Damaged","damage_taken":8,"max_hp_gain":0,"max_hp_loss":0,"event_name":"Wheel of Change","floor":21,"gold_loss":0},{"damage_healed":0,"gold_gain":0,"player_choice":"1 cards matched","damage_taken":0,"max_hp_gain":0,"max_hp_loss":0,"event_name":"Match and Keep!","floor":48,"gold_loss":0,"cards_obtained":["champ:ShieldThrow"]}],"is_beta":false,"boss_relics":[{"not_picked":["Astrolabe","SacredBark"],"picked":"Runic Pyramid"},{"not_picked":["Cursed Key","Pandora\u0027s Box"],"picked":"Sozu"}],"items_purged_floors":[5,20,36],"is_endless":false,"potions_floor_spawned":[4,7,12,14,23,28,29,30,31,33,35,37,38,40,42,45,46,47,54],"ascension_level":4}}