{"host":"373g0ui1bgeshz9m","time":1608584973,"event":{"mods":["Act Like it!","Aspiration","BaseMod","Beaked The Cultist","Better Third Choice","Colored Map","Conspire","Downfall","Halation","Hermit","Hubris","Infinite Spire","Jorbs\u0027s Wanderer Trilogy","Minty Spire (QoL Compilation)","Pale of the Ancients","Permanent Neow","Quick Restart","Replay The Spire","Shade Mod","Shop Mod","Spikes Relics","StSLib","The Animator","The Bladedancer","The Bug Knight","The Construct","The Cursed","The Factory","The Florist","The Judge","The Jungle","The Necromancer","The Sage","The Wild Card","Trackpad","vexMod"],"gold_per_floor":[116,66,66,82,42,42,53,53,76,76,86,112,112,30,30,132,132,146,146,164,164,177,212,223,223,249,260,260,260,260,277,277,378,378,423,467,467,467,508,508,569,569,569,244,290,290,290,324,324,324,324,324,324],"floor_reached":52,"playtime":2405,"items_purged":[],"score":968,"play_id":"e57ad785-3f4d-4f48-8a9a-e30bcc726d3a","local_time":"20201221160933","is_ascension_mode":false,"campfire_choices":[{"data":"Negative_Energy_Arrows","floor":6.0,"key":"SMITH"},{"data":"Blood_Curse","floor":8.0,"key":"SMITH"},{"data":"Bone_Spikes","floor":10.0,"key":"SMITH"},{"data":"Death_March_Dance","floor":13.0,"key":"SMITH"},{"data":"Summon_Lich","floor":15.0,"key":"SMITH"},{"data":"hubris:Fate","floor":28.0,"key":"SMITH"},{"floor":30.0,"key":"REST"},{"floor":40,"key":"REST"},{"floor":42,"key":"REST"},{"floor":46,"key":"REST"},{"data":"Slay_Living","floor":49,"key":"SMITH"}],"circlet_count":0,"master_deck":["Strike_W","Strike_W","Defend_W+1","Defend_W+1","Defend_W","Defend_W","Negative_Energy_Arrows+1","Bone_Wall","Blood_Curse+1","Shackles_Of_Pain","Bone_Spikes+1","Bone_Spikes","Stop_Heart","Death_March_Dance+1","Summon_Lich+1","Negative_Energy_Javelin+1","Bone_Bullets+1","Vampiric_Strike","Slay_Living+1","hubris:Fate+1","Life_Drain+1","Death_Coil","Hellfire","Summon_Undead_Army+1","Plague_Bolt","Vampiric_Strike+1","expansioncontent:DashGenerateEvil","Writhe"],"relics":["Vampire_Amulet","NeowsBlessing","War Paint","Meat on the Bone","Philosopher\u0027s Stone","Du-Vu Doll","hubris:SlimyHat","hubris:ToyBattleship","infinitespire:EvilPickle","ReplayFunnel","Lee\u0027s Waffle","Happy Flower","paleoftheancients:Timepiece","paleoftheancients:KeyRelic","Bronze Scales","CultistMask"],"acts_visited":["Exordium","TheCity","TheBeyond","paleoftheancients:PaleOfTheAncients"],"potions_floor_usage":[41,41,45,50],"damage_taken":[{"damage":0.0,"enemies":"2 Louse","floor":1.0,"turns":1.0},{"damage":0.0,"enemies":"Small Slimes","floor":4.0,"turns":1.0},{"damage":0.0,"enemies":"Cultist","floor":7.0,"turns":1.0},{"damage":1.0,"enemies":"Red Slaver","floor":11.0,"turns":3.0},{"damage":13.0,"enemies":"Gremlin Nob","floor":12.0,"turns":4.0},{"damage":29.0,"enemies":"The Guardian","floor":16.0,"turns":9.0},{"damage":8.0,"enemies":"Shell Parasite","floor":18.0,"turns":4.0},{"damage":20.0,"enemies":"3 Byrds","floor":20.0,"turns":4.0},{"damage":9.0,"enemies":"Snake Plant","floor":22.0,"turns":4.0},{"damage":28.0,"enemies":"Gremlin Leader","floor":23.0,"turns":7.0},{"damage":29.0,"enemies":"Chosen and Byrds","floor":24.0,"turns":6.0},{"damage":17.0,"enemies":"Shelled Parasite and Fungi","floor":27.0,"turns":4.0},{"damage":17.0,"enemies":"Snecko","floor":31.0,"turns":4.0},{"damage":32,"enemies":"Pondfish","floor":33,"turns":8},{"damage":40,"enemies":"Orb Walker","floor":35,"turns":3},{"damage":29,"enemies":"3 Darklings","floor":36,"turns":4},{"damage":33,"enemies":"Jaw Worm Horde","floor":39,"turns":3},{"damage":58,"enemies":"Giant Head","floor":41,"turns":7},{"damage":96,"enemies":"Reptomancer","floor":45,"turns":3},{"damage":0,"enemies":"Transient","floor":48,"turns":5},{"damage":70,"enemies":"Time Eater","floor":50,"turns":9},{"damage":109,"enemies":"Time Eater","floor":51,"turns":5},{"damage":104,"enemies":"Time Eater","floor":52,"turns":6}],"seed_played":"5288652940958936048","potions_obtained":[{"floor":1.0,"key":"Elixir"},{"floor":3.0,"key":"Slimebound:ThreeZeroPotion"},{"floor":3.0,"key":"AttackPotion"},{"floor":3.0,"key":"LiquidMemories"},{"floor":18.0,"key":"Fire Potion"},{"floor":48,"key":"SpeedPotion"}],"is_trial":false,"path_per_floor":["M","?","?","M","$","R","M","R","T","R","M","E","R","$","R","B",null,"M","?","M","?","M","E","M","AVR","T","M","R","?","R","M","R_BF","B",null,"M","M","?","?","M","R","E","R","T","$","E","R","?","M","R","B","M","M"],"character_chosen":"NECROMANCER","items_purchased":["Bone_Spikes","Summon_Lich","Lee\u0027s Waffle","expansioncontent:DashGenerateEvil"],"campfire_rested":4,"item_purchase_floors":[5,14,44,44],"current_hp_per_floor":[75,75,75,75,75,75,75,75,75,75,75,64,64,64,64,49,75,69,55,41,90,83,65,53,53,53,52,52,52,79,72,90,68,90,73,46,46,46,31,58,28,55,55,97,26,55,79,94,94,97,97,0,0],"gold":324,"neow_bonus":"THREE_ENEMY_KILL","is_daily":false,"chose_seed":false,"campfire_upgraded":7,"win_rate":0.0,"timestamp":1608584973,"path_taken":["M","?","?","?","?","R","M","R","T","R","?","E","R","$","R","BOSS","M","?","M","?","?","E","?","AVR","T","M","R","?","R","M","R_BF","BOSS","M","?","?","?","M","R","E","R","T","$","E","R","?","M","R","BOSS","M","M"],"items_purchased_type":["Card","Card","Relic","Card"],"build_version":"2020-12-13","purchased_purges":0,"victory":false,"max_hp_per_floor":[75,75,75,75,75,75,75,75,75,75,75,75,75,75,75,75,75,75,80,80,90,90,90,90,90,90,90,90,90,90,90,90,90,90,90,90,90,90,90,90,90,90,90,97,97,97,97,97,97,97,97,97,97],"card_choices":[{"not_picked":["Bone_Armor","Death_Coil"],"picked":"Blood_Curse","floor":1.0},{"not_picked":["Bones_to_Steel","Negative_Energy_Mist"],"picked":"Shackles_Of_Pain","floor":4.0},{"not_picked":["Negative_Energy_Mist","Whirlwind_of_Bones"],"picked":"Stop_Heart","floor":7.0},{"not_picked":["Death_Coil","Life_Tap","Negative_Energy_Shield"],"picked":"SKIP","floor":11.0},{"not_picked":["Bone_Armor","Scare"],"picked":"Death_March_Dance","floor":12.0},{"not_picked":["Skeleton_Dragon","Reap_The_Weak"],"picked":"Negative_Energy_Bomb","floor":16.0},{"not_picked":["Bone_Armor","Negative_Energy_Mist"],"picked":"Negative_Energy_Javelin+1","floor":18.0},{"not_picked":["Finger_Of_Death","Bone_Shift+1"],"picked":"Bone_Bullets","floor":20.0},{"not_picked":["Bone_Spikes","Detonate_Bones","Bones_to_Steel"],"picked":"SKIP","floor":22.0},{"not_picked":["Death_March_Dance","Bone_Armory"],"picked":"Vampiric_Strike","floor":23.0},{"not_picked":["Scare","Blood_Whip"],"picked":"Slay_Living","floor":24.0},{"not_picked":["Pandemic+1","Strike_from_Beyond"],"picked":"Life_Drain","floor":27.0},{"not_picked":["Blood_Is_Power+1","Bone_Shift","Necromantic_Selection"],"picked":"SKIP","floor":31.0},{"not_picked":["Blood_Wake","Skeleton_Dragon"],"picked":"Hellfire","floor":33},{"not_picked":["Consume_Illness+1","Negative_Energy_Javelin+1"],"picked":"Summon_Undead_Army+1","floor":35},{"not_picked":["Strike_from_Beyond+1","Toxic_Smoke_Screen","Pandemic"],"picked":"SKIP","floor":36},{"not_picked":["Negative_Energy_Mist","Exploit+1"],"picked":"Plague_Bolt","floor":39},{"not_picked":["Blood_Magic","Exploit+1"],"picked":"Vampiric_Strike+1","floor":41},{"not_picked":["Bone_Spikes","Reap_The_Weak","Flesh_Made_Foul+1"],"picked":"SKIP","floor":45},{"not_picked":["Bone_Shift+1","Negative_Energy_Javelin","Shackles_Of_Pain"],"picked":"SKIP","floor":48}],"player_experience":144867,"relics_obtained":[{"floor":9.0,"key":"War Paint"},{"floor":12.0,"key":"Meat on the Bone"},{"floor":23.0,"key":"Du-Vu Doll"},{"floor":26.0,"key":"hubris:ToyBattleship"},{"floor":41,"key":"ReplayFunnel"},{"floor":45,"key":"Happy Flower"}],"event_choices":[{"cards_removed":["Strike_W"],"damage_healed":0.0,"max_hp_gain":0.0,"max_hp_loss":0.0,"gold_gain":0.0,"event_name":"The Cleric","player_choice":"Card Removal","floor":2.0,"gold_loss":50.0,"damage_taken":0.0},{"damage_healed":0.0,"max_hp_gain":0.0,"max_hp_loss":0.0,"gold_gain":0.0,"event_name":"Lab","player_choice":"Got Potions","floor":3.0,"gold_loss":0.0,"damage_taken":0.0},{"damage_healed":0.0,"max_hp_gain":5.0,"max_hp_loss":0.0,"gold_gain":0.0,"event_name":"Forgotten Altar","player_choice":"Shed Blood","floor":19.0,"gold_loss":0.0,"damage_taken":19.0},{"cards_removed":["Negative_Energy_Bomb"],"damage_healed":39.0,"max_hp_gain":10.0,"max_hp_loss":0.0,"gold_gain":0.0,"event_name":"Bonfire Elementals","player_choice":"Offered Rare","floor":21.0,"gold_loss":0.0,"damage_taken":0.0},{"damage_healed":0.0,"max_hp_gain":0.0,"max_hp_loss":0.0,"gold_gain":0.0,"cards_transformed":["Strike_W"],"event_name":"Transmorgrifier","player_choice":"Transformed","floor":29.0,"gold_loss":0.0,"damage_taken":0.0,"cards_obtained":["Death_Coil"]},{"damage_healed":0,"gold_gain":0,"player_choice":"Ignored","damage_taken":0,"max_hp_gain":0,"max_hp_loss":0,"event_name":"Tomb of Lord Red Mask","floor":38,"gold_loss":0},{"damage_healed":24,"gold_gain":0,"player_choice":"Writhe","damage_taken":0,"max_hp_gain":0,"max_hp_loss":0,"event_name":"Winding Halls","floor":47,"gold_loss":0,"cards_obtained":["Writhe"]}],"is_beta":false,"boss_relics":[{"not_picked":["trackpad:Coffee","trackpad:Trackpad"],"picked":"Philosopher\u0027s Stone"},{"not_picked":["ReplayTheSpireMod:DimensionalGlitch","vexMod:CursedCompass","sagemod:Falmels_Amulet"]}],"items_purged_floors":[],"is_endless":false,"potions_floor_spawned":[1,7,11,12,18,27,31,33,36,48],"killed_by":"Time Eater","ascension_level":0}}