{"host":"solomon","time":1608521937,"event":{"mods":["Act Like it!","BaseMod","Library of Ruina","Library of Ruina Extra","Luminous","Minty Spire (QoL Compilation)","Robot Space Explorer","StSLib","The Dragon Tamer","【东方二次创作】八云紫mod"],"gold_per_floor":[365,380,51,68,78,78,78],"floor_reached":6,"playtime":374,"items_purged":["RobotSpaceExplorer:Defend"],"score":40,"play_id":"122cbc4a-ca50-458d-bbc5-872e58a71f8a","local_time":"20201221113857","is_ascension_mode":true,"campfire_choices":[],"circlet_count":0,"master_deck":["RobotSpaceExplorer:Strike","RobotSpaceExplorer:Strike","RobotSpaceExplorer:Strike","RobotSpaceExplorer:Strike","RobotSpaceExplorer:Defend","RobotSpaceExplorer:Defend","RobotSpaceExplorer:Defend","RobotSpaceExplorer:Scan","RobotSpaceExplorer:MiniLasers","RobotSpaceExplorer:Smokescreen","RobotSpaceExplorer:Autoloader","RobotSpaceExplorer:MiniBoosters"],"relics":["RobotSpaceExplorer:RoboCore","PageOfAlriune"],"acts_visited":["Exordium"],"potions_floor_usage":[6],"damage_taken":[{"damage":0,"enemies":"Small Slimes","floor":1,"turns":4},{"damage":8,"enemies":"Jaw Worm","floor":2,"turns":6},{"damage":2,"enemies":"Cultist","floor":4,"turns":4},{"damage":12,"enemies":"Blue Slaver","floor":5,"turns":5},{"damage":33,"enemies":"Lagavulin","floor":6,"turns":7}],"seed_played":"-2386728486476991329","potions_obtained":[{"floor":4,"key":"FearPotion"}],"is_trial":false,"path_per_floor":["M","M","$","M","M","E"],"character_chosen":"RobotSpaceExplorer","items_purchased":["PageOfAlriune"],"campfire_rested":0,"item_purchase_floors":[3],"current_hp_per_floor":[54,46,46,44,32,0,0],"gold":78,"neow_bonus":"TWO_FIFTY_GOLD","is_daily":false,"chose_seed":false,"campfire_upgraded":0,"win_rate":0.0,"timestamp":1608521937,"path_taken":["M","M","$","M","M","E"],"items_purchased_type":["Relic"],"build_version":"2020-12-18","purchased_purges":1,"victory":false,"max_hp_per_floor":[75,75,75,75,75,75,75],"card_choices":[{"not_picked":["RobotSpaceExplorer:FrostMissile","RobotSpaceExplorer:SlimeMissile","RobotSpaceExplorer:BigMissile"],"picked":"SKIP","floor":1},{"not_picked":["RobotSpaceExplorer:ScrapMissile","RobotSpaceExplorer:FranticSearch"],"picked":"RobotSpaceExplorer:Smokescreen","floor":2},{"not_picked":["RobotSpaceExplorer:Discharger","RobotSpaceExplorer:Ammunition"],"picked":"RobotSpaceExplorer:Autoloader","floor":4},{"not_picked":["RobotSpaceExplorer:Fix","RobotSpaceExplorer:FreezingShield"],"picked":"RobotSpaceExplorer:MiniBoosters","floor":5}],"player_experience":411930,"relics_obtained":[],"event_choices":[],"is_beta":true,"boss_relics":[],"items_purged_floors":[3],"is_endless":false,"potions_floor_spawned":[4],"killed_by":"Lagavulin","ascension_level":1}}