{"host":"lreod2rejfd0az5i","time":1608533959,"event":{"mods":["AchievementEnabler","Aspiration","BaseMod","Colored Powertips","Conspire","Downfall","Highlight Path","Hubris","Infinite Spire","Mad Scientist","Minty Spire (QoL Compilation)","Rare Cards Sparkle","Relic Stats","Replay The Spire","StSLib","The Bug Knight","The Jungle"],"gold_per_floor":[117,117,117,117,14,46,46,80,103,117,117,117,117,117,17,36,36,213,213,232,232,147,185,154,154,79,79,79,79,93,93,12,27,27,104,104,114,114,114,125,136,249,267,267,267,267,284,284,302,422,422,422],"floor_reached":53,"playtime":2181,"items_purged":["All Out Attack","Hidden Blade","Strike_R","All Out Attack"],"score":1444,"play_id":"0ffee355-891c-445d-8dad-99693c3be3fb","local_time":"20201220235919","is_ascension_mode":true,"campfire_choices":[{"floor":7.0,"key":"REST"},{"data":"Body Slam","floor":11.0,"key":"SMITH"},{"data":"Iron Wave","floor":14.0,"key":"SMITH"},{"data":"Juggernaut","floor":17.0,"key":"SMITH"},{"floor":25.0,"key":"REST"},{"data":"Barricade","floor":27.0,"key":"SMITH"},{"data":"True Grit","floor":29.0,"key":"SMITH"},{"floor":34.0,"key":"REST"},{"floor":44.0,"key":"REST"},{"data":"Body Slam","floor":46.0,"key":"SMITH"},{"data":"Armaments","floor":51.0,"key":"SMITH"}],"circlet_count":0,"master_deck":["AscendersBane","Defend_R","Defend_R","Bash","Juggernaut+1","True Grit+1","Body Slam+1","Iron Wave+1","Cleave","Barricade+1","ReplayReversal","Flame Barrier","Armaments+1","conspire:ExplosiveBarrier","ReplayTheSpireMod:Stacked","Headbutt","Warcry+1","Body Slam+1","Shrug It Off+1","Parasite","Metallicize"],"relics":["Burning Blood","hubris:Icosahedron","Ice Cream","hubris:CrystalStatue","hubris:ToyBattleship","conspire:SpecialSausage","Lee\u0027s Waffle","infinitespire:CheckeredPen","HollowMod:LifeEnderRelic","Darkstone Periapt","hubris:DeckOfHolding","Philosopher\u0027s Stone","Ginger","infinitespire:Satchel","hubris:Towel"],"acts_visited":["Exordium","TheCity","TheBeyond"],"potions_floor_usage":[52,52],"damage_taken":[{"damage":16.0,"enemies":"Small Slimes","floor":1.0,"turns":4.0},{"damage":16.0,"enemies":"Lagavulin","floor":6.0,"turns":7.0},{"damage":18.0,"enemies":"Replay:BlueRogue","floor":8.0,"turns":10.0},{"damage":9.0,"enemies":"Jaw Worm","floor":10.0,"turns":4.0},{"damage":0.0,"enemies":"2 Louse","floor":16.0,"turns":3.0},{"damage":19.0,"enemies":"The Guardian","floor":18.0,"turns":9.0},{"damage":15.0,"enemies":"2 Thieves","floor":20.0,"turns":4.0},{"damage":52.0,"enemies":"conspire:MimicChest","floor":23.0,"turns":10.0},{"damage":17.0,"enemies":"Shell Parasite","floor":24.0,"turns":6.0},{"damage":8.0,"enemies":"Snake Plant","floor":30.0,"turns":3.0},{"damage":11.0,"enemies":"Shelled Parasite and Fungi","floor":33.0,"turns":5.0},{"damage":0.0,"enemies":"Collector","floor":35.0,"turns":8.0},{"damage":6.0,"enemies":"3 Darklings","floor":37.0,"turns":7.0},{"damage":0.0,"enemies":"3 Shapes","floor":40.0,"turns":4.0},{"damage":53.0,"enemies":"Spire Growth","floor":41.0,"turns":6.0},{"damage":17.0,"enemies":"Maw","floor":42.0,"turns":8.0},{"damage":18.0,"enemies":"4 Shapes","floor":43.0,"turns":7.0},{"damage":11.0,"enemies":"Writhing Mass","floor":47.0,"turns":3.0},{"damage":1.0,"enemies":"Maw","floor":49.0,"turns":6.0},{"damage":12.0,"enemies":"Jaw Worm Horde","floor":50.0,"turns":5.0},{"damage":0,"enemies":"infinitespire:MassOfShapes","floor":52,"turns":9}],"seed_played":"-4102685778387523159","potions_obtained":[{"floor":8.0,"key":"DuplicationPotion"},{"floor":16.0,"key":"Doom Potion"},{"floor":30.0,"key":"Languid Potion"},{"floor":33.0,"key":"sneckomod:MuddlingPotion"},{"floor":40.0,"key":"PowerPotion"},{"floor":42.0,"key":"LifebloodPotion"},{"floor":47.0,"key":"hexamod:EctoCoolerPotion"},{"floor":50.0,"key":"SkillPotion"}],"is_trial":false,"path_per_floor":["M","?","?","?","$","E","R","E","T","M","R","PTL","PTL","R","$","M","R","B",null,"M","AVR","?","?","M","R","?","R","T","R","M","T","$","M","R","B",null,"M","AVR","?","M","M","M","M","R","T","R","M","?","M","M","R","B",null],"character_chosen":"IRONCLAD","items_purchased":["Body Slam","conspire:ExplosiveBarrier"],"campfire_rested":4,"item_purchase_floors":[5,32],"current_hp_per_floor":[40,33,33,33,33,23,45,69,69,66,66,66,66,66,66,72,72,59,71,62,82,82,36,25,49,49,49,49,49,47,47,47,42,66,72,80,80,80,80,82,35,24,12,36,36,36,37,37,88,82,82,88],"gold":422,"neow_bonus":"THREE_RARE_CARDS","is_daily":false,"chose_seed":false,"campfire_upgraded":7,"win_rate":0.0,"timestamp":1608533959,"path_taken":["M","?","?","?","$","E","R","E","T","M","R","PTL","PTL","R","?","?","R","BOSS","M","AVR","?","?","M","R","?","R","T","R","M","?","?","M","R","BOSS","M","AVR","?","?","M","M","M","R","T","R","M","?","M","M","R","BOSS"],"items_purchased_type":["Card","Card"],"build_version":"2020-12-13","purchased_purges":4,"victory":true,"max_hp_per_floor":[75,75,75,75,75,75,75,75,75,75,75,75,75,75,75,75,75,75,75,75,82,82,82,82,82,82,82,82,82,82,82,82,82,82,82,82,82,82,82,82,82,82,82,82,82,82,88,88,88,88,88,88],"relic_stats":{"Darkstone Periapt":6,"Lee\u0027s Waffle":20,"counters":[21,128],"Ginger":[15],"obtain_stats":[{"Ice Cream":6,"Darkstone Periapt":28,"Lee\u0027s Waffle":21,"hubris:CrystalStatue":8,"HollowMod:LifeEnderRelic":23,"conspire:SpecialSausage":19,"infinitespire:CheckeredPen":22,"Ginger":38,"hubris:Towel":48,"Burning Blood":0,"hubris:Icosahedron":3,"infinitespire:Satchel":45,"hubris:DeckOfHolding":31,"Philosopher\u0027s Stone":36,"hubris:ToyBattleship":9},{"Ice Cream":2,"Darkstone Periapt":9,"Lee\u0027s Waffle":7,"hubris:CrystalStatue":3,"HollowMod:LifeEnderRelic":8,"conspire:SpecialSausage":6,"infinitespire:CheckeredPen":7,"Ginger":13,"hubris:Towel":18,"Burning Blood":0,"hubris:Icosahedron":1,"infinitespire:Satchel":17,"hubris:DeckOfHolding":10,"Philosopher\u0027s Stone":12,"hubris:ToyBattleship":3},{"Ice Cream":11,"Darkstone Periapt":57,"Lee\u0027s Waffle":41,"hubris:CrystalStatue":21,"HollowMod:LifeEnderRelic":51,"conspire:SpecialSausage":37,"infinitespire:CheckeredPen":41,"Ginger":80,"hubris:Towel":108,"Burning Blood":0,"hubris:Icosahedron":4,"infinitespire:Satchel":105,"hubris:DeckOfHolding":60,"Philosopher\u0027s Stone":73,"hubris:ToyBattleship":21}],"Burning Blood":111},"card_choices":[{"not_picked":["Feed","Demon Form"],"picked":"Juggernaut","floor":0.0},{"not_picked":["Flex","conspire:Charge"],"picked":"True Grit","floor":1.0},{"not_picked":["Run Through","Exhume","Anger"],"picked":"SKIP","floor":6.0},{"not_picked":["Sword Boomerang","Power Through"],"picked":"Iron Wave","floor":8.0},{"not_picked":["Cleave","Anger","Whirlwind"],"picked":"SKIP","floor":10.0},{"not_picked":["Iron Wave","Anger"],"picked":"Cleave","floor":16.0},{"not_picked":["Replay:Many Hands","Double Tap"],"picked":"Barricade","floor":18.0},{"not_picked":["conspire:Charge","Run Through","Heavy Blade"],"picked":"SKIP","floor":20.0},{"not_picked":["hubris:ReadiedAction+1","Cleave"],"picked":"ReplayReversal","floor":23.0},{"not_picked":["hubris:SharpeningStone+1","Inflame"],"picked":"Flame Barrier","floor":24.0},{"not_picked":["Anger","Heavy Blade"],"picked":"Armaments","floor":30.0},{"not_picked":["Run Through+1","Reckless Charge"],"picked":"ReplayTheSpireMod:Stacked","floor":33.0},{"not_picked":["Dark Embrace","Blood for Blood"],"picked":"Headbutt","floor":37.0},{"not_picked":["Cleave","ReplayTheSpireMod:Corrosion Curse"],"picked":"Warcry+1","floor":40.0},{"not_picked":["Havoc","Uppercut"],"picked":"Body Slam","floor":41.0},{"not_picked":["conspire:HitWhereItHurts","Pommel Strike","ReplayTheSpireMod:LeadingStrike"],"picked":"SKIP","floor":42.0},{"not_picked":["Sever Soul","ReplayTheSpireMod:Strike From Hell+1"],"picked":"Shrug It Off+1","floor":43.0},{"not_picked":["Havoc","Heavy Blade"],"picked":"Metallicize","floor":47.0},{"not_picked":["Armaments","Thunderclap","Replay:Undeath\u0027s Touch"],"picked":"SKIP","floor":49.0},{"not_picked":["Second Wind","Twin Strike","Searing Blow"],"picked":"SKIP","floor":50.0}],"player_experience":852626,"relics_obtained":[{"floor":6.0,"key":"Ice Cream"},{"floor":8.0,"key":"hubris:CrystalStatue"},{"floor":9.0,"key":"hubris:ToyBattleship"},{"floor":23.0,"key":"HollowMod:LifeEnderRelic"},{"floor":28.0,"key":"Darkstone Periapt"},{"floor":31.0,"key":"hubris:DeckOfHolding"},{"floor":45.0,"key":"infinitespire:Satchel"}],"event_choices":[{"cards_removed":["Strike_R"],"damage_healed":0.0,"max_hp_gain":0.0,"max_hp_loss":0.0,"gold_gain":0.0,"event_name":"Golden Wing","player_choice":"Card Removal","floor":2.0,"gold_loss":0.0,"damage_taken":7.0},{"damage_healed":0.0,"max_hp_gain":0.0,"max_hp_loss":0.0,"gold_gain":0.0,"event_name":"Addict","player_choice":"Obtained Relic","floor":22.0,"gold_loss":85.0,"damage_taken":0.0,"relics_obtained":["infinitespire:CheckeredPen"]},{"cards_removed":["Defend_R"],"damage_healed":0.0,"max_hp_gain":0.0,"max_hp_loss":0.0,"gold_gain":0.0,"event_name":"Beggar","player_choice":"Gave Gold","floor":26.0,"gold_loss":75.0,"damage_taken":0.0},{"cards_removed":["Strike_R"],"damage_healed":0.0,"max_hp_gain":0.0,"max_hp_loss":0.0,"gold_gain":0.0,"event_name":"Purifier","player_choice":"Purged","floor":39.0,"gold_loss":0.0,"damage_taken":0.0}],"is_beta":false,"boss_relics":[{"not_picked":["Replay:Bronze Core","hubris:ScarierMask"],"picked":"conspire:SpecialSausage"},{"not_picked":["Replay:Fungal Core","aspiration:RitualDagger"],"picked":"Philosopher\u0027s Stone"}],"items_purged_floors":[5,15,21,38],"is_endless":false,"potions_floor_spawned":[8,16,18,30,33,40,42,47,50],"ascension_level":19}}