{"host":"8h3glbk9j4k4ylc4","time":1608561626,"event":{"mods":["AchievementEnabler","Act Like it!","BaseMod","Colored Map","Colored Powertips","Energized Spire","Gensokyo","Hallownest","Hermit","Hubris","Infinite Spire","Jorbs\u0027s Wanderer Trilogy","Lobotomy","Marisa????????","Minty Spire (QoL Compilation)","Replay The Spire","Somnambulant","StSLib","Td1madao Mod","The Bug Knight","The Judge"],"gold_per_floor":[116,116,116,41,41,84,84,123,150,150,1,16,16,16,16,139,139,152,52,52,67,80,80,101,101,101,142,157,157,171,171,171],"floor_reached":31,"playtime":895,"items_purged":["Defend_B","Strike_B"],"score":274,"play_id":"52841fa9-e93d-4fd4-b383-02c1a52a498a","local_time":"20201221164026","is_ascension_mode":true,"campfire_choices":[{"floor":7,"key":"REST"},{"floor":10,"key":"REST"},{"data":"Dualcast","floor":13,"key":"SMITH"},{"floor":15,"key":"REST"},{"floor":23,"key":"RECALL"},{"floor":25,"key":"REST"}],"circlet_count":0,"master_deck":["Strike_B","Strike_B","Defend_B","Defend_B","Defend_B","Zap+1","Dualcast+1","Ball Lightning","Leap","Compile Driver","Hello World","Seek","ReplayTheSpireMod:Omega Cannon+1","FIFO Queue","Creative AI","Cold Snap","Skim","Self Repair"],"relics":["Cracked Core","Golden Idol","Blue Candle","Pen Nib","ReplayTheSpireMod:TigerMarble","Anchor","Fusion Hammer","hubris:BallOfYels","hubris:Icosahedron"],"acts_visited":["Exordium","TheCity"],"potions_floor_usage":[24,27,27,30,30],"damage_taken":[{"damage":1,"enemies":"Jaw Worm","floor":1,"turns":3},{"damage":38,"enemies":"3 Sentries","floor":6,"turns":7},{"damage":30,"enemies":"Gremlin Nob","floor":8,"turns":4},{"damage":0,"enemies":"2 Louse","floor":12,"turns":1},{"damage":4,"enemies":"Slime Boss","floor":16,"turns":6},{"damage":0,"enemies":"Spheric Guardian","floor":18,"turns":2},{"damage":0,"enemies":"2 Thieves","floor":21,"turns":2},{"damage":14,"enemies":"Centurion and Healer","floor":22,"turns":4},{"damage":7,"enemies":"Snake Plant","floor":24,"turns":3},{"damage":67,"enemies":"Nightmare","floor":27,"turns":7},{"damage":11,"enemies":"Sentry and Sphere","floor":28,"turns":4},{"damage":0,"enemies":"Centurion and Healer","floor":30,"turns":2},{"damage":8,"enemies":"Colosseum Slavers","floor":31,"turns":1}],"seed_played":"5087079693004929182","potions_obtained":[{"floor":8,"key":"Venom Potion"},{"floor":12,"key":"LiquidMemories"},{"floor":16,"key":"Swift Potion"},{"floor":24,"key":"Strength Potion"},{"floor":28,"key":"LiquidMemories"},{"floor":30,"key":"FearPotion"}],"is_trial":false,"path_per_floor":["M","?","?","$","?","E","R","E","T","R","$","M","R","?","R","B",null,"M","$","?","M","M","R","M","R","T","NM","M","?","M","?"],"character_chosen":"DEFECT","items_purchased":["Anchor"],"campfire_rested":4,"item_purchase_floors":[11],"current_hp_per_floor":[74,79,79,79,59,21,45,15,15,39,39,39,39,39,63,59,80,80,80,80,80,66,66,59,80,80,13,2,2,2,0,0],"gold":171,"neow_bonus":"REMOVE_CARD","is_daily":false,"chose_seed":false,"campfire_upgraded":1,"win_rate":0.0,"timestamp":1608561626,"path_taken":["M","?","?","$","?","E","R","E","T","R","?","M","R","?","R","BOSS","M","?","?","M","M","R","?","R","T","NM","M","?","M","?"],"items_purchased_type":["Relic"],"build_version":"2020-12-13","purchased_purges":2,"victory":false,"max_hp_per_floor":[75,80,80,80,80,80,80,80,80,80,80,80,80,80,80,80,80,80,80,80,80,80,80,80,80,80,80,80,80,80,80,80],"card_choices":[{"not_picked":["Go for the Eyes","Fusion"],"picked":"Ball Lightning","floor":1},{"not_picked":["Barrage","hubris:SpecializedCircuitry"],"picked":"Leap","floor":6},{"not_picked":["Gash","Sweeping Beam"],"picked":"Compile Driver","floor":8},{"not_picked":["Cold Snap","Hyperbeam"],"picked":"Hello World","floor":12},{"not_picked":["hubris:Prefetch","Core Surge"],"picked":"ReplayTheSpireMod:Omega Cannon","floor":16},{"not_picked":["Aggregate","Hello World+1","Turbo+1"],"picked":"SKIP","floor":18},{"not_picked":["Cold Snap","ReplayGash","Streamline"],"picked":"SKIP","floor":21},{"not_picked":["Panic Button+1","Beam Cell"],"picked":"FIFO Queue","floor":22},{"not_picked":["Cold Snap","Hello World"],"picked":"Creative AI","floor":24},{"not_picked":["Recycle","Stack+1"],"picked":"Cold Snap","floor":27},{"not_picked":["Streamline+1","Leap"],"picked":"Skim","floor":28},{"not_picked":["Conserve Battery+1","Darkness"],"picked":"Self Repair","floor":30}],"player_experience":302602,"relics_obtained":[{"floor":6,"key":"Blue Candle"},{"floor":8,"key":"Pen Nib"},{"floor":9,"key":"ReplayTheSpireMod:TigerMarble"},{"floor":27,"key":"hubris:BallOfYels"}],"event_choices":[{"damage_healed":0,"gold_gain":0,"player_choice":"Donut","damage_taken":0,"max_hp_gain":5,"max_hp_loss":0,"event_name":"Big Fish","floor":2,"gold_loss":0},{"damage_healed":0,"gold_gain":0,"player_choice":"Take Damage","damage_taken":20,"relics_obtained":["Golden Idol"],"max_hp_gain":0,"max_hp_loss":0,"event_name":"Golden Idol","floor":5,"gold_loss":0},{"damage_healed":0,"gold_gain":0,"player_choice":"1 cards matched","damage_taken":0,"max_hp_gain":0,"max_hp_loss":0,"event_name":"Match and Keep!","floor":14,"gold_loss":0,"cards_obtained":["Seek"]},{"damage_healed":0,"gold_gain":0,"player_choice":"Forge","damage_taken":0,"max_hp_gain":0,"max_hp_loss":0,"event_name":"Accursed Blacksmith","floor":20,"gold_loss":0,"cards_upgraded":["ReplayTheSpireMod:Omega Cannon"]},{"damage_healed":0,"gold_gain":0,"player_choice":"Fight","damage_taken":0,"max_hp_gain":0,"max_hp_loss":0,"event_name":"Colosseum","floor":31,"gold_loss":0}],"is_beta":false,"boss_relics":[{"not_picked":["Painkiller Herb","Cursed Key"],"picked":"Fusion Hammer"}],"items_purged_floors":[4,19],"is_endless":true,"potions_floor_spawned":[8,12,16,24,28,30],"killed_by":"Colosseum Slavers","ascension_level":1}}