{"host":"qwv9nni2x0umspiu","time":1608592458,"event":{"mods":["BaseMod","Downfall","Minty Spire (QoL Compilation)","Replay The Spire","StSLib","The Hierophant","Wandering Minibosses"],"gold_per_floor":[115,129,149,143,143,143,10,10,10,21,21,21],"floor_reached":11,"playtime":448,"items_purged":["hierophant:Strike_Hierophant"],"score":130,"play_id":"5d5fc16d-aa9a-4bd9-9bfc-04106f4e2e72","local_time":"20201221151418","is_ascension_mode":true,"campfire_choices":[{"data":"hierophant:Punish","floor":6,"key":"SMITH"},{"data":"hierophant:HammerAndAnvil","floor":8,"key":"SMITH"}],"circlet_count":0,"master_deck":["AscendersBane","hierophant:Strike_Hierophant","hierophant:Strike_Hierophant","hierophant:Strike_Hierophant","hierophant:Punish+1","hierophant:Defend_Hierophant","hierophant:Defend_Hierophant","hierophant:Defend_Hierophant","hierophant:Defend_Hierophant","hierophant:ChurchCoffers+1","hierophant:HammerAndAnvil+1"],"relics":["hierophant:PropheticMaskRelic","Replay:PocketPolymizer"],"acts_visited":["Exordium"],"potions_floor_usage":[2],"damage_taken":[{"damage":2,"enemies":"Cultist","floor":1,"turns":4},{"damage":3,"enemies":"Small Slimes","floor":2,"turns":5},{"damage":4,"enemies":"Jaw Worm","floor":3,"turns":4},{"damage":21,"enemies":"Exordium Thugs","floor":4,"turns":6},{"damage":6,"enemies":"Blue Slaver","floor":10,"turns":3},{"damage":0,"enemies":"Lagavulin","floor":11,"turns":1}],"seed_played":"-2368006608536658057","potions_obtained":[{"floor":1,"key":"AttackPotion"},{"floor":10,"key":"Swift Potion"}],"is_trial":false,"path_per_floor":["M","M","M","M","?","R","$","R","T","M","E"],"character_chosen":"HIEROPHANT","items_purchased":["hierophant:HammerAndAnvil"],"campfire_rested":0,"item_purchase_floors":[7],"current_hp_per_floor":[66,63,59,38,38,38,38,38,38,32,32,32],"gold":21,"neow_bonus":"UPGRADE_CARD","is_daily":false,"chose_seed":false,"campfire_upgraded":2,"win_rate":0.0,"timestamp":1608592458,"path_taken":["M","M","M","M","?","R","$","R","T","M","E"],"items_purchased_type":["Card"],"build_version":"2020-12-13","purchased_purges":1,"victory":false,"max_hp_per_floor":[75,75,75,75,75,75,75,75,75,75,75,75],"card_choices":[{"not_picked":["hierophant:Embezzle","hierophant:Encroach","hierophant:FieryStrike"],"picked":"SKIP","floor":1},{"not_picked":["hierophant:Encroach","hierophant:Sermon","hierophant:MorningPrayer"],"picked":"SKIP","floor":2},{"not_picked":["hierophant:Embezzle","hierophant:Sermon","hierophant:Repentance"],"picked":"SKIP","floor":3},{"not_picked":["hierophant:Sermon","hierophant:OrnateBuckler","hierophant:DisplayOfPower"],"picked":"SKIP","floor":4},{"not_picked":["hierophant:ArchangelShield","hierophant:Doubloon","hierophant:OrnateJavelin"],"picked":"SKIP","floor":10}],"player_experience":1291303,"relics_obtained":[{"floor":9,"key":"Replay:PocketPolymizer"}],"event_choices":[{"damage_healed":0,"gold_gain":0,"player_choice":"0 cards matched","damage_taken":0,"max_hp_gain":0,"max_hp_loss":0,"event_name":"Match and Keep!","floor":5,"gold_loss":0,"cards_obtained":[]}],"is_beta":false,"boss_relics":[],"items_purged_floors":[7],"is_endless":false,"potions_floor_spawned":[1,10],"killed_by":"Lagavulin","ascension_level":20}}