{"host":"zxkjcgzis4pm3za5","time":1608578365,"event":{"mods":["AchievementEnabler","BaseMod","Colored Map","Colored Powertips","Minty Spire (QoL Compilation)","Quick Restart","RNG Fix","Random Character Button","StSLib"],"gold_per_floor":[117,136,136,149,149,149,159,189,189,215,215,249,249,280,280,381,381,397,496,513,531,550,550,550],"floor_reached":23,"playtime":764,"items_purged":[],"score":393,"play_id":"af6003bf-1ea0-4b58-97c7-88fa9346e6d1","local_time":"20201222004925","is_ascension_mode":true,"campfire_choices":[{"data":"Flex","floor":6.0,"key":"SMITH"},{"data":"Panacea","floor":11.0,"key":"SMITH"},{"floor":13.0,"key":"REST"},{"data":"Barricade","floor":15.0,"key":"SMITH"}],"circlet_count":0,"master_deck":["Strike_R","Strike_R","Strike_R","Strike_R","Strike_R","Defend_R","Defend_R","Defend_R","Defend_R","Bash","Panacea+1","Sword Boomerang","Barricade+1","Flex+1","Heavy Blade","Double Tap","Disarm","Iron Wave","Reaper","Entrench","Cleave+1","Intimidate"],"relics":["Burning Blood","Ancient Tea Set","Mercury Hourglass","InkBottle","Tiny Chest","Toy Ornithopter","Cursed Key"],"acts_visited":["Exordium","TheCity"],"potions_floor_usage":[22,23,23],"damage_taken":[{"damage":5.0,"enemies":"2 Louse","floor":1.0,"turns":4.0},{"damage":7.0,"enemies":"Jaw Worm","floor":2.0,"turns":5.0},{"damage":6.0,"enemies":"Cultist","floor":4.0,"turns":4.0},{"damage":11.0,"enemies":"Blue Slaver","floor":7.0,"turns":3.0},{"damage":30.0,"enemies":"Lagavulin","floor":8.0,"turns":6.0},{"damage":20.0,"enemies":"3 Sentries","floor":10.0,"turns":6.0},{"damage":13.0,"enemies":"Gremlin Nob","floor":12.0,"turns":3.0},{"damage":20.0,"enemies":"3 Sentries","floor":14.0,"turns":4.0},{"damage":0.0,"enemies":"Slime Boss","floor":16.0,"turns":7.0},{"damage":27.0,"enemies":"3 Byrds","floor":18.0,"turns":5.0},{"damage":22.0,"enemies":"2 Thieves","floor":20.0,"turns":4.0},{"damage":37,"enemies":"Cultist and Chosen","floor":21,"turns":6},{"damage":17,"enemies":"Chosen and Byrds","floor":22,"turns":6},{"damage":39,"enemies":"Slavers","floor":23,"turns":3}],"seed_played":"-5636773384045231458","potions_obtained":[{"floor":4.0,"key":"LiquidMemories"},{"floor":7.0,"key":"Dexterity Potion"},{"floor":8.0,"key":"ColorlessPotion"},{"floor":10.0,"key":"LiquidMemories"},{"floor":20.0,"key":"EssenceOfSteel"},{"floor":22,"key":"LiquidMemories"}],"is_trial":false,"path_per_floor":["M","M","?","M","?","R","M","E","T","E","R","E","R","E","R","B",null,"M","?","M","M","M","E"],"character_chosen":"IRONCLAD","items_purchased":[],"campfire_rested":1,"item_purchase_floors":[],"current_hp_per_floor":[73,72,72,72,65,65,60,36,36,22,22,15,39,25,25,31,68,51,51,43,20,20,0,0],"gold":550,"neow_bonus":"RANDOM_COLORLESS","is_daily":false,"chose_seed":false,"campfire_upgraded":3,"win_rate":0.0,"timestamp":1608578365,"path_taken":["M","M","?","M","?","R","?","E","T","E","R","E","R","E","R","BOSS","M","?","?","M","M","E"],"items_purchased_type":[],"build_version":"2020-12-13","purchased_purges":0,"victory":false,"max_hp_per_floor":[80,80,80,80,80,80,80,80,80,80,80,80,80,80,80,80,80,80,80,80,80,80,80,80],"card_choices":[{"not_picked":["Discovery","Jack Of All Trades"],"picked":"Panacea","floor":0.0},{"not_picked":["Clash","Reckless Charge","Infernal Blade"],"picked":"SKIP","floor":1.0},{"not_picked":["Perfected Strike","Clash"],"picked":"Sword Boomerang","floor":2.0},{"not_picked":["True Grit","Feel No Pain"],"picked":"Flex","floor":4.0},{"not_picked":["Bloodletting","Warcry","Havoc"],"picked":"SKIP","floor":7.0},{"not_picked":["Cleave","Anger"],"picked":"Heavy Blade","floor":8.0},{"not_picked":["Thunderclap","Blood for Blood"],"picked":"Double Tap","floor":10.0},{"not_picked":["Wild Strike","Reckless Charge"],"picked":"Disarm","floor":12.0},{"not_picked":["Anger","Dark Embrace"],"picked":"Iron Wave","floor":14.0},{"not_picked":["Bludgeon","Feed"],"picked":"Reaper","floor":16.0},{"not_picked":["Heavy Blade+1","Carnage"],"picked":"Entrench","floor":18.0},{"not_picked":["Pommel Strike","Reckless Charge"],"picked":"Cleave+1","floor":20.0},{"not_picked":["Hemokinesis","Power Through+1","Clash"],"picked":"SKIP","floor":21},{"not_picked":["Clothesline","Havoc"],"picked":"Intimidate","floor":22}],"player_experience":125839,"relics_obtained":[{"floor":8.0,"key":"Mercury Hourglass"},{"floor":9.0,"key":"InkBottle"},{"floor":10.0,"key":"Tiny Chest"},{"floor":14.0,"key":"Toy Ornithopter"}],"event_choices":[{"damage_healed":0.0,"max_hp_gain":0.0,"max_hp_loss":0.0,"gold_gain":0.0,"event_name":"Match and Keep!","player_choice":"1 cards matched","floor":3.0,"gold_loss":0.0,"damage_taken":0.0,"cards_obtained":["Barricade"]},{"damage_healed":0.0,"max_hp_gain":0.0,"max_hp_loss":0.0,"gold_gain":0.0,"event_name":"Scrap Ooze","player_choice":"Success","floor":5.0,"gold_loss":0.0,"damage_taken":7.0,"relics_obtained":["Ancient Tea Set"]},{"damage_healed":0.0,"max_hp_gain":0.0,"max_hp_loss":0.0,"gold_gain":99.0,"event_name":"Nest","player_choice":"Stole From Cult","floor":19.0,"gold_loss":0.0,"damage_taken":0.0}],"is_beta":false,"boss_relics":[{"not_picked":["Runic Cube","SlaversCollar"],"picked":"Cursed Key"}],"items_purged_floors":[],"is_endless":false,"potions_floor_spawned":[4,7,8,10,20,22],"killed_by":"Slavers","ascension_level":9}}