{"host":"vyt5ne9ydo1z9gg1","time":1608552131,"event":{"mods":["BaseMod","Curses Come First","DeckTracker","GifTheSpireLib","Minty Spire (QoL Compilation)","StSLib"],"gold_per_floor":[119,119,129,146,164,164,194,209,235,124,152,152,165,165,165,270,270,286,299,317,328,347,347,365,365,390,408,427,527,558,154,154,250,250,265,78,0,20,40,74,86,130,142,154,166,178,240,272,284,296,308,320,34,68,68],"floor_reached":56,"playtime":3850,"items_purged":["Strike_R","Shame"],"score":1382,"play_id":"a64f8b62-912f-4422-8f3a-6351a9f0526e","local_time":"20201221230211","is_ascension_mode":true,"campfire_choices":[{"data":"Armaments","floor":6.0,"key":"SMITH"},{"data":"Flame Barrier","floor":12.0,"key":"SMITH"},{"data":"Inflame","floor":15.0,"key":"SMITH"},{"data":"Thunderclap","floor":23.0,"key":"SMITH"},{"floor":25.0,"key":"REST"},{"floor":32,"key":"REST"},{"floor":41,"key":"REST"},{"floor":44,"key":"REST"},{"floor":46,"key":"REST"},{"floor":49,"key":"RECALL"},{"data":"Shame","floor":52,"key":"PURGE"}],"circlet_count":0,"master_deck":["Bash","Thunderclap+1","Pommel Strike","Rampage","Armaments+1","Flame Barrier+1","Inflame+1","Ghostly Armor","Rage","Exhume","Dual Wield+1","Reaper","Headbutt","Double Tap","Inflame","Shrug It Off","Spot Weakness","Juggernaut","Shrug It Off","Offering","Feel No Pain","Uppercut","Immolate","Heavy Blade","Power Through","Dark Embrace","Carnage","Perfected Strike","Metallicize","Shockwave","Inflame+1","Madness","Madness","True Grit+1","Parasite","Flame Barrier","Heavy Blade+1"],"relics":["Burning Blood","Vajra","Champion Belt","Ancient Tea Set","Potion Belt","Cursed Key","Centennial Puzzle","Peace Pipe","Self Forming Clay","Ginger","Oddly Smooth Stone","Pandora\u0027s Box","ClockworkSouvenir","Red Mask","MawBank","Question Card","Mummified Hand","Calipers","Red Skull","Ornamental Fan"],"acts_visited":["Exordium","TheCity","TheBeyond","TheEnding"],"potions_floor_usage":[29,29,29,30,33,33,33,33,33,33,40,40,40,40,40,42,42,50,54,55,55,55,55,55,55,55,55,55],"damage_taken":[{"damage":15.0,"enemies":"Small Slimes","floor":1.0,"turns":3.0},{"damage":8.0,"enemies":"2 Louse","floor":3.0,"turns":2.0},{"damage":0.0,"enemies":"Cultist","floor":4.0,"turns":3.0},{"damage":18.0,"enemies":"Exordium Wildlife","floor":5.0,"turns":4.0},{"damage":28.0,"enemies":"Lagavulin","floor":7.0,"turns":8.0},{"damage":0.0,"enemies":"Blue Slaver","floor":8.0,"turns":5.0},{"damage":12.0,"enemies":"Gremlin Nob","floor":11.0,"turns":4.0},{"damage":0.0,"enemies":"2 Fungi Beasts","floor":13.0,"turns":2.0},{"damage":29.0,"enemies":"The Guardian","floor":16.0,"turns":10.0},{"damage":6.0,"enemies":"2 Thieves","floor":18.0,"turns":4.0},{"damage":2.0,"enemies":"Chosen","floor":19.0,"turns":4.0},{"damage":8.0,"enemies":"Snecko","floor":20.0,"turns":3.0},{"damage":38.0,"enemies":"Shelled Parasite and Fungi","floor":21.0,"turns":6.0},{"damage":35.0,"enemies":"Snake Plant","floor":22.0,"turns":5.0},{"damage":12.0,"enemies":"3 Cultists","floor":24.0,"turns":5.0},{"damage":23.0,"enemies":"Centurion and Healer","floor":27.0,"turns":6.0},{"damage":0.0,"enemies":"Chosen and Byrds","floor":28.0,"turns":4.0},{"damage":32,"enemies":"Colosseum Slavers","floor":29,"turns":5},{"damage":12,"enemies":"Colosseum Nobs","floor":29,"turns":4},{"damage":54,"enemies":"Slavers","floor":30,"turns":5},{"damage":29,"enemies":"Automaton","floor":33,"turns":8},{"damage":8,"enemies":"3 Shapes","floor":35,"turns":2},{"damage":26,"enemies":"3 Darklings","floor":38,"turns":5},{"damage":31,"enemies":"Jaw Worm Horde","floor":39,"turns":3},{"damage":55,"enemies":"Giant Head","floor":40,"turns":8},{"damage":21,"enemies":"Nemesis","floor":42,"turns":5},{"damage":10,"enemies":"Mind Bloom Boss Battle","floor":47,"turns":6},{"damage":15,"enemies":"Writhing Mass","floor":48,"turns":5},{"damage":80,"enemies":"Awakened One","floor":50,"turns":12},{"damage":30,"enemies":"Shield and Spear","floor":54,"turns":5},{"damage":43,"enemies":"The Heart","floor":55,"turns":8}],"seed_played":"864049691445753949","potions_obtained":[{"floor":4.0,"key":"Regen Potion"},{"floor":7.0,"key":"Explosive Potion"},{"floor":8.0,"key":"Regen Potion"},{"floor":14.0,"key":"EntropicBrew"},{"floor":14.0,"key":"Ancient Potion"},{"floor":14.0,"key":"BlessingOfTheForge"},{"floor":20.0,"key":"Weak Potion"},{"floor":21.0,"key":"PowerPotion"},{"floor":24.0,"key":"FearPotion"},{"floor":27.0,"key":"Energy Potion"},{"floor":30,"key":"SteroidPotion"},{"floor":35,"key":"Fire Potion"},{"floor":40,"key":"ElixirPotion"},{"floor":48,"key":"LiquidBronze"},{"floor":54,"key":"FearPotion"}],"is_trial":false,"path_per_floor":["M","?","M","M","M","R","E","M","T","$","E","R","M","?","R","B",null,"M","M","M","M","M","R","M","R","T","M","M","?","E","$","R","B",null,"M","$","?","M","M","E","R","E","T","R","?","R","?","M","R","B",null,"R","$","E","B",null],"character_chosen":"IRONCLAD","items_purchased":["Inflame","Oddly Smooth Stone","EntropicBrew","Block Potion","Metallicize","ClockworkSouvenir","Red Skull","Weak Potion","EntropicBrew"],"campfire_rested":5,"item_purchase_floors":[10,31,31,31,36,36,53,53,53],"current_hp_per_floor":[71,53,51,57,45,45,38,44,44,44,50,50,56,56,56,33,80,80,80,78,57,41,41,35,59,59,61,67,80,42,42,66,64,80,78,78,78,79,68,19,43,28,28,52,42,66,77,68,68,36,80,80,80,56,19],"gold":68,"neow_bonus":"RANDOM_COMMON_RELIC","is_daily":false,"chose_seed":false,"campfire_upgraded":4,"win_rate":0.0,"timestamp":1608552131,"path_taken":["M","?","M","M","M","R","E","M","T","$","E","R","M","?","R","BOSS","M","M","M","M","?","R","M","R","T","M","M","?","E","$","R","BOSS","M","$","?","M","M","E","R","E","T","R","?","R","?","M","R","BOSS","R","$","E","BOSS"],"items_purchased_type":["Card","Relic","Potion","Potion","Card","Relic","Relic","Potion","Potion"],"build_version":"2020-12-13","purchased_purges":2,"victory":true,"max_hp_per_floor":[80,80,80,80,80,80,80,80,80,80,80,80,80,80,80,80,80,80,80,80,80,80,80,80,80,80,80,80,80,80,80,80,80,80,80,80,80,80,80,80,80,80,80,80,80,80,80,80,80,80,80,80,80,80,80],"card_choices":[{"not_picked":["True Grit","Feel No Pain"],"picked":"Thunderclap","floor":1.0},{"not_picked":["Reckless Charge","Heavy Blade"],"picked":"Pommel Strike","floor":3.0},{"not_picked":["Pummel","Heavy Blade"],"picked":"Rampage","floor":4.0},{"not_picked":["Clothesline","Dark Embrace"],"picked":"Armaments","floor":5.0},{"not_picked":["Feel No Pain","Reckless Charge"],"picked":"Flame Barrier","floor":7.0},{"not_picked":["Heavy Blade","Disarm","Sword Boomerang"],"picked":"SKIP","floor":8.0},{"not_picked":["Feel No Pain","Clothesline"],"picked":"Ghostly Armor","floor":11.0},{"not_picked":["Carnage","Pummel"],"picked":"Rage","floor":13.0},{"not_picked":["Immolate","Demon Form"],"picked":"Exhume","floor":16.0},{"not_picked":["Clash","Flex","Clothesline"],"picked":"SKIP","floor":18.0},{"not_picked":["Shockwave","Intimidate"],"picked":"Dual Wield+1","floor":19.0},{"not_picked":["Anger","Searing Blow"],"picked":"Reaper","floor":20.0},{"not_picked":["Rupture","Uppercut"],"picked":"Headbutt","floor":21.0},{"not_picked":["Heavy Blade","Flex"],"picked":"Double Tap","floor":22.0},{"not_picked":["Body Slam+1","Burning Pact"],"picked":"Inflame","floor":24.0},{"not_picked":["Anger+1","Perfected Strike+1"],"picked":"Shrug It Off","floor":27.0},{"not_picked":["Rampage+1","Sentinel"],"picked":"Spot Weakness","floor":28.0},{"not_picked":["Body Slam+1","Intimidate"],"picked":"Juggernaut","floor":29},{"not_picked":["True Grit","Power Through"],"picked":"Shrug It Off","floor":30},{"not_picked":["Reaper","Demon Form"],"picked":"Offering","floor":33},{"not_picked":["Bloodletting+1","Sword Boomerang","Twin Strike"],"picked":"SKIP","floor":35},{"not_picked":["Cleave","Armaments+1"],"picked":"Shockwave","floor":38},{"not_picked":["Uppercut+1","Clothesline+1","Havoc+1"],"picked":"SKIP","floor":39},{"not_picked":["True Grit+1","Hemokinesis+1"],"picked":"Inflame+1","floor":40},{"not_picked":["Bludgeon","Warcry+1","Armaments"],"picked":"SKIP","floor":42},{"not_picked":["Thunderclap+1","Sword Boomerang+1","Second Wind"],"picked":"True Grit+1","floor":47},{"not_picked":["Anger","Pommel Strike","Dual Wield"],"picked":"Flame Barrier","floor":48},{"not_picked":["Headbutt","Thunderclap","Infernal Blade"],"picked":"Heavy Blade+1","floor":54}],"player_experience":106520,"relics_obtained":[{"floor":7.0,"key":"Ancient Tea Set"},{"floor":11.0,"key":"Potion Belt"},{"floor":26.0,"key":"Centennial Puzzle"},{"floor":29,"key":"Peace Pipe"},{"floor":29,"key":"Self Forming Clay"},{"floor":30,"key":"Ginger"},{"floor":40,"key":"MawBank"},{"floor":42,"key":"Question Card"},{"floor":43,"key":"Mummified Hand"},{"floor":47,"key":"Calipers"},{"floor":54,"key":"Ornamental Fan"}],"event_choices":[{"damage_healed":0.0,"max_hp_gain":0.0,"max_hp_loss":0.0,"gold_gain":0.0,"event_name":"Scrap Ooze","player_choice":"Success","floor":2.0,"gold_loss":0.0,"damage_taken":18.0,"relics_obtained":["Champion Belt"]},{"damage_healed":0.0,"max_hp_gain":0.0,"max_hp_loss":0.0,"gold_gain":0.0,"event_name":"Lab","player_choice":"Got Potions","floor":14.0,"gold_loss":0.0,"damage_taken":0.0},{"damage_healed":0,"gold_gain":0,"player_choice":"Fight","damage_taken":0,"max_hp_gain":0,"max_hp_loss":0,"event_name":"Colosseum","floor":29,"gold_loss":0},{"damage_healed":0,"gold_gain":0,"player_choice":"Fought Nobs","damage_taken":0,"max_hp_gain":0,"max_hp_loss":0,"event_name":"Colosseum","floor":29,"gold_loss":0},{"damage_healed":0,"gold_gain":0,"player_choice":"Paid","damage_taken":0,"relics_obtained":["Red Mask"],"max_hp_gain":0,"max_hp_loss":0,"event_name":"Tomb of Lord Red Mask","floor":37,"gold_loss":78},{"damage_healed":0,"gold_gain":0,"player_choice":"Embrace Madness","damage_taken":10,"max_hp_gain":0,"max_hp_loss":0,"event_name":"Winding Halls","floor":45,"gold_loss":0,"cards_obtained":["Madness","Madness"]},{"damage_healed":0,"gold_gain":0,"player_choice":"Fight","damage_taken":0,"max_hp_gain":0,"max_hp_loss":0,"event_name":"MindBloom","floor":47,"gold_loss":0}],"is_beta":false,"boss_relics":[{"not_picked":["Runic Dome","Astrolabe"],"picked":"Cursed Key"},{"not_picked":["Coffee Dripper","Black Star"],"picked":"Pandora\u0027s Box"}],"items_purged_floors":[10,31],"is_endless":false,"potions_floor_spawned":[4,7,8,20,21,24,27,29,30,35,40,48,54],"ascension_level":3}}