{"host":"wshh0nphwn6jv7vj","time":1608525672,"event":{"mods":["BaseMod","Bestiary","Minty Spire (QoL Compilation)"],"gold_per_floor":[109,129,1,21,40,72,72,103,152,152,180,190,44,62,62,140,140,150,150,165,194,194,194,194],"floor_reached":23,"playtime":1230,"items_purged":["Strike_P"],"score":413,"play_id":"ca3b03c5-3e85-4b6d-a312-b30115372ea7","local_time":"20201220234112","is_ascension_mode":true,"campfire_choices":[{"data":"SandsOfTime","floor":10,"key":"SMITH"},{"data":"WreathOfFlame","floor":15,"key":"SMITH"}],"circlet_count":0,"master_deck":["AscendersBane","Strike_P","Strike_P","Strike_P+1","Defend_P","Defend_P+1","Defend_P","Defend_P","Eruption","Vigilance","FollowUp","BowlingBash","FollowUp","FollowUp","SandsOfTime+1","Study","DeusExMachina","Consecrate","WreathOfFlame+1","Scrawl","Pain","ReachHeaven+1","LikeWater"],"relics":["PureWater","NeowsBlessing","Meat on the Bone","Kunai","Bag of Marbles","Oddly Smooth Stone","OrangePellets","Runic Pyramid","WarpedTongs","Red Mask"],"acts_visited":["Exordium","TheCity"],"potions_floor_usage":[6,16,21,23,23],"damage_taken":[{"damage":0,"enemies":"2 Louse","floor":1,"turns":1},{"damage":0,"enemies":"Small Slimes","floor":2,"turns":1},{"damage":0,"enemies":"Cultist","floor":4,"turns":1},{"damage":0,"enemies":"Exordium Wildlife","floor":5,"turns":2},{"damage":11,"enemies":"Gremlin Nob","floor":6,"turns":3},{"damage":7,"enemies":"3 Sentries","floor":8,"turns":6},{"damage":0,"enemies":"Gremlin Nob","floor":11,"turns":3},{"damage":0,"enemies":"Blue Slaver","floor":12,"turns":1},{"damage":5,"enemies":"Lots of Slimes","floor":14,"turns":2},{"damage":12,"enemies":"The Guardian","floor":16,"turns":7},{"damage":0,"enemies":"Spheric Guardian","floor":18,"turns":3},{"damage":9,"enemies":"2 Thieves","floor":20,"turns":3},{"damage":39,"enemies":"Masked Bandits","floor":21,"turns":3},{"damage":35,"enemies":"Gremlin Leader","floor":23,"turns":7}],"seed_played":"-4170000897236765194","potions_obtained":[{"floor":2,"key":"EssenceOfSteel"},{"floor":4,"key":"EssenceOfSteel"},{"floor":8,"key":"Ambrosia"},{"floor":12,"key":"Regen Potion"},{"floor":16,"key":"SkillPotion"},{"floor":21,"key":"ColorlessPotion"}],"is_trial":false,"path_per_floor":["M","M","$","M","M","E","?","E","T","R","E","M","$","M","R","B",null,"M","?","M","?","?","E"],"character_chosen":"WATCHER","items_purchased":["FollowUp","OrangePellets"],"campfire_rested":0,"item_purchase_floors":[3,13],"current_hp_per_floor":[61,61,61,61,61,50,30,35,35,35,35,35,35,42,42,42,62,62,62,53,35,35,0,0],"gold":194,"neow_bonus":"THREE_ENEMY_KILL","is_daily":false,"chose_seed":false,"campfire_upgraded":2,"win_rate":0.0,"timestamp":1608525672,"path_taken":["M","M","$","M","M","E","?","E","T","R","E","M","$","M","R","BOSS","M","?","?","?","?","E"],"items_purchased_type":["Card","Relic"],"build_version":"2020-12-13","purchased_purges":1,"victory":false,"max_hp_per_floor":[68,68,68,68,68,68,68,68,68,68,68,68,68,68,68,68,68,68,68,68,68,68,68,68],"card_choices":[{"not_picked":["Crescendo","CrushJoints"],"picked":"FollowUp","floor":1},{"not_picked":["Weave","ThirdEye"],"picked":"BowlingBash","floor":2},{"not_picked":["CutThroughFate","FlurryOfBlows"],"picked":"FollowUp","floor":4},{"not_picked":["ClearTheMind","BowlingBash","JustLucky"],"picked":"SKIP","floor":5},{"not_picked":["Indignation","Omniscience"],"picked":"SandsOfTime","floor":6},{"not_picked":["FollowUp","Prostrate"],"picked":"Study","floor":8},{"not_picked":["EmptyBody","Crescendo"],"picked":"DeusExMachina","floor":11},{"not_picked":["BowlingBash","JustLucky"],"picked":"Consecrate","floor":12},{"not_picked":["Crescendo","FlyingSleeves"],"picked":"WreathOfFlame","floor":14},{"not_picked":["DeusExMachina","Omniscience"],"picked":"Scrawl","floor":16},{"not_picked":["PathToVictory","CrushJoints","Crescendo"],"picked":"SKIP","floor":18},{"not_picked":["PathToVictory","WaveOfTheHand"],"picked":"ReachHeaven+1","floor":20},{"not_picked":["Meditate","JustLucky"],"picked":"LikeWater","floor":21}],"player_experience":1457121,"relics_obtained":[{"floor":6,"key":"Meat on the Bone"},{"floor":8,"key":"Kunai"},{"floor":9,"key":"Bag of Marbles"},{"floor":11,"key":"Oddly Smooth Stone"},{"floor":21,"key":"Red Mask"}],"event_choices":[{"damage_healed":0,"gold_gain":0,"player_choice":"Entered Light","damage_taken":20,"max_hp_gain":0,"max_hp_loss":0,"event_name":"Shining Light","floor":7,"gold_loss":0,"cards_upgraded":["Defend_P","Strike_P"]},{"damage_healed":0,"gold_gain":0,"player_choice":"Rummage","damage_taken":0,"relics_obtained":["WarpedTongs"],"max_hp_gain":0,"max_hp_loss":0,"event_name":"Accursed Blacksmith","floor":19,"gold_loss":0,"cards_obtained":["Pain"]},{"damage_healed":0,"gold_gain":0,"player_choice":"Fought Bandits","damage_taken":0,"max_hp_gain":0,"max_hp_loss":0,"event_name":"Masked Bandits","floor":21,"gold_loss":0},{"damage_healed":0,"gold_gain":0,"player_choice":"Ignored","damage_taken":0,"max_hp_gain":0,"max_hp_loss":0,"event_name":"Ghosts","floor":22,"gold_loss":0}],"is_beta":false,"boss_relics":[{"not_picked":["Coffee Dripper","Runic Dome"],"picked":"Runic Pyramid"}],"items_purged_floors":[3],"is_endless":false,"potions_floor_spawned":[2,4,8,12,16,21],"killed_by":"Gremlin Leader","ascension_level":15}}