{"host":"woah5shdh5xsovm3","time":1608584824,"event":{"mods":["BaseMod","BetterRewards","Downfall","Hermit","Hubris","Infinite Spire","Jorbs\u0027s Wanderer Trilogy","Koishi","Marisa????????","Minty Spire (QoL Compilation)","Remilia??????","Replay The Spire","Shop Mod","StSLib","SuperFastMode","The Animator","The Bug Knight","The Construct","The Cursed","The Disciple","The Hierophant","The Necromancer","The Poker Player","The Runesmith","The Servant 0.9.4"],"gold_per_floor":[118,218,238,257,27,56,71,89,89,89,8,8,183,215,215,215,215],"floor_reached":16,"playtime":443,"items_purged":[],"score":110,"play_id":"260ec555-4443-4eb9-99dc-f77270e5b8b1","local_time":"20201221150704","is_ascension_mode":false,"campfire_choices":[{"floor":10,"key":"REST"},{"data":"HollowMod:SoulEater","floor":12,"key":"SMITH"},{"floor":15,"key":"REST"}],"circlet_count":0,"master_deck":["HollowMod:NailStrikeStart","HollowMod:NailStrikeStart","HollowMod:NailStrikeStart","HollowMod:NailStrikeStart","HollowMod:QuickDashStart","HollowMod:QuickDashStart","HollowMod:QuickDashStart","HollowMod:QuickDashStart","HollowMod:FocusHealStart","HollowMod:PogoStrike","HollowMod:HowlingWraiths","HollowMod:PureNailStrike","HollowMod:SoulEater+1","HollowMod:AwokenDreamNail+1","Doubt","HollowMod:VengefulSpirit"],"relics":["HollowMod:VesselMask","NeowsBlessing","Chemical X","Dream Catcher","Golden Egg","MealTicket"],"acts_visited":["Exordium"],"potions_floor_usage":[4,6,16],"damage_taken":[{"damage":0,"enemies":"Small Slimes","floor":1,"turns":1},{"damage":0,"enemies":"Cultist","floor":3,"turns":1},{"damage":0,"enemies":"Jaw Worm","floor":4,"turns":1},{"damage":30,"enemies":"3 Sentries","floor":6,"turns":6},{"damage":5,"enemies":"3 Louse","floor":7,"turns":3},{"damage":6,"enemies":"2 Fungi Beasts","floor":8,"turns":4},{"damage":26,"enemies":"Lagavulin","floor":14,"turns":7},{"damage":73,"enemies":"HollowMod:FalseKnight","floor":16,"turns":8}],"seed_played":"1559655277136507639","potions_obtained":[{"floor":3,"key":"SteroidPotion"},{"floor":4,"key":"Fruit Juice"},{"floor":7,"key":"Venom Potion"}],"is_trial":false,"path_per_floor":["M","?","M","M","$","E","M","M","T","R","$","R","?","E","R","B"],"character_chosen":"THE_BUGKNIGHT","items_purchased":["HollowMod:SoulEater","Chemical X","HollowMod:AwokenDreamNail"],"campfire_rested":2,"item_purchase_floors":[5,5,11],"current_hp_per_floor":[75,75,75,80,80,50,45,39,39,63,63,63,63,37,61,0,0],"gold":215,"neow_bonus":"THREE_ENEMY_KILL","is_daily":false,"chose_seed":false,"campfire_upgraded":1,"win_rate":0.0,"timestamp":1608584824,"path_taken":["M","?","?","M","$","E","M","M","T","R","$","R","?","E","R","BOSS"],"items_purchased_type":["Card","Relic","Card"],"build_version":"2020-12-13","purchased_purges":0,"victory":false,"max_hp_per_floor":[75,75,75,80,80,80,80,80,80,80,80,80,80,80,80,80,80],"card_choices":[{"not_picked":["HollowMod:SoulShaman","HollowMod:WraithStrike","HollowMod:FallenFury"],"picked":"SKIP","floor":1},{"not_picked":["HollowMod:SiblingsSouls","HollowMod:MothsMistake"],"picked":"HollowMod:HowlingWraiths","floor":3},{"not_picked":["HollowMod:NewJinnsSoul","HollowMod:CornifersMapStart"],"picked":"HollowMod:PureNailStrike","floor":4},{"not_picked":["HollowMod:GrimmsGift","HollowMod:CloakDash","HollowMod:BlackTendrils"],"picked":"SKIP","floor":6},{"not_picked":["HollowMod:HowlingWraiths","HollowMod:SiblingsShadow","HollowMod:InfectionAssault"],"picked":"SKIP","floor":7},{"not_picked":["HollowMod:SiblingsSouls","HollowMod:CycloneSlash","HollowMod:Weaversong"],"picked":"SKIP","floor":8},{"not_picked":["HollowMod:SoulEater","HollowMod:NewJinnsSoul","HollowMod:InfectedAttack"],"picked":"SKIP","floor":14},{"not_picked":["HollowMod:PerfectDash","HollowMod:WraithStrike"],"picked":"HollowMod:VengefulSpirit","floor":15}],"player_experience":399810,"relics_obtained":[{"floor":6,"key":"Dream Catcher"},{"floor":9,"key":"Golden Egg"},{"floor":14,"key":"MealTicket"}],"event_choices":[{"damage_healed":0,"gold_gain":100,"player_choice":"Gold","damage_taken":0,"max_hp_gain":0,"max_hp_loss":0,"event_name":"Wheel of Change","floor":2,"gold_loss":0},{"damage_healed":0,"gold_gain":175,"player_choice":"AGREE","damage_taken":0,"max_hp_gain":0,"max_hp_loss":0,"event_name":"Liars Game","floor":13,"gold_loss":0,"cards_obtained":["Doubt"]}],"is_beta":false,"boss_relics":[],"items_purged_floors":[],"is_endless":false,"potions_floor_spawned":[3,4,7],"killed_by":"HollowMod:FalseKnight","ascension_level":0}}