{"host":"znvnxllcillb3rtw","time":1608543331,"event":{"mods":["BaseMod","DeckTracker","Minty Spire (QoL Compilation)","Relic Stats","StSLib","SuperFastMode","everything is the same but u backflip on backflip"],"gold_per_floor":[129,416,445,474,486,498,498],"floor_reached":6,"playtime":223,"items_purged":[],"score":72,"play_id":"55a92905-061c-4b89-83ac-56d53ba1d918","local_time":"20201221183531","is_ascension_mode":true,"campfire_choices":[],"circlet_count":0,"master_deck":["AscendersBane","Strike_B","Strike_B","Strike_B","Strike_B","Defend_B","Defend_B","Defend_B","Defend_B","Zap","Dualcast","CurseOfTheBell","Turbo","Regret","Chill","Sunder"],"relics":["Calling Bell","MawBank","Matryoshka","Dead Branch","Nunchaku"],"acts_visited":["Exordium"],"potions_floor_usage":[6],"damage_taken":[{"damage":6,"enemies":"Cultist","floor":1,"turns":4},{"damage":10,"enemies":"2 Louse","floor":3,"turns":3},{"damage":23,"enemies":"Jaw Worm","floor":4,"turns":7},{"damage":36,"enemies":"Gremlin Nob","floor":6,"turns":3}],"seed_played":"3327639087082863339","potions_obtained":[{"floor":3,"key":"Fruit Juice"}],"is_trial":false,"path_per_floor":["M","?","M","M","?","E"],"character_chosen":"DEFECT","items_purchased":[],"campfire_rested":0,"item_purchase_floors":[],"current_hp_per_floor":[58,58,48,25,20,0,0],"gold":498,"neow_bonus":"BOSS_RELIC","is_daily":false,"chose_seed":false,"campfire_upgraded":0,"win_rate":0.0,"timestamp":1608543331,"path_taken":["M","?","?","M","?","E"],"items_purchased_type":[],"build_version":"2020-12-13","purchased_purges":0,"victory":false,"max_hp_per_floor":[71,71,71,71,71,76,76],"relic_stats":{"Nunchaku":[0],"counters":[4,17],"Dead Branch":[6],"MawBank":72,"obtain_stats":[{"Calling Bell":0,"Nunchaku":5,"Matryoshka":0,"Dead Branch":0,"Cracked Core":0,"MawBank":0},{"Calling Bell":0,"Nunchaku":3,"Matryoshka":0,"Dead Branch":0,"Cracked Core":0,"MawBank":0},{"Calling Bell":0,"Nunchaku":14,"Matryoshka":0,"Dead Branch":0,"Cracked Core":0,"MawBank":0}]},"card_choices":[{"not_picked":["Redo","Leap"],"picked":"Turbo","floor":1},{"not_picked":["White Noise","Stack"],"picked":"Chill","floor":3},{"not_picked":["Glacier","Capacitor"],"picked":"Sunder","floor":4}],"player_experience":2872603,"relics_obtained":[{"floor":0,"key":"MawBank"},{"floor":0,"key":"Matryoshka"},{"floor":0,"key":"Dead Branch"}],"event_choices":[{"damage_healed":0,"gold_gain":275,"player_choice":"Desecrate","damage_taken":0,"max_hp_gain":0,"max_hp_loss":0,"event_name":"Golden Shrine","floor":2,"gold_loss":0,"cards_obtained":["Regret"]},{"damage_healed":0,"gold_gain":0,"player_choice":"Success","damage_taken":5,"relics_obtained":["Nunchaku"],"max_hp_gain":0,"max_hp_loss":0,"event_name":"Scrap Ooze","floor":5,"gold_loss":0}],"is_beta":false,"boss_relics":[],"items_purged_floors":[],"is_endless":false,"potions_floor_spawned":[3],"killed_by":"Gremlin Nob","ascension_level":20}}