{"host":"jksa5rawk3m4gilz","time":1608564427,"event":{"mods":["BaseMod","Colored Map","Highlight Path","Minty Spire (QoL Compilation)","Quick Restart"],"gold_per_floor":[118,29,104,122,122,155,155,188,236,261,361,361,55,86,86,165,165,184,184,203,133,146,146,146],"floor_reached":23,"playtime":812,"items_purged":[],"score":396,"play_id":"6a6c69fc-1363-4186-a5bf-89dc69900b8c","local_time":"20201221162707","is_ascension_mode":true,"campfire_choices":[{"data":"BowlingBash","floor":7,"key":"SMITH"},{"floor":12,"key":"REST"},{"floor":15,"key":"REST"}],"circlet_count":0,"master_deck":["AscendersBane","Strike_P","Strike_P","Defend_P+1","Defend_P","Defend_P+1","Eruption","Vigilance","BowlingBash+1","Enlightenment+1","Swivel+1","Scrawl","FearNoEvil","Ragnarok","ReachHeaven","Devotion","Brilliance+1","Wallop+1","FlurryOfBlows+1","Worship"],"relics":["PureWater","NeowsBlessing","War Paint","Torii","Lantern","WingedGreaves","Strange Spoon","Bronze Scales","Astrolabe"],"acts_visited":["Exordium","TheCity"],"potions_floor_usage":[10,10],"damage_taken":[{"damage":0,"enemies":"Cultist","floor":1,"turns":1},{"damage":0,"enemies":"Small Slimes","floor":4,"turns":1},{"damage":0,"enemies":"Lagavulin","floor":6,"turns":1},{"damage":8,"enemies":"3 Sentries","floor":8,"turns":8},{"damage":35,"enemies":"Lagavulin","floor":10,"turns":5},{"damage":21,"enemies":"3 Sentries","floor":14,"turns":7},{"damage":20,"enemies":"Hexaghost","floor":16,"turns":9},{"damage":16,"enemies":"2 Thieves","floor":18,"turns":3},{"damage":1,"enemies":"Spheric Guardian","floor":20,"turns":3},{"damage":15,"enemies":"Snake Plant","floor":22,"turns":3},{"damage":48,"enemies":"Book of Stabbing","floor":23,"turns":1}],"seed_played":"1013480835193474268","potions_obtained":[{"floor":4,"key":"PowerPotion"},{"floor":6,"key":"LiquidMemories"},{"floor":10,"key":"SmokeBomb"},{"floor":18,"key":"PowerPotion"},{"floor":20,"key":"BottledMiracle"}],"is_trial":false,"path_per_floor":["M","$","?","M","?","E","R","E","T","E","?","R","$","E","R","B",null,"M","$","M","$","M","E"],"character_chosen":"WATCHER","items_purchased":["Enlightenment","Strange Spoon","Ragnarok","Worship"],"campfire_rested":2,"item_purchase_floors":[2,13,13,21],"current_hp_per_floor":[65,65,58,58,44,44,44,36,36,1,1,22,22,1,22,2,55,39,39,38,38,23,0,0],"gold":146,"neow_bonus":"THREE_ENEMY_KILL","is_daily":false,"chose_seed":false,"campfire_upgraded":1,"win_rate":0.0,"timestamp":1608564427,"path_taken":["M","$","?","?","?","E","R","E","T","E","?","R","$","E","R","BOSS","M","$","M","?","M","E"],"items_purchased_type":["Card","Relic","Card","Card"],"build_version":"2020-12-13","purchased_purges":0,"victory":false,"max_hp_per_floor":[72,72,72,72,72,72,72,72,72,72,72,72,72,72,72,72,72,72,72,72,72,72,72,72],"card_choices":[{"not_picked":["Protect","JustLucky"],"picked":"BowlingBash","floor":1},{"not_picked":["Adaptation","ThirdEye"],"picked":"Swivel","floor":4},{"not_picked":["Evaluate","InnerPeace"],"picked":"Scrawl","floor":6},{"not_picked":["EmptyBody","JustLucky","InnerPeace"],"picked":"SKIP","floor":8},{"not_picked":["SandsOfTime","InnerPeace"],"picked":"FearNoEvil","floor":10},{"not_picked":["CutThroughFate","BowlingBash"],"picked":"ReachHeaven","floor":14},{"not_picked":["Alpha","Blasphemy"],"picked":"Devotion","floor":16},{"not_picked":["BowlingBash","ClearTheMind","Study"],"picked":"SKIP","floor":18},{"not_picked":["CrushJoints","DeceiveReality","EmptyMind"],"picked":"SKIP","floor":20},{"not_picked":["SandsOfTime","Nirvana+1","Evaluate"],"picked":"SKIP","floor":22}],"player_experience":2046946,"relics_obtained":[{"floor":6,"key":"War Paint"},{"floor":8,"key":"Torii"},{"floor":9,"key":"Lantern"},{"floor":10,"key":"WingedGreaves"},{"floor":14,"key":"Bronze Scales"}],"event_choices":[{"damage_healed":0,"gold_gain":75,"player_choice":"Touch","damage_taken":7,"max_hp_gain":0,"max_hp_loss":0,"event_name":"FaceTrader","floor":3,"gold_loss":0},{"damage_healed":0,"gold_gain":0,"player_choice":"Entered Light","damage_taken":14,"max_hp_gain":0,"max_hp_loss":0,"event_name":"Shining Light","floor":5,"gold_loss":0,"cards_upgraded":["Enlightenment","Swivel"]},{"damage_healed":0,"gold_gain":100,"player_choice":"Pray","damage_taken":0,"max_hp_gain":0,"max_hp_loss":0,"event_name":"Golden Shrine","floor":11,"gold_loss":0}],"is_beta":false,"boss_relics":[{"not_picked":["Ectoplasm","HolyWater"],"picked":"Astrolabe"}],"items_purged_floors":[],"is_endless":false,"potions_floor_spawned":[4,6,10,18,20],"killed_by":"Book of Stabbing","ascension_level":13}}