{"host":"4b06nrmhsmzqjm1r","time":1608590568,"event":{"mods":["2.2 Compatiblity","AchievementEnabler","BaseMod","BetterRewards","Colored Map","Colored Powertips","Downfall","Hermit","Highlight Path","Marisa????????","Minty Spire (QoL Compilation)","StSLib","The Animator","The Cursed","The Hierophant","The Servant 0.9.4"],"gold_per_floor":[110,185,360,635,654,682,682,696,696,711,427,444,444,499,511,623,635,662,241,257,267,267,267,283,283,308,324,350,379,398,416,416,511,511,531,531,531,531],"floor_reached":37,"playtime":5850,"items_purged":["TheCursedMod:Strike_TheCursed","TheCursedMod:Defend_TheCursed"],"score":441,"play_id":"a91d9b1d-5d48-46c9-9fa0-e3f58312eba9","local_time":"20201221234248","is_ascension_mode":false,"campfire_choices":[{"floor":7.0,"key":"REST"},{"floor":15,"key":"REST"},{"floor":23,"key":"RECALL"},{"floor":25,"key":"REST"},{"data":"TheCursedMod:CleanUpWorkshop","floor":32,"key":"SMITH"}],"circlet_count":0,"master_deck":["TheCursedMod:Strike_TheCursed","TheCursedMod:Strike_TheCursed","TheCursedMod:Strike_TheCursed+1","TheCursedMod:Defend_TheCursed+1","TheCursedMod:Defend_TheCursed","TheCursedMod:CursedWand","TheCursedMod:CleanUpWorkshop+1","TheCursedMod:Dregs","TheCursedMod:Hemoplague","TheCursedMod:Torture","TheCursedMod:Mangle","TheCursedMod:FleshFromBone","TheCursedMod:CircleOfFlame","TheCursedMod:ShockAndAwe","TheCursedMod:CircleOfFlame","TheCursedMod:BlessingInDisguise","TheCursedMod:CircleOfCorruption","Doubt","Regret","TheCursedMod:SpitefulStrike","TheCursedMod:CursedSpellbook+1","TheCursedMod:Torture+1","TheCursedMod:CircleOfCorruption+1","TheCursedMod:LuckyCharm","TheCursedMod:CircleOfFlame+1","TheCursedMod:Mangle","TheCursedMod:RapidMovement+1","TheCursedMod:CircleOfAbyss+1","TheCursedMod:Obscuration+1","TheCursedMod:SpitefulPray+1","Apotheosis+1","TheCursedMod:VoidForm","TheCursedMod:Grudge+1","TheCursedMod:CursedBlade+1","TheCursedMod:LuckyCharm","TheCursedMod:FleshFromBone+1","TheCursedMod:CircleOfFocus+1","TheCursedMod:Neurasthenia+1","TheCursedMod:HellfireBreathing+1","TheCursedMod:Obscuration+1","TheCursedMod:UltimatePain+1","CurseOfTheBell","TheCursedMod:ReleasedKnowledge+1"],"relics":["TheCursedMod:BlackMagic101","FossilizedHelix","Toxic Egg 2","Meat on the Bone","MawBank","Runic Pyramid","Membership Card","Tiny Chest","StoneCalendar","Red Mask","Calling Bell","TheCursedMod:CrystalBall","Mummified Hand"],"acts_visited":["Exordium","TheCity","TheBeyond"],"potions_floor_usage":[12,16,24,24,28,28,33,37],"damage_taken":[{"damage":0.0,"enemies":"Small Slimes","floor":1.0,"turns":3.0},{"damage":0.0,"enemies":"Jaw Worm","floor":5.0,"turns":2.0},{"damage":54.0,"enemies":"Gremlin Nob","floor":6.0,"turns":5.0},{"damage":7.0,"enemies":"2 Louse","floor":8.0,"turns":3.0},{"damage":0,"enemies":"Gremlin Gang","floor":10,"turns":4},{"damage":13,"enemies":"Exordium Thugs","floor":12,"turns":4},{"damage":25,"enemies":"Slime Boss","floor":16,"turns":9},{"damage":5,"enemies":"Chosen","floor":18,"turns":3},{"damage":15,"enemies":"2 Thieves","floor":20,"turns":3},{"damage":6,"enemies":"3 Cultists","floor":21,"turns":3},{"damage":0,"enemies":"Centurion and Healer","floor":24,"turns":4},{"damage":9,"enemies":"Shelled Parasite and Fungi","floor":27,"turns":4},{"damage":17,"enemies":"Book of Stabbing","floor":28,"turns":4},{"damage":0,"enemies":"Masked Bandits","floor":29,"turns":4},{"damage":0,"enemies":"Snake Plant","floor":30,"turns":3},{"damage":0,"enemies":"Snecko","floor":31,"turns":3},{"damage":30,"enemies":"Collector","floor":33,"turns":11},{"damage":0,"enemies":"Orb Walker","floor":35,"turns":3},{"damage":79,"enemies":"Time Eater","floor":37,"turns":9}],"seed_played":"-9215960613396456950","potions_obtained":[{"floor":5.0,"key":"FairyPotion"},{"floor":10,"key":"Strength Potion"},{"floor":12,"key":"SkillPotion"},{"floor":16,"key":"PowerPotion"},{"floor":18,"key":"SpeedPotion"},{"floor":20,"key":"BlessingOfTheForge"},{"floor":24,"key":"CultistPotion"},{"floor":31,"key":"SpeedPotion"},{"floor":33,"key":"AttackPotion"},{"floor":35,"key":"SmokeBomb"}],"is_trial":false,"path_per_floor":["M","?","?","?","M","E","R","M","T","M","$","M","?","T","R","B",null,"M","$","M","M","?","R","M","R","T","M","E","?","M","M","R","B",null,"M","?","B"],"character_chosen":"THE_CURSED","items_purchased":["TheCursedMod:Hemoplague","TheCursedMod:Torture","TheCursedMod:Mangle","TheCursedMod:FleshFromBone","TheCursedMod:CircleOfFlame","FossilizedHelix","TheCursedMod:ShockAndAwe","TheCursedMod:LuckyCharm","TheCursedMod:CircleOfFlame+1","TheCursedMod:Mangle","Membership Card","TheCursedMod:SpitefulPray+1","Apotheosis+1","TheCursedMod:VoidForm"],"campfire_rested":3,"item_purchase_floors":[0,0,0,0,0,0,0,11,11,11,19,19,19,19],"current_hp_per_floor":[40,29,29,29,29,22,44,37,37,49,49,48,33,33,55,42,75,70,70,55,49,49,49,49,71,71,62,45,45,45,45,45,27,75,75,75,0,0],"gold":531,"neow_bonus":"","is_daily":false,"chose_seed":false,"campfire_upgraded":1,"win_rate":0.0,"timestamp":1608590568,"path_taken":["M","?","?","?","?","E","R","M","T","M","?","M","?","?","R","BOSS","M","$","M","M","?","R","M","R","T","M","E","?","?","M","R","BOSS","M","?","BOSS"],"items_purchased_type":["Card","Card","Card","Card","Card","Relic","Card","Card","Card","Card","Relic","Card","Card","Card"],"build_version":"2020-12-13","purchased_purges":2,"victory":false,"max_hp_per_floor":[75,75,75,75,75,75,75,75,75,75,75,75,75,75,75,75,75,75,75,75,75,75,75,75,75,75,75,75,75,75,75,75,75,75,75,75,75,75],"card_choices":[{"not_picked":["TheCursedMod:SmokeScreen","TheCursedMod:SpitefulPlan"],"picked":"TheCursedMod:CircleOfCorruption","floor":1.0},{"not_picked":["TheCursedMod:StingEye","TheCursedMod:Stigma"],"picked":"TheCursedMod:SpitefulStrike","floor":5.0},{"not_picked":["TheCursedMod:ParallelWorld+1","TheCursedMod:CursedShiv"],"picked":"TheCursedMod:CursedSpellbook+1","floor":6.0},{"not_picked":["TheCursedMod:SmokeScreen+1","TheCursedMod:FuryStrike"],"picked":"TheCursedMod:Torture+1","floor":8.0},{"not_picked":["TheCursedMod:Stigma","TheCursedMod:WearCloak+1"],"picked":"TheCursedMod:CircleOfCorruption+1","floor":10},{"not_picked":["TheCursedMod:CursedAmulet+1","TheCursedMod:ReleasedStrength+1"],"picked":"TheCursedMod:RapidMovement+1","floor":12},{"not_picked":["TheCursedMod:Neurasthenia+1","TheCursedMod:VoidForm"],"picked":"TheCursedMod:CircleOfAbyss+1","floor":16},{"not_picked":["TheCursedMod:TacticalStrike+1","TheCursedMod:SmokeScreen+1"],"picked":"TheCursedMod:Obscuration+1","floor":18},{"not_picked":["TheCursedMod:SpitefulStrike","TheCursedMod:Wield"],"picked":"TheCursedMod:Grudge+1","floor":20},{"not_picked":["TheCursedMod:RavingStaff","TheCursedMod:BlessingInDisguise+1"],"picked":"TheCursedMod:CursedBlade+1","floor":21},{"not_picked":["TheCursedMod:StingEye","TheCursedMod:OutForBlood"],"picked":"TheCursedMod:LuckyCharm","floor":24},{"not_picked":["TheCursedMod:CursedMace+1","TheCursedMod:VitalStrike"],"picked":"TheCursedMod:FleshFromBone+1","floor":27},{"not_picked":["TheCursedMod:CursedBlade","TheCursedMod:HellfireBreathing"],"picked":"TheCursedMod:CircleOfFocus+1","floor":28},{"not_picked":["TheCursedMod:WearCloak+1","TheCursedMod:HellsGateOpen"],"picked":"TheCursedMod:Neurasthenia+1","floor":29},{"not_picked":["TheCursedMod:CircleOfFocus+1","TheCursedMod:ReleasedKnowledge+1"],"picked":"TheCursedMod:HellfireBreathing+1","floor":30},{"not_picked":["TheCursedMod:RavingStaff+1","TheCursedMod:SpitefulPlan+1"],"picked":"TheCursedMod:Obscuration+1","floor":31},{"not_picked":["TheCursedMod:CursedRelics","TheCursedMod:VoidForm"],"picked":"TheCursedMod:UltimatePain+1","floor":33},{"not_picked":["TheCursedMod:Obscuration+1","TheCursedMod:Torture+1"],"picked":"TheCursedMod:ReleasedKnowledge+1","floor":35}],"player_experience":185567,"relics_obtained":[{"floor":6.0,"key":"Toxic Egg 2"},{"floor":9.0,"key":"Meat on the Bone"},{"floor":14,"key":"MawBank"},{"floor":26,"key":"Tiny Chest"},{"floor":28,"key":"StoneCalendar"},{"floor":29,"key":"Red Mask"},{"floor":34,"key":"TheCursedMod:CrystalBall"},{"floor":34,"key":"Mummified Hand"}],"event_choices":[{"damage_healed":0.0,"max_hp_gain":0.0,"max_hp_loss":0.0,"gold_gain":75.0,"event_name":"World of Goop","player_choice":"Gather Gold","floor":2.0,"gold_loss":0.0,"damage_taken":11.0},{"damage_healed":0.0,"max_hp_gain":0.0,"max_hp_loss":0.0,"gold_gain":175.0,"event_name":"Liars Game","player_choice":"AGREE","floor":3.0,"gold_loss":0.0,"damage_taken":0.0,"cards_obtained":["Doubt"]},{"damage_healed":0.0,"max_hp_gain":0.0,"max_hp_loss":0.0,"gold_gain":275.0,"event_name":"Golden Shrine","player_choice":"Desecrate","floor":4.0,"gold_loss":0.0,"damage_taken":0.0,"cards_obtained":["Regret"]},{"damage_healed":0,"gold_gain":0,"player_choice":"Entered Light","damage_taken":15,"max_hp_gain":0,"max_hp_loss":0,"event_name":"Shining Light","floor":13,"gold_loss":0,"cards_upgraded":["TheCursedMod:Defend_TheCursed","TheCursedMod:Strike_TheCursed"]},{"damage_healed":0,"gold_gain":0,"player_choice":"Fought Bandits","damage_taken":0,"max_hp_gain":0,"max_hp_loss":0,"event_name":"Masked Bandits","floor":29,"gold_loss":0},{"damage_healed":0,"gold_gain":0,"player_choice":"Took Portal","damage_taken":0,"max_hp_gain":0,"max_hp_loss":0,"event_name":"SecretPortal","floor":36,"gold_loss":0}],"is_beta":false,"boss_relics":[{"not_picked":["Coffee Dripper","SacredBark"],"picked":"Runic Pyramid"},{"not_picked":["Fusion Hammer","Busted Crown"],"picked":"Calling Bell"}],"items_purged_floors":[11,19],"is_endless":false,"potions_floor_spawned":[5,10,12,16,18,20,24,31,33,35],"killed_by":"Time Eater","ascension_level":0}}