{"host":"qxeepl7ydvsgmfdb","time":1608561929,"event":{"mods":["AchievementEnabler","BaseMod","Colored Powertips","Minty Spire (QoL Compilation)","Quick Restart","slay the spire mod where everything is the same but ironclad has a cowboy hat"],"gold_per_floor":[115,135,135,60,73,73,111,126,126,52,76,92,108,151,151,270,270,284,299,324,324,58,58,72,115,115,15,15,15,39,39,39,165,228,252,276,327,396,496,496,190,204,204,237,298,333,345,378,390,402],"floor_reached":51,"playtime":1808,"items_purged":["Defend_B+1","Defend_B+1"],"score":696,"play_id":"890b8c1a-f04f-4a12-a806-afebaae429ec","local_time":"20201221094529","is_ascension_mode":false,"campfire_choices":[{"data":"Fusion","floor":6,"key":"SMITH"},{"floor":15,"key":"REST"},{"floor":23,"key":"REST"},{"data":"Electrodynamics","floor":28,"key":"SMITH"},{"data":"Rainbow","floor":32,"key":"SMITH"},{"data":"Defragment","floor":40,"key":"SMITH"},{"data":"White Noise","floor":47,"key":"SMITH"},{"floor":49,"key":"REST"}],"circlet_count":0,"master_deck":["Strike_B+1","Strike_B+1","Strike_B+1","Strike_B+1","Defend_B+1","Defend_B+1","Zap+1","Dualcast","Fusion+1","Glacier","Turbo","Sweeping Beam","BootSequence","Ball Lightning","Defragment","Ball Lightning+1","Rainbow+1","Leap","Conserve Battery","Turbo+1","Defragment+1","Cold Snap+1","Electrodynamics+1","Double Energy","Leap","Redo+1","White Noise+1","White Noise+1","Parasite"],"relics":["Cracked Core","NeowsBlessing","Golden Idol","Odd Mushroom","Tiny Chest","Cables","SlaversCollar","Bronze Scales","HornCleat","Ornamental Fan","Tiny House","DataDisk","CaptainsWheel","Happy Flower","Whetstone","MawBank","Ancient Tea Set"],"acts_visited":["Exordium","TheCity","TheBeyond"],"potions_floor_usage":[14,14,25,25,33,33,38,50,50],"damage_taken":[{"damage":0,"enemies":"2 Louse","floor":1,"turns":1},{"damage":0,"enemies":"Jaw Worm","floor":2,"turns":1},{"damage":0,"enemies":"Small Slimes","floor":5,"turns":1},{"damage":16,"enemies":"The Mushroom Lair","floor":7,"turns":5},{"damage":4,"enemies":"Exordium Wildlife","floor":8,"turns":4},{"damage":5,"enemies":"Looter","floor":11,"turns":3},{"damage":5,"enemies":"Gremlin Gang","floor":12,"turns":3},{"damage":0,"enemies":"Lots of Slimes","floor":13,"turns":4},{"damage":9,"enemies":"3 Sentries","floor":14,"turns":4},{"damage":25,"enemies":"The Guardian","floor":16,"turns":10},{"damage":21,"enemies":"2 Thieves","floor":18,"turns":4},{"damage":0,"enemies":"Spheric Guardian","floor":19,"turns":3},{"damage":5,"enemies":"Centurion and Healer","floor":20,"turns":7},{"damage":3,"enemies":"Cultist and Chosen","floor":24,"turns":7},{"damage":14,"enemies":"Slavers","floor":25,"turns":4},{"damage":0,"enemies":"Snecko","floor":30,"turns":4},{"damage":20,"enemies":"Collector","floor":33,"turns":9},{"damage":10,"enemies":"3 Shapes","floor":35,"turns":2},{"damage":1,"enemies":"Orb Walker","floor":36,"turns":4},{"damage":11,"enemies":"2 Orb Walkers","floor":38,"turns":3},{"damage":8,"enemies":"3 Darklings","floor":42,"turns":4},{"damage":0,"enemies":"Spire Growth","floor":44,"turns":4},{"damage":0,"enemies":"Sphere and 2 Shapes","floor":46,"turns":3},{"damage":0,"enemies":"Writhing Mass","floor":48,"turns":3},{"damage":25,"enemies":"Donu and Deca","floor":50,"turns":7}],"seed_played":"2160374311069883695","potions_obtained":[{"floor":2,"key":"SkillPotion"},{"floor":8,"key":"Swift Potion"},{"floor":12,"key":"ColorlessPotion"},{"floor":14,"key":"Fire Potion"},{"floor":24,"key":"LiquidBronze"},{"floor":25,"key":"FocusPotion"},{"floor":30,"key":"CultistPotion"},{"floor":34,"key":"SpeedPotion"},{"floor":36,"key":"Dexterity Potion"},{"floor":38,"key":"GamblersBrew"},{"floor":46,"key":"PowerPotion"}],"is_trial":false,"path_per_floor":["M","M","?","$","M","R","?","M","T","$","M","M","M","E","R","B",null,"M","M","M","?","$","R","M","E","T","$","R","?","M","$","R","B",null,"M","M","T","?","?","R","$","M","T","M","T","M","R","M","R","B",null],"character_chosen":"DEFECT","items_purchased":["Turbo","Sweeping Beam","Defragment","Bronze Scales","Defragment","Happy Flower","Whetstone"],"campfire_rested":3,"item_purchase_floors":[4,4,10,22,22,41,41],"current_hp_per_floor":[75,75,57,57,57,57,41,37,37,37,32,27,27,18,40,15,75,54,54,49,49,49,71,68,54,54,54,54,54,54,54,54,34,80,70,69,69,58,58,58,58,50,50,50,50,50,50,50,74,49],"gold":414,"neow_bonus":"THREE_ENEMY_KILL","is_daily":false,"chose_seed":false,"campfire_upgraded":5,"win_rate":0.0,"timestamp":1608561929,"path_taken":["M","M","?","$","M","R","?","M","T","$","M","M","M","E","R","BOSS","M","M","M","?","$","R","M","E","T","$","R","?","M","?","R","BOSS","M","M","?","?","?","R","$","M","T","?","?","M","R","M","R","BOSS"],"items_purchased_type":["Card","Card","Card","Relic","Card","Relic","Relic"],"build_version":"2020-12-13","purchased_purges":2,"victory":true,"max_hp_per_floor":[75,75,75,75,75,75,75,75,75,75,75,75,75,75,75,75,75,75,75,75,75,75,75,75,75,75,75,75,75,75,75,75,75,80,80,80,80,80,80,80,80,80,80,80,80,80,80,80,80,80],"card_choices":[{"not_picked":["Compile Driver","Aggregate"],"picked":"Fusion","floor":1},{"not_picked":["Stack","Gash"],"picked":"Glacier","floor":2},{"not_picked":["Cold Snap","Go for the Eyes"],"picked":"BootSequence","floor":5},{"not_picked":["Blizzard","Hologram"],"picked":"Ball Lightning","floor":7},{"not_picked":["Beam Cell","Go for the Eyes","Rebound"],"picked":"SKIP","floor":8},{"not_picked":["Coolheaded","Steam Power"],"picked":"Ball Lightning","floor":11},{"not_picked":["Streamline","Reinforced Body"],"picked":"Rainbow","floor":12},{"not_picked":["Gash","Reprogram","Sunder"],"picked":"SKIP","floor":13},{"not_picked":["Heatsinks","Coolheaded"],"picked":"Leap","floor":14},{"not_picked":["Hello World","Barrage","Turbo"],"picked":"SKIP","floor":18},{"not_picked":["Sunder+1","Steam+1"],"picked":"Conserve Battery","floor":19},{"not_picked":["Compile Driver","Steam"],"picked":"Turbo+1","floor":20},{"not_picked":["Beam Cell","Sweeping Beam"],"picked":"Cold Snap","floor":24},{"not_picked":["Amplify","Barrage"],"picked":"Electrodynamics","floor":25},{"not_picked":["Stack","Undo"],"picked":"Double Energy","floor":30},{"not_picked":["Hologram+1","Steam"],"picked":"Leap","floor":34},{"not_picked":["Rebound+1","Skim+1","Streamline"],"picked":"SKIP","floor":35},{"not_picked":["Self Repair+1","Barrage+1","Tempest+1"],"picked":"SKIP","floor":36},{"not_picked":["Double Energy+1","Consume"],"picked":"Redo+1","floor":38},{"not_picked":["Heatsinks","Turbo","Aggregate"],"picked":"SKIP","floor":42},{"not_picked":["BootSequence","All For One"],"picked":"White Noise","floor":44},{"not_picked":["Hologram+1","Stack"],"picked":"White Noise+1","floor":46},{"not_picked":["Barrage","Storm","Steam Power+1"],"picked":"SKIP","floor":48}],"player_experience":299841,"relics_obtained":[{"floor":7,"key":"Odd Mushroom"},{"floor":9,"key":"Tiny Chest"},{"floor":14,"key":"Cables"},{"floor":25,"key":"HornCleat"},{"floor":26,"key":"Ornamental Fan"},{"floor":37,"key":"DataDisk"},{"floor":38,"key":"CaptainsWheel"},{"floor":43,"key":"MawBank"},{"floor":45,"key":"Ancient Tea Set"}],"event_choices":[{"damage_healed":0,"gold_gain":0,"player_choice":"Take Damage","damage_taken":18,"relics_obtained":["Golden Idol"],"max_hp_gain":0,"max_hp_loss":0,"event_name":"Golden Idol","floor":3,"gold_loss":0},{"damage_healed":0,"gold_gain":0,"player_choice":"Fought Mushrooms","damage_taken":0,"max_hp_gain":0,"max_hp_loss":0,"event_name":"Mushrooms","floor":7,"gold_loss":0},{"damage_healed":0,"gold_gain":0,"player_choice":"Simplicity","damage_taken":0,"max_hp_gain":0,"max_hp_loss":0,"event_name":"Back to Basics","floor":21,"gold_loss":0,"cards_upgraded":["Strike_B","Strike_B","Strike_B","Strike_B","Defend_B","Defend_B","Defend_B","Defend_B"]},{"damage_healed":0,"gold_gain":0,"player_choice":"Ignored","damage_taken":0,"max_hp_gain":0,"max_hp_loss":0,"event_name":"Ghosts","floor":29,"gold_loss":0},{"damage_healed":0,"gold_gain":0,"player_choice":"Fight","damage_taken":0,"max_hp_gain":0,"max_hp_loss":0,"event_name":"Mysterious Sphere","floor":38,"gold_loss":0},{"damage_healed":0,"gold_gain":100,"player_choice":"Pray","damage_taken":0,"max_hp_gain":0,"max_hp_loss":0,"event_name":"Golden Shrine","floor":39,"gold_loss":0}],"is_beta":false,"boss_relics":[{"not_picked":["Runic Dome","Runic Pyramid"],"picked":"SlaversCollar"},{"not_picked":["FrozenCore","Philosopher\u0027s Stone"],"picked":"Tiny House"}],"items_purged_floors":[22,27],"is_endless":false,"potions_floor_spawned":[2,8,12,14,24,25,30,36,38,46,48],"ascension_level":0}}