{"host":"fuszjwm6fqgjjp4d","time":1608513223,"event":{"mods":["BaseMod","Bestiary","Colored Map","DeckTracker","Minty Spire (QoL Compilation)","Permanent Neow","Relic Sorter","Relic Stats","StSLib"],"gold_per_floor":[18,32,32,50,65,65,78,78,78,27,45,69,69,96,96,173,223,234,14,14,14,26,26,26],"floor_reached":23,"playtime":925,"items_purged":[],"score":382,"play_id":"65f448e9-a54b-4b16-85fe-f79a5d0aee12","local_time":"20201220191343","is_ascension_mode":true,"campfire_choices":[{"data":"All Out Attack","floor":6.0,"key":"SMITH"},{"data":"Well Laid Plans","floor":8.0,"key":"SMITH"},{"data":"Neutralize","floor":13,"key":"SMITH"},{"data":"Escape Plan","floor":15,"key":"SMITH"}],"circlet_count":0,"master_deck":["AscendersBane","Strike_G","Strike_G","Strike_G","Strike_G+1","Defend_G","Defend_G","Defend_G","Defend_G","Defend_G","Survivor","Neutralize+1","Blade Dance","All Out Attack+1","Tactician","Flying Knee","Well Laid Plans+1","Acrobatics","Escape Plan+1","Burst","Backflip","Underhanded Strike","Prepared","Dagger Throw"],"relics":["Ring of the Snake","Tingsha","Pen Nib","Odd Mushroom","Lantern","Tiny House","Sling"],"acts_visited":["Exordium","TheCity"],"potions_floor_usage":[12,14,14,18],"damage_taken":[{"damage":0.0,"enemies":"Cultist","floor":1.0,"turns":3.0},{"damage":0.0,"enemies":"Jaw Worm","floor":2.0,"turns":4.0},{"damage":2.0,"enemies":"Small Slimes","floor":4.0,"turns":3.0},{"damage":0.0,"enemies":"2 Fungi Beasts","floor":5.0,"turns":3.0},{"damage":0.0,"enemies":"Blue Slaver","floor":7.0,"turns":3.0},{"damage":1.0,"enemies":"Red Slaver","floor":11.0,"turns":3.0},{"damage":0,"enemies":"The Mushroom Lair","floor":12,"turns":2},{"damage":15,"enemies":"Lagavulin","floor":14,"turns":4},{"damage":24,"enemies":"The Guardian","floor":16,"turns":13},{"damage":12,"enemies":"Shell Parasite","floor":18,"turns":8},{"damage":0,"enemies":"Spheric Guardian","floor":22,"turns":3},{"damage":32,"enemies":"Book of Stabbing","floor":23,"turns":4}],"seed_played":"1445232471287976126","potions_obtained":[{"floor":4.0,"key":"Block Potion"},{"floor":5.0,"key":"SkillPotion"},{"floor":12,"key":"LiquidMemories"},{"floor":17,"key":"AttackPotion"}],"is_trial":false,"path_per_floor":["M","M","?","M","M","R","M","R","T","$","M","?","R","E","R","B",null,"M","$","?","?","M","E"],"character_chosen":"THE_SILENT","items_purchased":["Acrobatics","Prepared","Sling"],"campfire_rested":0,"item_purchase_floors":[10,19,19],"current_hp_per_floor":[59,59,59,57,57,57,57,57,57,57,56,56,56,41,41,17,59,47,47,47,27,27,0,0],"gold":26,"neow_bonus":"ONE_RARE_RELIC","is_daily":false,"chose_seed":false,"campfire_upgraded":4,"win_rate":0.0,"timestamp":1608513223,"path_taken":["M","?","?","M","?","R","M","R","T","?","?","?","R","E","R","BOSS","M","$","?","?","M","E"],"items_purchased_type":["Card","Card","Relic"],"build_version":"2020-12-13","purchased_purges":0,"victory":false,"max_hp_per_floor":[66,66,66,66,66,66,66,66,66,66,66,66,66,66,66,66,71,71,71,71,76,76,76,76],"relic_stats":{"counters":[12,53],"Tingsha":[115],"Pen Nib":[8],"obtain_stats":[{"Lantern":14,"Tiny House":17,"Tingsha":0,"Pen Nib":9,"Odd Mushroom":12,"Sling":19,"Ring of the Snake":0},{"Lantern":8,"Tiny House":9,"Tingsha":0,"Pen Nib":5,"Odd Mushroom":7,"Sling":10,"Ring of the Snake":0},{"Lantern":25,"Tiny House":38,"Tingsha":0,"Pen Nib":16,"Odd Mushroom":21,"Sling":46,"Ring of the Snake":0}],"Ring of the Snake":[24]},"card_choices":[{"not_picked":["Choke","Dagger Spray"],"picked":"Blade Dance","floor":1.0},{"not_picked":["Escape Plan","Catalyst"],"picked":"All Out Attack","floor":2.0},{"not_picked":["Choke","Outmaneuver"],"picked":"Tactician","floor":4.0},{"not_picked":["Leg Sweep","Blade Dance"],"picked":"Flying Knee","floor":5.0},{"not_picked":["Accuracy","Tactician"],"picked":"Well Laid Plans","floor":7.0},{"not_picked":["Poisoned Stab","Infinite Blades"],"picked":"Escape Plan","floor":11},{"not_picked":["Riddle With Holes","Heel Hook","Masterful Stab"],"picked":"SKIP","floor":14},{"not_picked":["Envenom","Corpse Explosion"],"picked":"Burst","floor":16},{"not_picked":["Acrobatics","Bane"],"picked":"Backflip","floor":17},{"not_picked":["Leg Sweep","Backflip"],"picked":"Underhanded Strike","floor":18},{"not_picked":["Well Laid Plans","Leg Sweep+1"],"picked":"Dagger Throw","floor":22}],"player_experience":1174679,"relics_obtained":[{"floor":9.0,"key":"Pen Nib"},{"floor":12,"key":"Odd Mushroom"},{"floor":14,"key":"Lantern"}],"event_choices":[{"cards_removed":["Strike_G"],"damage_healed":0.0,"max_hp_gain":0.0,"max_hp_loss":0.0,"gold_gain":0.0,"event_name":"Wheel of Change","player_choice":"Card Removal","floor":3.0,"gold_loss":0.0,"damage_taken":0.0},{"damage_healed":0,"gold_gain":0,"player_choice":"Fought Mushrooms","damage_taken":0,"max_hp_gain":0,"max_hp_loss":0,"event_name":"Mushrooms","floor":12,"gold_loss":0},{"damage_healed":0,"gold_gain":0,"player_choice":"Ignored","damage_taken":0,"max_hp_gain":0,"max_hp_loss":0,"event_name":"Cursed Tome","floor":20,"gold_loss":0},{"damage_healed":0,"gold_gain":0,"player_choice":"Shed Blood","damage_taken":25,"max_hp_gain":5,"max_hp_loss":0,"event_name":"Forgotten Altar","floor":21,"gold_loss":0}],"is_beta":false,"boss_relics":[{"not_picked":["Runic Pyramid","Ring of the Serpent"],"picked":"Tiny House"}],"items_purged_floors":[],"is_endless":false,"potions_floor_spawned":[4,5,7,12],"killed_by":"Book of Stabbing","ascension_level":20}}