{"host":"i1ibt4vxe0effuru","time":1608566328,"event":{"mods":["AchievementEnabler","BaseMod","Card Forge","Challenge The Spire","Downfall","Friendly Minions","Jorbs\u0027s Wanderer Trilogy","Marisa????????","Minty Spire (QoL Compilation)","Quick Restart","READ ME - Guardian Mod","READ ME - Snecko Mod","Replay The Spire","Shop Mod","StSLib","The Animator","The Bug Knight","The Cursed","The Disciple","The Servant 0.9.4"],"gold_per_floor":[131,146,161,86,86,86,86],"floor_reached":6,"playtime":993,"items_purged":[],"score":36,"play_id":"b768d431-1d61-4712-a0a0-9aa3d3d05064","local_time":"20201222015848","is_ascension_mode":false,"campfire_choices":[],"circlet_count":0,"master_deck":["animator:Strike_Konosuba","animator:Defend_Konosuba","animator:Strike","animator:Strike","animator:Strike","animator:Defend","animator:Defend","animator:Defend","animator:Kazuma","animator:Aqua","animator:TukaLunaMarceau","animator:Tyuule","animator:Jibril","animator:FielNirvalen"],"relics":["animator:LivingPicture","animator:TheMissingPiece","Hammer of Thor","Seething Fire","Anvil of the Gods","animator:PurgingStone"],"acts_visited":["Exordium"],"potions_floor_usage":[],"damage_taken":[{"damage":0,"enemies":"2 Louse","floor":1,"turns":4},{"damage":0,"enemies":"Small Slimes","floor":2,"turns":5},{"damage":8,"enemies":"Jaw Worm","floor":3,"turns":10},{"damage":43,"enemies":"3 Sentries","floor":6,"turns":9}],"seed_played":"-1677441966702484038","potions_obtained":[{"floor":1,"key":"Block Potion"},{"floor":2,"key":"Dexterity Potion"}],"is_trial":false,"path_per_floor":["M","M","M","$","?","E"],"character_chosen":"THE_ANIMATOR","items_purchased":["animator:FielNirvalen"],"campfire_rested":0,"item_purchase_floors":[4],"current_hp_per_floor":[72,73,67,67,72,31,31],"gold":86,"neow_bonus":"TEN_PERCENT_HP_BONUS","is_daily":false,"chose_seed":false,"campfire_upgraded":0,"win_rate":0.0,"timestamp":1608566328,"path_taken":["M","M","M","$","?","E"],"items_purchased_type":["Card"],"build_version":"2020-12-13","purchased_purges":0,"victory":false,"max_hp_per_floor":[72,73,73,73,78,78,78],"card_choices":[{"not_picked":["animator:Konayuki","animator:Fredrika"],"picked":"animator:TukaLunaMarceau","floor":1},{"not_picked":["animator:KyokoSakura","animator:Ciel"],"picked":"animator:Tyuule","floor":2},{"not_picked":["animator:Berserker","animator:Evileye"],"picked":"animator:Jibril","floor":3}],"player_experience":125322,"relics_obtained":[],"event_choices":[{"damage_healed":0,"gold_gain":0,"player_choice":"Donut","damage_taken":0,"max_hp_gain":5,"max_hp_loss":0,"event_name":"Big Fish","floor":5,"gold_loss":0}],"is_beta":false,"boss_relics":[],"items_purged_floors":[],"is_endless":false,"potions_floor_spawned":[1,2],"killed_by":"3 Sentries","ascension_level":0}}