{"host":"1bqbj1s4pyvm9utn","time":1608531404,"event":{"mods":["AchievementEnabler","Aspiration","Bard","BaseMod","Beaked The Cultist","Better Altar","Better Match","Better Note","Better Sensory Stone","Better Skull","Better Third Choice","BetterRewards","CCEM","Clawfect","Colored Map","Conspire","Downfall","GifTheSpireLib","Halation","Hermit","Highlight Path","Hubris","Humility","Infinite Spire","Jedi Mod","Jorbs\u0027s Wanderer Trilogy","Mad Scientist","Marisa????????","Mimic Mod","Minty Spire (QoL Compilation)","Permanent Neow","Replay The Spire","Shade Mod","Shop Mod","Spicy Shops","StSLib","Stuff the Spire","The Bug Knight","The Construct","The Cursed","The Disciple","The Gatherer","The Hierophant","The Jungle","The Mystic","The Necromancer","The Runesmith","The Servant 0.9.4","The Spell Scribe","The Witch","Unceasing Turn Reminder","everything is the same but u backflip on backflip","slay the spire mod where everything is the same but ironclad has a cowboy hat","vexMod"],"gold_per_floor":[99,99,24,24,51,66,66,66,81,81,91,107,207,207,223,326,326,426,14,34,50,50,50,50,75,75,105,119,134,169,169,169,169],"floor_reached":32,"playtime":3312,"items_purged":[],"score":353,"play_id":"e6c070e6-3658-4c86-9555-a3c73f538dfd","local_time":"20201220221644","is_ascension_mode":false,"campfire_choices":[{"floor":1,"key":"RECALL"},{"data":"UpSweep","floor":3,"key":"SMITH"},{"floor":8,"key":"REST"},{"floor":10,"key":"REST"},{"floor":26,"key":"REST"}],"circlet_count":0,"master_deck":["Strike_MRS","Strike_MRS","Strike_MRS","Defend_MRS","Defend_MRS","Defend_MRS","MasterSpark","UpSweep+1","EventHorizon","RefractionSpark","PowerUp","PulseMagic+1","MilkyWay","EnergyRecoil+1","MachineGunSpark","SprinkleStarSeal","CasketOfStar+1","MillisecondPulsars","EarthLightRay","MysteriousBeam+1","FinalSpark","AlicesGift","MasterSpark","CasketOfStar","MilkyWay","EarthLightRay","SuperNova"],"relics":["MiniHakkero","Pen Nib","hubris:Icosahedron","downfall:HeartBlessingRed","infinitespire:BottledMercury","infinitespire:FocusingShard","beaked:SacredDeck","Gremlin Food","StuffTheSpire:PointBlank","infinitespire:PuzzleCube","Gremlin Horn","HollowMod:LifeEnderRelic","aspiration:EmptySkull"],"acts_visited":["Exordium","Exordium"],"potions_floor_usage":[6,16,21,21,21,25,25,28,28,30],"damage_taken":[{"damage":55,"enemies":"3 Sentries","floor":5,"turns":11},{"damage":0,"enemies":"2 Louse","floor":6,"turns":1},{"damage":8,"enemies":"Small Slimes","floor":9,"turns":4},{"damage":0,"enemies":"Cultist","floor":11,"turns":4},{"damage":7,"enemies":"3 Louse","floor":12,"turns":3},{"damage":55,"enemies":"downfall:Heads","floor":13,"turns":7},{"damage":6,"enemies":"Large Slime","floor":15,"turns":2},{"damage":0,"enemies":"downfall:Watcher","floor":16,"turns":3},{"damage":0,"enemies":"downfall:FleeingMerchant","floor":19,"turns":4},{"damage":20,"enemies":"theJungle:GiantWrat","floor":20,"turns":4},{"damage":0,"enemies":"theJungle:MUSHROOMGANG","floor":21,"turns":2},{"damage":8,"enemies":"theJungle:2_Phrogs","floor":25,"turns":5},{"damage":9,"enemies":"theJungle:Cassacara","floor":27,"turns":3},{"damage":29,"enemies":"Snake Plant","floor":28,"turns":4},{"damage":22,"enemies":"theJungle:Snecko_Cultist_And_Trap","floor":29,"turns":5},{"damage":0,"enemies":"theJungle:2_Flameangoes","floor":30,"turns":4},{"damage":29,"enemies":"theJungle:2_Flameangoes","floor":32,"turns":3}],"seed_played":"-8570352330369325368","potions_obtained":[{"floor":5,"key":"sneckomod:MuddlingPotion"},{"floor":15,"key":"PowerPotion"},{"floor":20,"key":"Fire Potion"},{"floor":21,"key":"Energy Potion"},{"floor":25,"key":"Adrenaline Potion"},{"floor":29,"key":"Regen Potion"}],"is_trial":false,"path_per_floor":["R_BF","?","R","?","E","M","T","R","M","R","M","M","?","?","M","B",null,"R_BF","$","M","M","?","?","T","E","R","E","M","M","MIM","?","M"],"character_chosen":"MARISA","items_purchased":["Gremlin Food","StuffTheSpire:PointBlank"],"campfire_rested":3,"item_purchase_floors":[19,19],"current_hp_per_floor":[75,75,75,75,20,20,20,42,34,56,56,68,13,28,22,22,75,70,70,54,58,28,28,28,24,46,41,20,8,24,24,0,0],"gold":169,"neow_bonus":"RANDOM_COMMON_RELIC","is_daily":false,"chose_seed":false,"campfire_upgraded":1,"win_rate":0.0,"timestamp":1608531404,"path_taken":["R_BF","?","R","?","E","M","T","R","?","R","M","M","?","?","M","BOSS","R_BF","$","M","M","?","?","T","E","R","E","M","M","?","?","M"],"items_purchased_type":["Relic","Relic"],"build_version":"2020-12-13","purchased_purges":0,"victory":false,"max_hp_per_floor":[75,75,75,75,75,75,75,75,75,75,75,75,75,75,75,75,75,75,75,75,75,75,75,75,75,75,75,75,75,75,75,75,75],"card_choices":[{"not_picked":["LuminesStrike","FairyDestructionRay"],"picked":"EventHorizon","floor":5},{"not_picked":["MysteriousBeam","UnstableBomb"],"picked":"RefractionSpark","floor":6},{"not_picked":["Orbital","Acceleration"],"picked":"PowerUp","floor":9},{"not_picked":["OneTimeOff","MilkyWay"],"picked":"PulseMagic","floor":11},{"not_picked":["SporeBomb","OpenUniverse"],"picked":"MilkyWay","floor":12},{"not_picked":["WitchOfGreed","Acceleration"],"picked":"EnergyRecoil","floor":13},{"not_picked":["PowerUp","DeepEcoloBomb"],"picked":"SprinkleStarSeal","floor":15},{"not_picked":["SuperNova","FinalSpark"],"picked":"CasketOfStar","floor":16},{"not_picked":["DarkSpark","IllusionStar+1"],"picked":"EarthLightRay","floor":19},{"not_picked":["IllusionStar","GasGiant"],"picked":"MysteriousBeam","floor":20},{"not_picked":["UnstableBomb","WitchOfGreed"],"picked":"FinalSpark","floor":21},{"not_picked":["DeepEcoloBomb","OpenUniverse+1"],"picked":"MilkyWay","floor":25},{"not_picked":["LuminesStrike+1","WitchLeyline"],"picked":"EarthLightRay","floor":27},{"not_picked":["GalacticHalo","DoubleSpark","GravityBeat"],"picked":"SKIP","floor":28},{"not_picked":["WitchLeyline+1","MagicChant+1"],"picked":"SuperNova","floor":29}],"player_experience":857171,"relics_obtained":[{"floor":5,"key":"infinitespire:BottledMercury"},{"floor":7,"key":"infinitespire:FocusingShard"},{"floor":24,"key":"Gremlin Horn"},{"floor":25,"key":"HollowMod:LifeEnderRelic"},{"floor":27,"key":"aspiration:EmptySkull"}],"event_choices":[{"damage_healed":0,"gold_gain":0,"cards_transformed":["Strike_MRS"],"player_choice":"Transformed","damage_taken":0,"max_hp_gain":0,"max_hp_loss":0,"event_name":"Transmorgrifier","floor":4,"gold_loss":0,"cards_obtained":["Occultation"]},{"damage_healed":0,"gold_gain":0,"player_choice":"RE UP ","damage_taken":34,"relics_obtained":["infinitespire:PuzzleCube"],"max_hp_gain":0,"max_hp_loss":0,"event_name":"betterSkull:BetterSkull","floor":22,"gold_loss":0,"cards_upgraded":["CasketOfStar"]},{"damage_healed":0,"gold_gain":0,"player_choice":"Upgraded","damage_taken":0,"max_hp_gain":0,"max_hp_loss":0,"event_name":"Upgrade Shrine","floor":31,"gold_loss":0,"cards_upgraded":["EnergyRecoil"]}],"is_beta":false,"boss_relics":[{"not_picked":["vexMod:EndlessSickness","vexMod:RockOfEvil"],"picked":"beaked:SacredDeck"}],"items_purged_floors":[],"is_endless":false,"potions_floor_spawned":[5,15,20,21,25,29],"killed_by":"theJungle:2_Flameangoes","ascension_level":0}}