{"host":"llpusn9usp8rznkj","time":1608532782,"event":{"mods":["2.2 Compatiblity","BaseMod","Colored Map","Colored Powertips","Conspire","Downfall","Hubris","Minty Spire (QoL Compilation)","Rare Cards Sparkle","Replay The Spire","StSLib","The Cursed"],"gold_per_floor":[113,127,52,70,70,70,70,101,101,134,144,162,190,265,265,342,342,360,374,324,20,20,20,20],"floor_reached":23,"playtime":863,"items_purged":[],"score":418,"play_id":"d90c0008-e6fb-45b7-a8e0-59735a4d1ec8","local_time":"20201221013942","is_ascension_mode":true,"campfire_choices":[{"data":"Zap","floor":6,"key":"SMITH"},{"floor":15,"key":"REST"}],"circlet_count":0,"master_deck":["AscendersBane","Strike_B","Strike_B","Defend_B","Defend_B","Defend_B","Defend_B","Zap+1","Dualcast","Ball Lightning+1","Steam","Reinforced Body","Lockon","Electrodynamics+1","Time Bomb","Core Surge+1","ReplayTheSpireMod:Dual Polarity","Cold Snap+1","Glacier"],"relics":["Cracked Core","NeowsBlessing","Garlic","Molten Egg 2","Replay:Bottled Snecko","hubris:PeanutButter","conspire:RunicOctahedron","Gremlin Horn"],"acts_visited":["Exordium","TheCity"],"potions_floor_usage":[8,13,16,23],"damage_taken":[{"damage":0,"enemies":"Small Slimes","floor":1,"turns":1},{"damage":0,"enemies":"2 Louse","floor":2,"turns":1},{"damage":0,"enemies":"Jaw Worm","floor":4,"turns":1},{"damage":2,"enemies":"Lagavulin","floor":8,"turns":7},{"damage":28,"enemies":"Gremlin Nob","floor":10,"turns":4},{"damage":0,"enemies":"Lots of Slimes","floor":11,"turns":3},{"damage":1,"enemies":"Looter","floor":12,"turns":3},{"damage":23,"enemies":"Lagavulin","floor":13,"turns":5},{"damage":21,"enemies":"Fading Forest","floor":16,"turns":13},{"damage":6,"enemies":"conspire:FuzzyDice","floor":18,"turns":5},{"damage":0,"enemies":"3 Byrds","floor":19,"turns":3},{"damage":33,"enemies":"conspire:SneckoGhost","floor":23,"turns":8}],"seed_played":"4433719256639905620","potions_obtained":[{"floor":4,"key":"LifebloodPotion"},{"floor":11,"key":"FocusPotion"},{"floor":12,"key":"Dexterity Potion"},{"floor":18,"key":"SkillPotion"}],"is_trial":false,"path_per_floor":["M","M","?","M","?","R","T","E","T","E","M","M","E","?","R","B",null,"M","M","?","$","?","E"],"character_chosen":"DEFECT","items_purchased":["Cold Snap+1","Gremlin Horn"],"campfire_rested":1,"item_purchase_floors":[21,21],"current_hp_per_floor":[64,64,64,64,69,69,69,67,67,39,39,38,15,4,26,5,58,52,52,52,52,52,19,19],"gold":20,"neow_bonus":"THREE_ENEMY_KILL","is_daily":false,"chose_seed":false,"campfire_upgraded":1,"win_rate":0.0,"timestamp":1608532782,"path_taken":["M","M","?","M","?","R","?","E","T","E","M","?","E","?","R","BOSS","M","M","?","?","?","E"],"items_purchased_type":["Card","Relic"],"build_version":"2020-12-13","purchased_purges":0,"victory":false,"max_hp_per_floor":[71,71,71,71,76,76,76,76,76,76,76,76,76,76,76,76,76,76,76,76,76,76,76,76],"card_choices":[{"not_picked":["Redo","Conserve Battery"],"picked":"Ball Lightning","floor":1},{"not_picked":["Blizzard","Leap"],"picked":"Steam","floor":2},{"not_picked":["Double Energy","Beam Cell"],"picked":"Reinforced Body","floor":4},{"not_picked":["ReplayTheSpireMod:Repulse","Multi-Cast"],"picked":"Lockon","floor":8},{"not_picked":["Sweeping Beam+1","Cold Snap+1"],"picked":"Electrodynamics","floor":10},{"not_picked":["ReplayTheSpireMod:Repulse","Sweeping Beam+1","Gash+1"],"picked":"SKIP","floor":11},{"not_picked":["Panic Button","Leap","Beam Cell+1"],"picked":"SKIP","floor":12},{"not_picked":["Tempest","Sweeping Beam+1"],"picked":"Time Bomb","floor":13},{"not_picked":["Machine Learning","Hyperbeam+1"],"picked":"Core Surge+1","floor":16},{"not_picked":["Go for the Eyes+1","Sweeping Beam+1"],"picked":"ReplayTheSpireMod:Dual Polarity","floor":18},{"not_picked":["Auto Shields","BootSequence","Double Energy"],"picked":"SKIP","floor":19}],"player_experience":1105286,"relics_obtained":[{"floor":8,"key":"Garlic"},{"floor":9,"key":"Molten Egg 2"},{"floor":10,"key":"Replay:Bottled Snecko"},{"floor":13,"key":"hubris:PeanutButter"}],"event_choices":[{"cards_removed":["Strike_B"],"damage_healed":0,"gold_gain":0,"player_choice":"Card Removal","damage_taken":0,"max_hp_gain":0,"max_hp_loss":0,"event_name":"The Cleric","floor":3,"gold_loss":75},{"damage_healed":0,"gold_gain":0,"player_choice":"Donut","damage_taken":0,"max_hp_gain":5,"max_hp_loss":0,"event_name":"Big Fish","floor":5,"gold_loss":0},{"damage_healed":0,"gold_gain":75,"player_choice":"Gather Gold","damage_taken":11,"max_hp_gain":0,"max_hp_loss":0,"event_name":"World of Goop","floor":14,"gold_loss":0},{"damage_healed":0,"gold_gain":0,"player_choice":"Upgraded Two","damage_taken":0,"max_hp_gain":0,"max_hp_loss":0,"event_name":"Designer","floor":20,"gold_loss":50,"cards_upgraded":["Electrodynamics","Ball Lightning"]},{"damage_healed":0,"gold_gain":0,"cards_transformed":["Strike_B"],"player_choice":"Transformed","damage_taken":0,"max_hp_gain":0,"max_hp_loss":0,"event_name":"Transmorgrifier","floor":22,"gold_loss":0,"cards_obtained":["Glacier"]}],"is_beta":false,"boss_relics":[{"not_picked":["Fusion Hammer","hubris:Stopwatch"],"picked":"conspire:RunicOctahedron"}],"items_purged_floors":[],"is_endless":false,"potions_floor_spawned":[4,11,12,18],"killed_by":"conspire:SneckoGhost","ascension_level":20}}