{"host":"0luxfixkkfk9wck3","time":1608571761,"event":{"mods":["BaseMod","Downfall","Highlight Path","Minty Spire (QoL Compilation)","StSLib"],"gold_per_floor":[99,99,128,128,128,160,160,160,310,340,355,371,105,105,123,227,227,152,167,167,179,190,200,249,263,263,173,183,183,62,81,100,197,197,197,225,225,32,43,55,78,178,178,103,25,25,25,37,56,56],"floor_reached":51,"playtime":5220,"items_purged":["Slimebound:Icky"],"score":882,"play_id":"cccd34fc-6490-45fe-86e7-02a849534a8f","local_time":"20201221112921","is_ascension_mode":true,"campfire_choices":[{"data":"sneckomod:SnekBite","floor":1,"key":"SMITH"},{"data":"sneckomod:SlitherStrike","floor":4,"key":"SMITH"},{"floor":8,"key":"RECALL"},{"data":"sneckomod:Nope","floor":18,"key":"SMITH"},{"data":"sneckomod:UnlimitedRolls","floor":20,"key":"SMITH"},{"data":"sneckomod:Unknown3Cost","floor":26,"key":"SMITH"},{"floor":35,"key":"REST"},{"floor":37,"key":"REST"},{"floor":44,"key":"REST"}],"circlet_count":0,"master_deck":["sneckomod:Strike","sneckomod:Strike","sneckomod:Strike","sneckomod:Defend","sneckomod:Defend","sneckomod:Defend","sneckomod:TailWhip+1","sneckomod:SnekBite+1","sneckomod:Unknown","sneckomod:Unknown","sneckomod:SlitherStrike+1","sneckomod:UnknownExhaust","sneckomod:ImprovisedGuard","sneckomod:Unknown3Cost+1","sneckomod:UnknownClassSLIMEBOUND","sneckomod:Nope+1","expansioncontent:Chronoboost+1","sneckomod:UnlimitedRolls+1","sneckomod:RainOfDice","sneckomod:Nope+1","sneckomod:Unknown2Cost+1","sneckomod:CheapStock","sneckomod:ImprovisedGuard+1","sneckomod:IronFang+1","sneckomod:UnknownRareSkill","sneckomod:UnknownRarePower","sneckomod:Unknown3Cost","sneckomod:UnknownRareAttack","sneckomod:SoulDraw+1","expansioncontent:Chronoboost+1","sneckomod:UnknownUncommonSkill+1","sneckomod:SoulDraw","expansioncontent:Chronoboost+1","sneckomod:MorePower","Parasite","sneckomod:UnknownUncommonPower+1"],"relics":["sneckomod:SneckoSoul","downfall:HeartsMalice","Oddly Smooth Stone","Bag of Marbles","Juzu Bracelet","Pear","Art of War","Snecko Eye","downfall:HeartBlessingRed","Anchor","Happy Flower","Fusion Hammer","Eternal Feather","DollysMirror","White Beast Statue","downfall:HeartBlessingBlue"],"acts_visited":["Exordium","TheCity","TheBeyond"],"potions_floor_usage":[16,33,33,50,50],"damage_taken":[{"damage":0,"enemies":"3 Sentries","floor":3,"turns":1},{"damage":0,"enemies":"Small Slimes","floor":5,"turns":1},{"damage":0,"enemies":"Gremlin Nob","floor":6,"turns":1},{"damage":10,"enemies":"3 Sentries","floor":10,"turns":10},{"damage":0,"enemies":"Cultist","floor":11,"turns":3},{"damage":17,"enemies":"2 Louse","floor":12,"turns":2},{"damage":14,"enemies":"downfall:FleeingMerchant","floor":13,"turns":4},{"damage":0,"enemies":"Large Slime","floor":15,"turns":3},{"damage":62,"enemies":"downfall:Defect","floor":16,"turns":8},{"damage":4,"enemies":"Chosen","floor":19,"turns":2},{"damage":4,"enemies":"Spheric Guardian","floor":21,"turns":3},{"damage":0,"enemies":"Cultist and Chosen","floor":22,"turns":6},{"damage":13,"enemies":"Snake Plant","floor":23,"turns":3},{"damage":0,"enemies":"Sentry and Sphere","floor":25,"turns":5},{"damage":10,"enemies":"downfall:FleeingMerchant","floor":27,"turns":4},{"damage":0,"enemies":"Cultist and Chosen","floor":28,"turns":3},{"damage":0,"enemies":"downfall:FleeingMerchant","floor":30,"turns":4},{"damage":17,"enemies":"3 Cultists","floor":31,"turns":4},{"damage":4,"enemies":"Snecko","floor":32,"turns":3},{"damage":3,"enemies":"downfall:Silent","floor":33,"turns":8},{"damage":0,"enemies":"Giant Head","floor":36,"turns":5},{"damage":0,"enemies":"3 Shapes","floor":39,"turns":3},{"damage":0,"enemies":"Orb Walker","floor":40,"turns":2},{"damage":15,"enemies":"downfall:LadyInBlue","floor":42,"turns":4},{"damage":0,"enemies":"Writhing Mass","floor":48,"turns":5},{"damage":5,"enemies":"4 Shapes","floor":49,"turns":4},{"damage":12,"enemies":"downfall:Ironclad","floor":50,"turns":5}],"seed_played":"109721220810042341","potions_obtained":[{"floor":3,"key":"EssenceOfSteel"},{"floor":11,"key":"PowerPotion"},{"floor":12,"key":"Fire Potion"},{"floor":16,"key":"sneckomod:MuddlingPotion"},{"floor":19,"key":"EssenceOfSteel"},{"floor":39,"key":"FearPotion"},{"floor":42,"key":"PowerPotion"}],"is_trial":false,"path_per_floor":["R","?","E","R","M","E","T","R","?","E","M","M","$","?","M","B",null,"R","M","R","M","M","M","T","M","R","$","M","?","$","M","M","B",null,"R","E","R","$","M","M","T","?","?","R","$","?","$","M","M","B",null],"character_chosen":"THE_SNECKO","items_purchased":["expansioncontent:Chronoboost","Art of War","Happy Flower","sneckomod:UnknownRareSkill","sneckomod:UnknownRarePower","DollysMirror","ColorlessPotion","DuplicationPotion"],"campfire_rested":3,"item_purchase_floors":[13,13,30,30,30,38,38,45],"current_hp_per_floor":[90,90,90,90,91,91,91,91,91,92,97,88,78,78,78,20,103,103,99,99,99,102,89,89,89,89,79,81,81,83,81,82,80,108,108,108,108,108,108,109,109,109,109,119,119,119,119,120,115,103],"gold":56,"neow_bonus":"THREE_ENEMY_KILL","is_daily":false,"chose_seed":false,"campfire_upgraded":5,"win_rate":0.0,"timestamp":1608571761,"path_taken":["R","?","E","R","?","E","T","R","?","E","M","M","$","?","M","BOSS","R","M","R","M","M","M","T","M","R","$","M","?","?","M","M","BOSS","R","E","R","$","M","M","T","?","?","R","?","?","$","M","M","BOSS"],"items_purchased_type":["Card","Relic","Relic","Card","Card","Relic","Potion","Potion"],"build_version":"2020-12-13","purchased_purges":1,"victory":true,"max_hp_per_floor":[90,90,90,90,91,91,91,91,91,102,103,103,103,103,103,103,103,103,103,103,103,104,104,104,104,104,104,104,104,106,106,107,108,108,108,108,108,108,108,109,109,109,109,119,119,119,119,120,120,120],"card_choices":[{"not_picked":["sneckomod:Unknown2Cost","sneckomod:UnknownUncommonAttack"],"picked":"sneckomod:SlitherStrike","floor":3},{"not_picked":["sneckomod:UnknownStrike","sneckomod:TrashToTreasure"],"picked":"sneckomod:UnknownExhaust","floor":5},{"not_picked":["sneckomod:Unknown2Cost","sneckomod:UnknownCommonAttack"],"picked":"sneckomod:ImprovisedGuard","floor":6},{"not_picked":["sneckomod:UnknownX","sneckomod:MasterEye"],"picked":"sneckomod:Unknown3Cost","floor":10},{"not_picked":["sneckomod:DiceCrush","sneckomod:DiceBoulder"],"picked":"sneckomod:UnknownClassSLIMEBOUND","floor":11},{"not_picked":["sneckomod:UnknownStrike","sneckomod:Unknown1Cost","sneckomod:SoulRoll"],"picked":"SKIP","floor":12},{"not_picked":["sneckomod:SnekBeam","sneckomod:UnknownClassBLUE"],"picked":"sneckomod:Nope","floor":13},{"not_picked":["sneckomod:UnknownX","sneckomod:Unknown1Cost","sneckomod:Rotation"],"picked":"SKIP","floor":15},{"not_picked":["sneckomod:Mudshield","sneckomod:DangerNoodle"],"picked":"sneckomod:UnlimitedRolls","floor":16},{"not_picked":["sneckomod:UnknownUncommonPower","sneckomod:DiceCrush"],"picked":"sneckomod:RainOfDice","floor":19},{"not_picked":["sneckomod:DiceBlock","sneckomod:UnknownCommonAttack"],"picked":"sneckomod:Nope+1","floor":21},{"not_picked":["sneckomod:UnknownUncommonSkill","sneckomod:SoulRoll+1"],"picked":"sneckomod:Unknown2Cost","floor":22},{"not_picked":["sneckomod:SoulRoll","sneckomod:UnknownClassBLUE","sneckomod:RainOfDice+1"],"picked":"SKIP","floor":23},{"not_picked":["sneckomod:QuickMove","sneckomod:UnknownCommonSkill"],"picked":"sneckomod:CheapStock","floor":25},{"not_picked":["sneckomod:UnknownX","sneckomod:SoulRoll"],"picked":"sneckomod:ImprovisedGuard+1","floor":27},{"not_picked":["sneckomod:SoulCleanse","sneckomod:UnknownCommonSkill+1"],"picked":"sneckomod:IronFang+1","floor":28},{"not_picked":["sneckomod:IronFang","sneckomod:DiceCrush+1","sneckomod:DefensiveFlair"],"picked":"SKIP","floor":30},{"not_picked":["sneckomod:UnknownUncommonAttack","sneckomod:UnknownClassPURPLE+1","sneckomod:WideSting"],"picked":"SKIP","floor":31},{"not_picked":["sneckomod:UnknownCommonAttack","sneckomod:Unknown0Cost"],"picked":"sneckomod:Unknown3Cost","floor":32},{"not_picked":["sneckomod:UnlimitedRolls","sneckomod:UnknownRareSkill"],"picked":"sneckomod:UnknownRareAttack","floor":33},{"not_picked":["sneckomod:UnknownVulnerable+1","sneckomod:RainOfDice"],"picked":"sneckomod:SoulDraw+1","floor":36},{"not_picked":["sneckomod:UnknownClassGREEN","sneckomod:UnknownClassBLUE","sneckomod:UnknownBlock"],"picked":"SKIP","floor":39},{"not_picked":["sneckomod:IronFang","sneckomod:UnknownClassTHE_CHAMP_GRAY+1"],"picked":"sneckomod:UnknownUncommonSkill+1","floor":40},{"not_picked":["sneckomod:Mudshield","sneckomod:SoulRoll+1"],"picked":"sneckomod:SoulDraw","floor":42},{"not_picked":["sneckomod:UnknownCommonAttack+1","sneckomod:UnknownClassSLIMEBOUND+1"],"picked":"sneckomod:UnknownUncommonPower+1","floor":48},{"not_picked":["sneckomod:DiceBlock+1","sneckomod:UnknownClassGREEN","sneckomod:QuickMove+1"],"picked":"SKIP","floor":48},{"not_picked":["sneckomod:SoulDraw","sneckomod:UnknownUncommonPower","sneckomod:Nope+1"],"picked":"SKIP","floor":49}],"player_experience":10486712,"relics_obtained":[{"floor":3,"key":"Oddly Smooth Stone"},{"floor":6,"key":"Bag of Marbles"},{"floor":7,"key":"Juzu Bracelet"},{"floor":10,"key":"Pear"},{"floor":24,"key":"Anchor"},{"floor":36,"key":"Eternal Feather"},{"floor":42,"key":"White Beast Statue"}],"event_choices":[{"damage_healed":0,"gold_gain":0,"player_choice":"Upgraded","damage_taken":0,"max_hp_gain":0,"max_hp_loss":0,"event_name":"Upgrade Shrine","floor":2,"gold_loss":0,"cards_upgraded":["sneckomod:TailWhip"]},{"damage_healed":0,"gold_gain":0,"player_choice":"Grow","damage_taken":0,"max_hp_gain":0,"max_hp_loss":0,"event_name":"Living Wall","floor":14,"gold_loss":0,"cards_upgraded":["expansioncontent:Chronoboost"]},{"damage_healed":0,"gold_gain":0,"player_choice":"Forge","damage_taken":0,"max_hp_gain":0,"max_hp_loss":0,"event_name":"Accursed Blacksmith","floor":29,"gold_loss":0,"cards_upgraded":["sneckomod:Unknown2Cost"]},{"damage_healed":0,"gold_gain":0,"player_choice":"Copied","damage_taken":0,"max_hp_gain":0,"max_hp_loss":0,"event_name":"Duplicator","floor":43,"gold_loss":0,"cards_obtained":["expansioncontent:Chronoboost"]}],"is_beta":false,"boss_relics":[{"not_picked":["SacredBark","SlaversCollar"],"picked":"Snecko Eye"},{"not_picked":["Coffee Dripper","Velvet Choker"],"picked":"Fusion Hammer"}],"items_purged_floors":[27],"is_endless":false,"potions_floor_spawned":[3,11,12,16,19,21,28,31,32,39,48,49],"ascension_level":1}}