{"host":"x4i48uok34n1rpsm","time":1608552729,"event":{"mods":["Aspiration","BaseMod","Better Third Choice","Colored Map","Highlight Path","Minty Spire (QoL Compilation)","Permanent Neow","Replay The Spire","StSLib"],"gold_per_floor":[111,111,61,81,99,99,124,299,326,326,345,371,371,381,381,478,478,488,500,373,388,408,408,424,459,459,472,489,489,489,509,252,285,285,388,388,400,416,432,359,359,359,387,387,387,387,422,460,471,489,489,489,489],"floor_reached":52,"playtime":3773,"items_purged":["Doubt","ReplayReversal"],"score":594,"play_id":"016a114e-9a47-4284-9992-be5f205d938e","local_time":"20201221141209","is_ascension_mode":true,"campfire_choices":[{"data":"Eviscerate","floor":6,"key":"SMITH"},{"data":"Bash","floor":10,"key":"SMITH"},{"data":"Storm of Steel","floor":13,"key":"SMITH"},{"data":"Armaments","floor":23,"key":"SMITH"},{"data":"Demon Form","floor":34,"key":"SMITH"},{"floor":42,"key":"RECALL"},{"data":"ReplayTheSpireMod:Faulty Equipment","floor":46,"key":"SMITH"},{"data":"Metallicize","floor":51,"key":"SMITH"}],"circlet_count":0,"master_deck":["Strike_R","Strike_R+1","Defend_R","Defend_R+1","Hidden Blade","Eviscerate+1","Storm of Steel+1","FollowUp","Shockwave","Demon Form+1","Armaments+1","Spot Weakness+1","Cleave","Reaper","Twin Strike+1","Metallicize+1","Looming Evil","Seeing Red","Sword Boomerang"],"relics":["Black Blood","aspiration:Nostalgia","Replay:M_SmolderingBlood","Centennial Puzzle","Vajra","Simple Rune","Cursed Key","Meat on the Bone","Lantern","ClockworkSouvenir","Mango","ReplayFunnel","aspiration:FetidBarrel","Replay:Towering Pillar of Hats"],"acts_visited":["Exordium","TheCity","TheBeyond"],"potions_floor_usage":[7,12,16,28,33,39,39,43,49,52,52],"damage_taken":[{"damage":6,"enemies":"2 Louse","floor":1,"turns":3},{"damage":0,"enemies":"Small Slimes","floor":4,"turns":2},{"damage":6,"enemies":"Cultist","floor":5,"turns":3},{"damage":31,"enemies":"Lagavulin","floor":7,"turns":4},{"damage":2,"enemies":"3 Louse","floor":11,"turns":2},{"damage":14,"enemies":"Gremlin Nob","floor":12,"turns":3},{"damage":8,"enemies":"Red Slaver","floor":14,"turns":2},{"damage":39,"enemies":"Fading Forest","floor":16,"turns":11},{"damage":9,"enemies":"Shell Parasite","floor":18,"turns":4},{"damage":2,"enemies":"Chosen","floor":19,"turns":3},{"damage":4,"enemies":"3 Cultists","floor":21,"turns":4},{"damage":10,"enemies":"Snecko","floor":22,"turns":3},{"damage":12,"enemies":"Centurion and Healer","floor":24,"turns":4},{"damage":12,"enemies":"Slavers","floor":25,"turns":4},{"damage":18,"enemies":"Snake Plant","floor":27,"turns":3},{"damage":0,"enemies":"Snecko","floor":28,"turns":3},{"damage":14,"enemies":"Centurion and Healer","floor":31,"turns":5},{"damage":25,"enemies":"Book of Stabbing","floor":33,"turns":4},{"damage":30,"enemies":"Champ","floor":35,"turns":6},{"damage":13,"enemies":"Orb Walker","floor":37,"turns":3},{"damage":14,"enemies":"3 Shapes","floor":38,"turns":6},{"damage":4,"enemies":"Transient","floor":39,"turns":5},{"damage":103,"enemies":"Nemesis","floor":43,"turns":9},{"damage":43,"enemies":"Giant Head","floor":47,"turns":7},{"damage":21,"enemies":"Writhing Mass","floor":49,"turns":4},{"damage":10,"enemies":"Jaw Worm Horde","floor":50,"turns":3},{"damage":75,"enemies":"Replay:Hell Engine","floor":52,"turns":6}],"seed_played":"-4472623711758588470","potions_obtained":[{"floor":1,"key":"PowerPotion"},{"floor":4,"key":"BlessingOfTheForge"},{"floor":11,"key":"ColorlessPotion"},{"floor":14,"key":"FairyPotion"},{"floor":18,"key":"FearPotion"},{"floor":19,"key":"Languid Potion"},{"floor":22,"key":"CultistPotion"},{"floor":27,"key":"Energy Potion"},{"floor":28,"key":"Reflective Coating"},{"floor":37,"key":"SkillPotion"},{"floor":38,"key":"SpeedPotion"},{"floor":47,"key":"AttackPotion"},{"floor":49,"key":"LifebloodPotion"},{"floor":50,"key":"SneckoOil"}],"is_trial":false,"path_per_floor":["M","?","?","M","M","R","E","?","T","R","M","E","R","M","R_BF","B",null,"M","M","$","M","M","R","M","E","T","M","M","PTL","PTL","M","$","E","R","B",null,"M","M","M","$","?","R","E","?","T","R","E","?","M","M","R","B"],"character_chosen":"IRONCLAD","items_purchased":["Armaments","ClockworkSouvenir","LifebloodPotion"],"campfire_rested":0,"item_purchase_floors":[20,32,40],"current_hp_per_floor":[80,80,80,80,80,80,55,55,55,55,59,51,51,49,49,16,80,77,80,80,80,76,76,70,64,64,52,58,58,58,50,50,57,57,45,94,93,91,94,94,94,94,46,46,46,46,44,44,47,61,61,0,0],"gold":489,"neow_bonus":"NOSTALGIA","is_daily":false,"chose_seed":false,"campfire_upgraded":7,"win_rate":0.0,"timestamp":1608552729,"path_taken":["M","?","?","M","M","R","E","?","T","R","M","E","R","M","R_BF","BOSS","M","M","$","M","M","R","M","E","T","M","M","PTL","PTL","M","$","E","R","BOSS","M","M","M","$","?","R","E","?","T","R","E","?","M","?","R","BOSS"],"items_purchased_type":["Card","Relic","Potion"],"build_version":"2020-12-13","purchased_purges":2,"victory":false,"max_hp_per_floor":[80,80,80,80,80,80,80,80,80,80,80,80,80,80,80,80,80,80,80,80,80,80,80,80,80,80,80,80,80,80,80,80,94,94,94,94,94,94,94,94,94,94,94,89,89,89,89,89,89,89,89,89,89],"card_choices":[{"not_picked":["Swivel","BowlingBash"],"picked":"ReplayReversal","floor":1},{"not_picked":["Sword Boomerang","Heavy Blade","Power Through"],"picked":"SKIP","floor":4},{"not_picked":["Rage","Armaments"],"picked":"FollowUp","floor":5},{"not_picked":["Havoc","Evolve","Iron Wave"],"picked":"SKIP","floor":7},{"not_picked":["Sever Soul","BowlingBash","Iron Wave"],"picked":"SKIP","floor":11},{"not_picked":["Sever Soul","Clothesline","Bloodletting"],"picked":"SKIP","floor":12},{"not_picked":["Uppercut","Twin Strike","Replay:Undeath\u0027s Touch"],"picked":"SKIP","floor":14},{"not_picked":["Demonic Infusion","Barricade"],"picked":"Demon Form","floor":16},{"not_picked":["Sever Soul","Havoc","Body Slam+1"],"picked":"SKIP","floor":18},{"not_picked":["Replay:Undeath\u0027s Touch","Anger","Iron Wave+1"],"picked":"SKIP","floor":19},{"not_picked":["Corruption","Power Through"],"picked":"Spot Weakness+1","floor":21},{"not_picked":["Perfected Strike","Inflame"],"picked":"Cleave","floor":22},{"not_picked":["Combust","Sword Boomerang","Life Link"],"picked":"SKIP","floor":24},{"not_picked":["Spot Weakness","ReplayReversal","Headbutt"],"picked":"SKIP","floor":25},{"not_picked":["Body Slam+1","Exhume","Cleave+1"],"picked":"SKIP","floor":27},{"not_picked":["Body Slam","Warcry","ReplayTheSpireMod:Corrosion Curse"],"picked":"SKIP","floor":28},{"not_picked":["ReplayTheSpireMod:Corrosion Curse+1","Flex","Reckless Charge+1"],"picked":"SKIP","floor":31},{"not_picked":["Brutality","Combust","Clash"],"picked":"SKIP","floor":33},{"not_picked":["Bludgeon","Juggernaut"],"picked":"Reaper","floor":35},{"not_picked":["Shockwave","Havoc"],"picked":"Twin Strike+1","floor":37},{"not_picked":["Perfected Strike+1","Clothesline","Replay:Undeath\u0027s Touch"],"picked":"SKIP","floor":38},{"not_picked":["Inflame","ReplayTheSpireMod:LeadingStrike+1","Flex+1"],"picked":"SKIP","floor":39},{"not_picked":["Infernal Blade","Warcry+1"],"picked":"Metallicize","floor":43},{"not_picked":["Life Link+1","Whirlwind","Carnage+1"],"picked":"SKIP","floor":47},{"not_picked":["Intimidate","Dropkick"],"picked":"Seeing Red","floor":48},{"not_picked":["Perfected Strike+1","Headbutt+1"],"picked":"Sword Boomerang","floor":49},{"not_picked":["Wild Strike+1","Cleave+1","Warcry+1"],"picked":"SKIP","floor":50},{"not_picked":["Wild Strike+1","Cleave+1","Warcry+1"],"picked":"SKIP","floor":50},{"not_picked":["Wild Strike+1","Cleave+1","Warcry+1"],"picked":"SKIP","floor":50}],"player_experience":222172,"relics_obtained":[{"floor":7,"key":"Centennial Puzzle"},{"floor":9,"key":"Vajra"},{"floor":12,"key":"Simple Rune"},{"floor":25,"key":"Meat on the Bone"},{"floor":26,"key":"Lantern"},{"floor":33,"key":"Mango"},{"floor":43,"key":"ReplayFunnel"},{"floor":47,"key":"aspiration:FetidBarrel"},{"floor":48,"key":"Replay:Towering Pillar of Hats"}],"event_choices":[{"cards_removed":["Strike_R"],"damage_healed":0,"gold_gain":0,"player_choice":"Card Removal","damage_taken":0,"max_hp_gain":0,"max_hp_loss":0,"event_name":"The Cleric","floor":3,"gold_loss":50},{"damage_healed":0,"gold_gain":175,"player_choice":"AGREE","damage_taken":124,"max_hp_gain":0,"max_hp_loss":0,"event_name":"betterThird:BetterSerpent","floor":8,"gold_loss":0},{"cards_removed":["Bash"],"damage_healed":0,"gold_gain":0,"player_choice":"Removed Attack","damage_taken":0,"max_hp_gain":0,"max_hp_loss":0,"event_name":"Falling","floor":41,"gold_loss":0},{"damage_healed":0,"gold_gain":0,"player_choice":"Max HP","damage_taken":0,"max_hp_gain":0,"max_hp_loss":5,"event_name":"Winding Halls","floor":44,"gold_loss":0}],"is_beta":false,"boss_relics":[{"not_picked":["Tiny House","Velvet Choker"],"picked":"Cursed Key"},{"not_picked":["aspiration:PoetsPen","aspiration:SilentSkillbook"],"picked":"Black Blood"}],"items_purged_floors":[20,32],"is_endless":false,"potions_floor_spawned":[1,4,11,14,18,19,22,27,28,37,38,47,49,50],"killed_by":"Replay:Hell Engine","ascension_level":1}}