{"host":"r3eb5kff0hcmimdq","time":1608541590,"event":{"mods":["Act Like it!","BaseMod","Colored Powertips","Highlight Path","Luminous","Marisa£®ÏF”Í°°ƒß¿Ì…≥£©","Minty Spire (QoL Compilation)","MostiFishMod","Replay The Spire","Shop Mod","Spicy Shops","StSLib","WarShipGirlsR/’ΩΩ¢…Ÿ≈ÆR mod","Youmu£®ªÍ∆«—˝√Œ£©","Yuyuko","noobMod","°æ“≈ŒÔø®≈∆°øREMEMod"],"gold_per_floor":[369,369,388,306,325,359,359,372,372,447,615,639,639,655,655,797,797,810,810,819,840,840,840,884,884,884,884,900,914,941,964,964,1096,1096,1114,1021,1044,804,823,823,866,880,880,918,984,697,697,710,710,710],"floor_reached":51,"playtime":1899,"items_purged":["Luminous:Defend_Luminous","Luminous:Defend_Luminous","Luminous:Dark_Abyssal_Drop","Luminous:Light_Flash_Shower","Normality","MostiFishMod:Neptune","Luminous:Defend_Luminous","Luminous:Defend_Luminous"],"score":879,"play_id":"0ff13721-1a7e-4da2-a724-52027738fcf0","local_time":"20201221170630","is_ascension_mode":false,"campfire_choices":[{"data":"ReplayTheSpireMod:Private Reserves","floor":7,"key":"SMITH"},{"data":"MostiFishMod:WinterMarkForm","floor":13,"key":"SMITH"},{"data":"MostiFishMod:VineMother","floor":23,"key":"SMITH"},{"data":"Luminous:Light_Flash_Shower","floor":25,"key":"SMITH"},{"data":"Luminous:Dark_Abyssal_Drop","floor":27,"key":"SMITH"},{"data":"Luminous:Balance_Death_Scythe","floor":32,"key":"SMITH"},{"data":"MostiFishMod:Volcan","floor":40,"key":"SMITH"},{"data":"Luminous:Mirror_Force_Luminous","floor":47,"key":"SMITH"},{"data":"Luminous:Lunar_Tide_Luminous","floor":49,"key":"SMITH"}],"circlet_count":0,"master_deck":["Luminous:Light_Flash_Shower+1","Luminous:Light_Flash_Shower+1","Luminous:Dark_Abyssal_Drop+1","Luminous:Dark_Abyssal_Drop+1","Luminous:Switch_Luminous","Luminous:Magic_Guard_Luminous+1","MostiFishMod:WinterMarkForm+1","ReplayTheSpireMod:Private Reserves+1","Luminous:Concentrate_Luminous+1","MostiFishMod:VineMother+1","Luminous:Balance_Death_Scythe+1","MostiFishMod:Volcan+1","Luminous:Lunar_Tide_Luminous+1","Luminous:Lunar_Tide_Luminous+1","ReplayTheSpireMod:Private Reserves+1","Luminous:Mirror_Force_Luminous+1"],"relics":["Luminous:MirrorRelic","ice","DaveBox","REME_ComplimentaryCards","Question Card","PrismaticShard","DiscerningMonocle","Golden Idol","MerchantsRug","Blue Doll","Potion Belt","Toolbox","OrangePellets","CeramicFish","Pen Nib","Luminous:BlackBlessingRelic","SentryEyes","ReplayTheSpireMod:CursedCoin","Regal Pillow","REME_LimitBreaker","ArrowTower","Quantum Egg","Frozen Eye","ImportantClient","Painkiller Herb","Replay:M_SmolderingBlood","Ring of Searing","Bag of Preparation","RhineSuit","Membership Card","Bronze Scales","Pet Ghost","REME_HandOfSuture","Ancient Tea Set","ReplayTheSpireMod:ShopPack","ChiLing","Chi","Ling","Ying","Replay:Wax Seal","Dream Catcher","StrikeDummy","Strawberry","SynthV:C4","Whetstone","HornCleat","Turnip","DollysMirror","REME_HourglassOfDeath","Art of War","ReplayTheSpireMod:TigerMarble","Bottled Lightning","Guide Book"],"acts_visited":["Exordium","TheCity","TheBeyond"],"potions_floor_usage":[6,6,6,21,30,31,33],"damage_taken":[{"damage":0,"enemies":"2 Louse","floor":1,"turns":3},{"damage":17,"enemies":"Small Slimes","floor":3,"turns":6},{"damage":2,"enemies":"Jaw Worm","floor":5,"turns":4},{"damage":4,"enemies":"Gremlin Nob","floor":6,"turns":3},{"damage":0,"enemies":"2 Fungi Beasts","floor":8,"turns":2},{"damage":4,"enemies":"Looter","floor":12,"turns":2},{"damage":1,"enemies":"Gremlin Gang","floor":14,"turns":2},{"damage":5,"enemies":"The Guardian","floor":16,"turns":4},{"damage":2,"enemies":"Chosen","floor":18,"turns":3},{"damage":16,"enemies":"Shell Parasite","floor":21,"turns":3},{"damage":1,"enemies":"Gremlin Leader","floor":24,"turns":2},{"damage":0,"enemies":"Sentry and Sphere","floor":28,"turns":2},{"damage":0,"enemies":"Centurion and Healer","floor":29,"turns":2},{"damage":8,"enemies":"Shelled Parasite and Fungi","floor":30,"turns":3},{"damage":12,"enemies":"Snake Plant","floor":31,"turns":2},{"damage":16,"enemies":"Champ","floor":33,"turns":4},{"damage":4,"enemies":"3 Darklings","floor":35,"turns":2},{"damage":3,"enemies":"Orb Walker","floor":37,"turns":2},{"damage":6,"enemies":"4 Shapes","floor":39,"turns":1},{"damage":6,"enemies":"R_Hoarder","floor":41,"turns":2},{"damage":6,"enemies":"Maw","floor":42,"turns":3},{"damage":16,"enemies":"Giant Head","floor":44,"turns":3},{"damage":2,"enemies":"2 Orb Walkers","floor":45,"turns":1},{"damage":3,"enemies":"Transient","floor":48,"turns":4},{"damage":3,"enemies":"Donu and Deca","floor":50,"turns":2}],"seed_played":"1326670011130315072","potions_obtained":[{"floor":1,"key":"Weak Potion"},{"floor":3,"key":"Adrenaline Potion"},{"floor":29,"key":"Energy Potion"},{"floor":33,"key":"Weak Potion"},{"floor":35,"key":"Dexterity Potion"}],"is_trial":false,"path_per_floor":["M","?","M","$","M","E","R","M","T","?","$","M","R","M","R","B",null,"?","?","?","?","?","T","E","T","T","T","?","?","?","?","T","B",null,"?","T","?","T","?","T","E","?","T","E","?","T","T","?","T","B",null],"character_chosen":"LuminousClass","items_purchased":["MerchantsRug","Blue Doll","Potion Belt","Toolbox","OrangePellets","CeramicFish","Pen Nib","ReplayTheSpireMod:Private Reserves","Luminous:Concentrate_Luminous","ReplayTheSpireMod:CursedCoin","Regal Pillow","REME_LimitBreaker","ArrowTower","Quantum Egg","Frozen Eye","Reflective Coating","Regen Potion","Toxic Potion","Energy Potion","MostiFishMod:Neptune","Luminous:Lunar_Tide_Luminous","Membership Card","Bronze Scales","Pet Ghost","REME_HandOfSuture","Ancient Tea Set","ReplayTheSpireMod:ShopPack","ChiLing","Ying","Replay:Wax Seal","Dream Catcher","StrikeDummy","Strawberry","DollysMirror","REME_HourglassOfDeath","Art of War","ReplayTheSpireMod:TigerMarble","Bottled Lightning","Guide Book","Luminous:Mirror_Force_Luminous"],"campfire_rested":0,"item_purchase_floors":[4,4,4,4,4,4,4,4,4,11,11,11,11,11,11,11,11,11,11,11,36,36,36,36,36,36,36,38,38,38,38,38,38,46,46,46,46,46,46,46],"current_hp_per_floor":[68,51,34,34,32,28,28,28,28,17,17,13,13,12,47,44,68,66,66,66,50,50,50,49,49,49,49,49,49,41,29,29,25,68,64,64,61,68,62,62,56,50,50,34,48,48,48,49,49,46],"gold":710,"neow_bonus":"TWO_FIFTY_GOLD","is_daily":false,"chose_seed":false,"campfire_upgraded":9,"win_rate":0.0,"timestamp":1608541590,"path_taken":["M","?","M","$","M","E","R","M","T","?","$","M","R","M","R","BOSS","?","?","?","?","?","T","E","T","T","T","?","?","?","?","T","BOSS","?","T","?","T","?","T","E","?","T","E","?","T","T","?","T","BOSS"],"items_purchased_type":["Relic","Relic","Relic","Relic","Relic","Relic","Relic","Card","Card","Relic","Relic","Relic","Relic","Relic","Relic","Potion","Potion","Potion","Potion","Card","Card","Relic","Relic","Relic","Relic","Relic","Relic","Relic","Relic","Relic","Relic","Relic","Relic","Relic","Relic","Relic","Relic","Relic","Relic","Card"],"build_version":"2020-12-13","purchased_purges":8,"victory":true,"max_hp_per_floor":[68,68,68,68,68,68,68,68,68,68,68,68,68,68,68,68,68,68,68,68,68,68,68,68,68,68,68,68,68,68,68,68,68,68,68,68,68,75,75,75,75,75,75,75,75,75,75,75,75,75],"card_choices":[{"not_picked":["Luminous:Light_Sylvan_Lance","Luminous:Light_Wash_Luminous"],"picked":"Luminous:Magic_Guard_Luminous","floor":1},{"not_picked":["Luminous:Dark_Dim_Erosion","Unknown Petal","FairyDestructionRay","Searing Blow"],"picked":"SKIP","floor":3},{"not_picked":["Static Discharge","Occultation","IllusionStar","Storm"],"picked":"SKIP","floor":5},{"not_picked":["TwoHundredYojanaInOneSlash","rmod:generalist","LifeCuttingSword","Elegance"],"picked":"SKIP","floor":6},{"not_picked":["All Out Attack","Showy Withering","REME_ShortnessOfBreath","Replay:Undeath\u0027s Touch"],"picked":"SKIP","floor":8},{"not_picked":["Compile Driver","Sakura Ward","All Out Attack","MatsuyoiReflectingSatelliteSlash"],"picked":"SKIP","floor":12},{"not_picked":["FIFO Queue","DoubleSpark","Final of Final","Prostrate"],"picked":"SKIP","floor":14},{"not_picked":["UltimateShortwave","Mirror of Mind","DevaForm"],"picked":"MostiFishMod:VineMother","floor":16},{"not_picked":["rmod:advancebysurprise+1","Leap","SlashOfDepartureFromHesitation+1","Quick Slash"],"picked":"SKIP","floor":18},{"not_picked":["Dying Butterflies","Calculated Gamble","Dancing Butterflies","rmod:aviationdawn+1"],"picked":"SKIP","floor":21},{"not_picked":["LowerRealmReflectionSlash+1","ReplayTheSpireMod:Scrap Shanks+1","Stack+1","FlashingScatteredFlowers"],"picked":"SKIP","floor":24},{"not_picked":["BootSequence","Intimidate","Perfected Strike+1","SpiritCuttingSword"],"picked":"SKIP","floor":28},{"not_picked":["ConstancyOfTheConventionalTruth","ReplayTheSpireMod:Trickstab+1","Consume","Rip and Tear"],"picked":"SKIP","floor":29},{"not_picked":["SwordOfBindingDesires","Redemption of Death+1","Iron Wave"],"picked":"Luminous:Balance_Death_Scythe","floor":30},{"not_picked":["SpiritMediumsBind+1","PathToVictory","Luminous:Abyss_Heart_Luminous","BasicCrystalCard"],"picked":"SKIP","floor":31},{"not_picked":["MostiFishMod:Hijack","MostiFishMod:TalkingToTheRain","Luminous:Balance_Baptism"],"picked":"MostiFishMod:Volcan","floor":33},{"not_picked":["SlashOfMeditation","SanzenSekai","Cleave","FiveSignsOfTheDyingDeva+1"],"picked":"SKIP","floor":35},{"not_picked":["DispleasureOfTheSevenHakus","Crescendo","SanzenSekai+1","WitchOfGreed+1"],"picked":"SKIP","floor":37},{"not_picked":["MostiFishMod:OneDayCity","ReplayTheSpireMod:Repulse","Conserve Battery","Spear of Papilio"],"picked":"SKIP","floor":39},{"not_picked":["CherryBlossomFlashing+1","rmod:openingtorpedo+1","Lunch","Luminous:Light_Disperse+1"],"picked":"SKIP","floor":41},{"not_picked":["Luminous:Light_Gather+1","ClearTheMind","MostiFishMod:GoodWordForIt","DoubleSpark+1"],"picked":"SKIP","floor":42},{"not_picked":["LowerRealmReflectionSlash","Sneak Up+1","Caltrops+1","Sucker Punch"],"picked":"SKIP","floor":44},{"not_picked":["NonDirectionalLaser","Unborn Light+1","Replay:Bootleg Shield Generator","MostiFishMod:Disappear"],"picked":"SKIP","floor":48}],"player_experience":164204,"relics_obtained":[{"floor":1,"key":"Question Card"},{"floor":1,"key":"PrismaticShard"},{"floor":6,"key":"Luminous:BlackBlessingRelic"},{"floor":9,"key":"SentryEyes"},{"floor":16,"key":"ImportantClient"},{"floor":20,"key":"Ring of Searing"},{"floor":24,"key":"Bag of Preparation"},{"floor":41,"key":"SynthV:C4"},{"floor":43,"key":"Whetstone"},{"floor":44,"key":"HornCleat"},{"floor":45,"key":"Turnip"}],"event_choices":[{"damage_healed":0,"gold_gain":0,"player_choice":"Take Damage","damage_taken":17,"relics_obtained":["Golden Idol"],"max_hp_gain":0,"max_hp_loss":0,"event_name":"Golden Idol","floor":2,"gold_loss":0},{"damage_healed":0,"gold_gain":75,"player_choice":"Gather Gold","damage_taken":11,"max_hp_gain":0,"max_hp_loss":0,"event_name":"World of Goop","floor":10,"gold_loss":0},{"cards_removed":["Spreading Infection","Sickly"],"damage_healed":0,"gold_gain":0,"player_choice":"Removed Curses","damage_taken":0,"max_hp_gain":0,"max_hp_loss":0,"event_name":"Fountain of Cleansing","floor":22,"gold_loss":0},{"damage_healed":0,"gold_gain":0,"player_choice":"Fight","damage_taken":0,"max_hp_gain":0,"max_hp_loss":0,"event_name":"Mysterious Sphere","floor":45,"gold_loss":0}],"is_beta":false,"boss_relics":[{"not_picked":["Astrolabe","Runic Pyramid"],"picked":"Painkiller Herb"},{"not_picked":["Snecko Eye","SacredBark"],"picked":"RhineSuit"}],"items_purged_floors":[4,4,11,36,38,38,46,46],"is_endless":false,"potions_floor_spawned":[1,3,12,16,18,29,33,35,39,41,44],"ascension_level":0}}