{"host":"cjmwurvrz00ml9vd","time":1608581689,"event":{"mods":["2.2 Compatiblity","AchievementEnabler","Act Like it!","Aspiration","BaseMod","Beaked The Cultist","Better Third Choice","BetterRewards","Colored Powertips","Conspire","Downfall","Energized Spire","Marisa????????","Marked Mod","Minty Spire (QoL Compilation)","Replay The Spire","Say the Spire","StSLib","The Blackbeard","The Cursed","The Disciple","The Hierophant","The Jungle","The Necromancer","The Servant 0.9.4","TheFirefly","vexMod"],"gold_per_floor":[113,113,167,167,167,199,47,47,71,89,10,26,26,51,51,51,51],"floor_reached":16,"playtime":405,"items_purged":[],"score":211,"play_id":"4b881713-4247-4c18-a56e-08e7c724167f","local_time":"20201221211449","is_ascension_mode":true,"campfire_choices":[{"floor":8,"key":"REST"},{"floor":13,"key":"REST"},{"floor":15,"key":"REST"}],"circlet_count":0,"master_deck":["Strike_B+1","Strike_B+1","Strike_B","Strike_B+1","Defend_B","Defend_B","Defend_B","Defend_B+1","Zap","Dualcast","Scrape+1","ReplayGash+1","All For One","Scrape","Panic Button","Beam Cell","FTL"],"relics":["Cracked Core","Gremlin Food","Whetstone","vexMod:RetaliationKit","Blue Doll","conspire:DeflatedDodgeball"],"acts_visited":["Exordium"],"potions_floor_usage":[6,6,14,16],"damage_taken":[{"damage":5,"enemies":"Cultist","floor":1,"turns":4},{"damage":13,"enemies":"Gremlin Nob","floor":6,"turns":3},{"damage":12,"enemies":"Jaw Worm","floor":10,"turns":2},{"damage":0,"enemies":"2 Louse","floor":12,"turns":3},{"damage":58,"enemies":"3 Sentries","floor":14,"turns":7},{"damage":40,"enemies":"The Guardian","floor":16,"turns":6}],"seed_played":"-7441241117964303500","potions_obtained":[{"floor":10,"key":"SneckoOil"},{"floor":14,"key":"SteroidPotion"}],"is_trial":false,"path_per_floor":["M","?","T","?","?","E","$","R","T","M","$","M","R","E","R","B"],"character_chosen":"DEFECT","items_purchased":["Scrape","ReplayGash","Gremlin Food","Explosive Potion","champ:CounterPotion","All For One","Scrape","Panic Button"],"campfire_rested":3,"item_purchase_floors":[0,0,0,0,0,7,11,11],"current_hp_per_floor":[45,45,45,53,53,40,40,62,62,50,50,50,72,14,36,0,0],"gold":51,"neow_bonus":"","is_daily":false,"chose_seed":false,"campfire_upgraded":0,"win_rate":0.0,"timestamp":1608581689,"path_taken":["M","?","?","?","?","E","$","R","T","M","?","M","R","E","R","BOSS"],"items_purchased_type":["Card","Card","Relic","Potion","Potion","Card","Card","Card"],"build_version":"2020-12-13","purchased_purges":0,"victory":false,"max_hp_per_floor":[75,75,75,75,75,75,75,75,75,75,75,75,75,75,75,75,75],"card_choices":[{"not_picked":["Compile Driver","Blizzard","Redo"],"picked":"SKIP","floor":1},{"not_picked":["Steam","ReplaySort","Crystallizer"],"picked":"SKIP","floor":6},{"not_picked":["Genetic Algorithm","Ball Lightning","Steam"],"picked":"SKIP","floor":10},{"not_picked":["Crystallizer","Go for the Eyes"],"picked":"Beam Cell","floor":12},{"not_picked":["Fusion","Hyperbeam"],"picked":"FTL","floor":14}],"player_experience":622243,"relics_obtained":[{"floor":3,"key":"Whetstone"},{"floor":6,"key":"vexMod:RetaliationKit"},{"floor":9,"key":"Blue Doll"},{"floor":14,"key":"conspire:DeflatedDodgeball"}],"event_choices":[{"damage_healed":0,"gold_gain":0,"player_choice":"Grow","damage_taken":0,"max_hp_gain":0,"max_hp_loss":0,"event_name":"Living Wall","floor":2,"gold_loss":0,"cards_upgraded":["ReplayGash"]},{"damage_healed":0,"gold_gain":0,"player_choice":"Disagree","damage_taken":0,"max_hp_gain":0,"max_hp_loss":0,"event_name":"conspire:LoneGhost","floor":5,"gold_loss":0}],"is_beta":false,"boss_relics":[],"items_purged_floors":[],"is_endless":false,"potions_floor_spawned":[10,14],"killed_by":"The Guardian","ascension_level":7}}