{"host":"xnrw1j8ho83czkv7","time":1608512414,"event":{"mods":["AchievementEnabler","BaseMod","Colored Map","Colored Powertips","Minty Spire (QoL Compilation)","Quick Restart","StSLib"],"gold_per_floor":[115,115,115,40,40,40,83,95,107,134,146,173,209,237,249,381,393,425,0,12,44,56,56],"floor_reached":22,"playtime":2036,"items_purged":["Defend_R"],"score":184,"play_id":"26eaaa22-4296-4c78-8b81-91c424c1b779","local_time":"20201221010014","is_ascension_mode":false,"campfire_choices":[{"data":"Bash","floor":6.0,"key":"SMITH"},{"data":"Whirlwind","floor":11.0,"key":"SMITH"},{"data":"Rampage","floor":15.0,"key":"SMITH"}],"circlet_count":0,"master_deck":["Strike_R","Strike_R","Strike_R","Strike_R+1","Strike_R+1","Defend_R+1","Defend_R","Defend_R+1","Bash+1","Ghostly Armor","Shrug It Off","Whirlwind+1","Flex","Inflame+1","Rampage+1"],"relics":["Burning Blood","Golden Idol","MawBank","Whetstone","SlaversCollar"],"acts_visited":["Exordium","TheCity"],"potions_floor_usage":[],"damage_taken":[{"damage":20.0,"enemies":"Jaw Worm","floor":1.0,"turns":5.0},{"damage":28.0,"enemies":"Gremlin Nob","floor":7.0,"turns":5.0},{"damage":0.0,"enemies":"2 Louse","floor":10.0,"turns":3.0},{"damage":0.0,"enemies":"Cultist","floor":12.0,"turns":2.0},{"damage":0.0,"enemies":"Exordium Wildlife","floor":13.0,"turns":1.0},{"damage":0.0,"enemies":"Blue Slaver","floor":14.0,"turns":5.0},{"damage":20.0,"enemies":"Hexaghost","floor":16.0,"turns":11.0},{"damage":30,"enemies":"2 Thieves","floor":18,"turns":4},{"damage":15,"enemies":"Spheric Guardian","floor":21,"turns":4},{"damage":53,"enemies":"Shelled Parasite and Fungi","floor":22,"turns":6}],"seed_played":"2414246081235791998","potions_obtained":[{"floor":7.0,"key":"DuplicationPotion"},{"floor":10.0,"key":"Explosive Potion"},{"floor":13.0,"key":"EssenceOfSteel"},{"floor":14.0,"key":"ColorlessPotion"},{"floor":18,"key":"Swift Potion"}],"is_trial":false,"path_per_floor":["M","?","?","$","?","R","E","?","T","M","R","M","M","M","R","B",null,"M","?","?","M","M"],"character_chosen":"IRONCLAD","items_purchased":[],"campfire_rested":0,"item_purchase_floors":[],"current_hp_per_floor":[66,46,30,30,30,30,8,8,8,14,14,20,26,32,32,18,80,56,56,56,47,0,0],"gold":56,"neow_bonus":"THREE_CARDS","is_daily":false,"chose_seed":false,"campfire_upgraded":3,"win_rate":0.0,"timestamp":1608512414,"path_taken":["M","?","?","$","?","R","E","?","T","M","R","?","M","M","R","BOSS","M","?","?","M","?"],"items_purchased_type":[],"build_version":"2020-12-13","purchased_purges":1,"victory":false,"max_hp_per_floor":[80,80,80,80,80,80,80,80,80,80,80,80,80,80,80,80,80,80,80,80,80,80,80],"card_choices":[{"not_picked":["Intimidate","Armaments"],"picked":"Ghostly Armor","floor":0.0},{"not_picked":["Twin Strike","Battle Trance","Flex"],"picked":"SKIP","floor":1.0},{"not_picked":["Feel No Pain","Perfected Strike"],"picked":"Shrug It Off","floor":7.0},{"not_picked":["Berserk","Thunderclap"],"picked":"Whirlwind","floor":10.0},{"not_picked":["Sword Boomerang","Rupture"],"picked":"Flex","floor":12.0},{"not_picked":["Body Slam","Power Through"],"picked":"Inflame","floor":13.0},{"not_picked":["Shrug It Off","Headbutt"],"picked":"Rampage","floor":14.0},{"not_picked":["Entrench","Power Through","True Grit+1"],"picked":"SKIP","floor":18},{"not_picked":["Thunderclap","Warcry","Clothesline+1"],"picked":"SKIP","floor":21}],"player_experience":1011,"relics_obtained":[{"floor":7.0,"key":"MawBank"},{"floor":9.0,"key":"Whetstone"}],"event_choices":[{"damage_healed":0.0,"max_hp_gain":0.0,"max_hp_loss":0.0,"gold_gain":0.0,"event_name":"Golden Idol","player_choice":"Take Damage","floor":2.0,"gold_loss":0.0,"damage_taken":20.0,"relics_obtained":["Golden Idol"]},{"damage_healed":0.0,"max_hp_gain":0.0,"max_hp_loss":0.0,"gold_gain":0.0,"event_name":"Shining Light","player_choice":"Entered Light","floor":3.0,"gold_loss":0.0,"damage_taken":16.0,"cards_upgraded":["Defend_R","Defend_R"]},{"damage_healed":0.0,"max_hp_gain":0.0,"max_hp_loss":0.0,"gold_gain":0.0,"event_name":"The Cleric","player_choice":"Leave","floor":5.0,"gold_loss":0.0,"damage_taken":0.0},{"damage_healed":0.0,"max_hp_gain":0.0,"max_hp_loss":0.0,"gold_gain":0.0,"event_name":"The Woman in Blue","player_choice":"Bought 0 Potions","floor":8.0,"gold_loss":0.0,"damage_taken":0.0},{"damage_healed":0,"gold_gain":0,"player_choice":"Paid Fearfully","damage_taken":0,"max_hp_gain":0,"max_hp_loss":0,"event_name":"Masked Bandits","floor":19,"gold_loss":437},{"damage_healed":0,"gold_gain":0,"player_choice":"Forge","damage_taken":0,"max_hp_gain":0,"max_hp_loss":0,"event_name":"Accursed Blacksmith","floor":20,"gold_loss":0,"cards_upgraded":["Inflame"]}],"is_beta":false,"boss_relics":[{"not_picked":["Runic Pyramid","Runic Dome"],"picked":"SlaversCollar"}],"items_purged_floors":[4],"is_endless":false,"potions_floor_spawned":[7,10,13,14,18],"killed_by":"Shelled Parasite and Fungi","ascension_level":0}}