{"host":"cc187","time":1608592443,"event":{"mods":["AchievementEnabler","BaseMod","Bestiary","Colored Map","Colored Powertips","Highlight Path","Keyboard Shortcuts","Minty Spire (QoL Compilation)","Quick Restart","Rare Cards Sparkle","Relic Stats","StSLib","SuperFastMode","Synergy Search","ojb\u0027s Info Mod"],"gold_per_floor":[113,131,131,149,169,169,188,188,188,188,188,220,220,282,282,359,359,379,82,97,22,72,72,72,72,72,72,72],"floor_reached":27,"playtime":1414,"items_purged":["Strike_G"],"score":397,"play_id":"f2769faf-b2c2-4453-a0fd-e99d93bb554d","local_time":"20201221231403","is_ascension_mode":true,"campfire_choices":[{"floor":6,"key":"REST"},{"data":"Cloak And Dagger","floor":8,"key":"SMITH"},{"data":"Dagger Throw","floor":10,"key":"SMITH"},{"data":"Footwork","floor":13,"key":"SMITH"},{"floor":15,"key":"REST"},{"data":"Survivor","floor":23,"key":"SMITH"},{"data":"Ghostly","floor":25,"key":"SMITH"}],"circlet_count":0,"master_deck":["AscendersBane","Strike_G","Strike_G","Strike_G","Defend_G","Defend_G","Defend_G","Defend_G","Defend_G+1","Survivor+1","Neutralize","Finisher+1","Eviscerate","Dagger Throw+1","Cloak And Dagger+1","Parasite","Footwork+1","Backstab","Die Die Die","Deflect","Acrobatics","Backflip","Ghostly+1","Ghostly","Ghostly"],"relics":["Ring of the Snake","Pear","Nunchaku","HoveringKite","Centennial Puzzle","White Beast Statue"],"acts_visited":["Exordium","TheCity"],"potions_floor_usage":[12,14,27],"damage_taken":[{"damage":8,"enemies":"Small Slimes","floor":1,"turns":5},{"damage":7,"enemies":"Jaw Worm","floor":2,"turns":6},{"damage":0,"enemies":"2 Louse","floor":4,"turns":3},{"damage":9,"enemies":"Blue Slaver","floor":5,"turns":4},{"damage":0,"enemies":"Looter","floor":7,"turns":3},{"damage":39,"enemies":"Lagavulin","floor":12,"turns":7},{"damage":13,"enemies":"3 Sentries","floor":14,"turns":7},{"damage":35,"enemies":"The Guardian","floor":16,"turns":20},{"damage":18,"enemies":"Shell Parasite","floor":18,"turns":5},{"damage":2,"enemies":"Chosen","floor":20,"turns":4},{"damage":45,"enemies":"Book of Stabbing","floor":27,"turns":7}],"seed_played":"-4809502476571759547","potions_obtained":[{"floor":2,"key":"PowerPotion"},{"floor":7,"key":"PowerPotion"},{"floor":14,"key":"Swift Potion"},{"floor":16,"key":"SmokeBomb"}],"is_trial":false,"path_per_floor":["M","M","?","M","M","R","M","R","T","R","?","E","R","?","R","B",null,"M","$","M","?","?","R","?","R","T","E"],"character_chosen":"THE_SILENT","items_purchased":["Acrobatics","Centennial Puzzle"],"campfire_rested":2,"item_purchase_floors":[19,19],"current_hp_per_floor":[57,50,28,28,19,40,40,40,40,40,58,29,29,16,40,5,63,45,45,43,43,43,43,41,41,41,0,0],"gold":72,"neow_bonus":"TEN_PERCENT_HP_BONUS","is_daily":false,"chose_seed":false,"campfire_upgraded":5,"win_rate":0.0,"timestamp":1608592443,"path_taken":["M","M","?","M","M","R","M","R","T","R","?","E","R","?","R","BOSS","M","$","M","?","?","R","?","R","T","E"],"items_purchased_type":["Card","Relic"],"build_version":"2020-12-18","purchased_purges":1,"victory":false,"max_hp_per_floor":[72,72,72,72,72,72,72,72,72,72,72,82,82,82,82,82,82,82,82,82,82,82,82,41,41,41,41,41],"relic_stats":{"Nunchaku":[7],"Centennial Puzzle":[6],"counters":[11,71],"HoveringKite":[7],"obtain_stats":[{"Nunchaku":14,"Centennial Puzzle":19,"Pear":12,"HoveringKite":17,"White Beast Statue":26,"Ring of the Snake":0},{"Nunchaku":7,"Centennial Puzzle":9,"Pear":6,"HoveringKite":8,"White Beast Statue":10,"Ring of the Snake":0},{"Nunchaku":35,"Centennial Puzzle":60,"Pear":28,"HoveringKite":55,"White Beast Statue":64,"Ring of the Snake":0}],"Ring of the Snake":[22]},"card_choices":[{"not_picked":["Quick Slash","Dodge and Roll"],"picked":"Finisher","floor":1},{"not_picked":["Cloak And Dagger","Burst"],"picked":"Eviscerate","floor":2},{"not_picked":["Reflex","Blade Dance"],"picked":"Dagger Throw","floor":4},{"not_picked":["Bane","Skewer"],"picked":"Cloak And Dagger","floor":5},{"not_picked":["Deadly Poison","Dagger Throw","Expertise"],"picked":"SKIP","floor":7},{"not_picked":["Riddle With Holes","Dagger Throw"],"picked":"Footwork","floor":12},{"not_picked":["Flechettes","Blade Dance"],"picked":"Backstab","floor":14},{"not_picked":["Corpse Explosion","Night Terror"],"picked":"Die Die Die","floor":16},{"not_picked":["All Out Attack","Slice"],"picked":"Deflect","floor":18},{"not_picked":["Acrobatics","Riddle With Holes"],"picked":"Backflip","floor":20}],"player_experience":835732,"relics_obtained":[{"floor":12,"key":"Pear"},{"floor":14,"key":"Nunchaku"},{"floor":26,"key":"White Beast Statue"}],"event_choices":[{"damage_healed":0,"gold_gain":0,"player_choice":"Entered Light","damage_taken":22,"max_hp_gain":0,"max_hp_loss":0,"event_name":"Shining Light","floor":3,"gold_loss":0,"cards_upgraded":["Finisher","Defend_G"]},{"damage_healed":18,"gold_gain":0,"player_choice":"Healed and dodged fight","damage_taken":0,"max_hp_gain":0,"max_hp_loss":0,"event_name":"Mushrooms","floor":11,"gold_loss":0,"cards_obtained":["Parasite"]},{"damage_healed":0,"gold_gain":0,"player_choice":"Searched \u00271\u0027 times","damage_taken":0,"max_hp_gain":0,"max_hp_loss":0,"event_name":"Dead Adventurer","floor":14,"gold_loss":0},{"cards_removed":["Strike_G"],"damage_healed":0,"gold_gain":0,"player_choice":"Gave Gold","damage_taken":0,"max_hp_gain":0,"max_hp_loss":0,"event_name":"Beggar","floor":21,"gold_loss":75},{"damage_healed":0,"gold_gain":50,"player_choice":"Stole From Cult","damage_taken":0,"max_hp_gain":0,"max_hp_loss":0,"event_name":"Nest","floor":22,"gold_loss":0},{"damage_healed":0,"gold_gain":0,"player_choice":"Became a Ghost","damage_taken":0,"max_hp_gain":0,"max_hp_loss":41,"event_name":"Ghosts","floor":24,"gold_loss":0,"cards_obtained":["Ghostly","Ghostly","Ghostly"]}],"is_beta":true,"boss_relics":[{"not_picked":["Ectoplasm","Black Star"],"picked":"HoveringKite"}],"items_purged_floors":[19],"is_endless":false,"potions_floor_spawned":[2,7,14,16],"killed_by":"Book of Stabbing","ascension_level":18}}