{"host":"xyexbe31ku0ov20l","time":1608579758,"event":{"mods":["AchievementEnabler","AlwaysNeverKeys","BaseMod","Bestiary","Block Reminder","Colored Map","Colored Powertips","Curses Come First","Displayed Cursed Tome","Minty Spire (QoL Compilation)","Permanent Neow","Quick Restart","Random Character Button","Rare Cards Sparkle","Relic Stats","StSLib"],"gold_per_floor":[144,189,189,284,329,419,476,533,545,652,664,26,71,116,116,416,416,461,26,71,116,161,161,251,251,276,326,416,466,511,25,25,325,325,370,415,465,130,205,295,340,540,540,590,715,760,810,900,900,900],"floor_reached":51,"playtime":6306,"items_purged":[],"score":951,"play_id":"efa4e825-f982-4dfd-97cb-64c3b41c9390","local_time":"20201221114238","daily_mods":["Shiny","Vintage","Midas"],"is_ascension_mode":false,"campfire_choices":[{"floor":11,"key":"REST"},{"floor":15,"key":"REST"},{"floor":23,"key":"REST"},{"floor":25,"key":"REST"},{"floor":32,"key":"REST"},{"floor":49,"key":"REST"}],"circlet_count":0,"master_deck":["Double Tap","Demon Form","Bludgeon","Feed","Limit Break+1","Corruption","Barricade","Fiend Fire","Berserk","Impervious","Juggernaut","Brutality","Reaper","Exhume","Offering","Immolate","Dark Embrace","Demon Form","CurseOfTheBell","Shrug It Off+1","Exhume","Mind Blast+1","Thunderclap+1","Rage+1","Exhume+1","Chrysalis+1","Madness+1","Heavy Blade+1","Seeing Red+1","Shrug It Off+1","Enlightenment+1","Discovery+1","Blind+1","Flex+1","Headbutt+1"],"relics":["Burning Blood","Bottled Flame","Pen Nib","SsserpentHead","Tiny Chest","Singing Bowl","MawBank","StoneCalendar","Anchor","Bag of Preparation","Torii","Strange Spoon","Molten Egg 2","Letter Opener","PreservedInsect","Bronze Scales","Calling Bell","Juzu Bracelet","Ornamental Fan","Charon\u0027s Ashes","MealTicket","Blood Vial","DollysMirror","Paper Frog","Frozen Egg 2","Toxic Egg 2","Art of War","Strawberry","Mummified Hand","Mercury Hourglass","Regal Pillow","Omamori","Oddly Smooth Stone","Philosopher\u0027s Stone","Meat on the Bone","Orichalcum","Bottled Lightning","Bag of Marbles","Centennial Puzzle","War Paint","Prayer Wheel","Thread and Needle","White Beast Statue","Gremlin Horn","Vajra","Dream Catcher"],"acts_visited":["Exordium","TheCity","TheBeyond"],"potions_floor_usage":[5,13,14,16,28,42,50,50],"damage_taken":[{"damage":8,"enemies":"Jaw Worm","floor":1,"turns":3},{"damage":9,"enemies":"Cultist","floor":2,"turns":4},{"damage":0,"enemies":"Small Slimes","floor":4,"turns":1},{"damage":29,"enemies":"Exordium Thugs","floor":5,"turns":3},{"damage":0,"enemies":"3 Sentries","floor":6,"turns":1},{"damage":6,"enemies":"Looter","floor":7,"turns":2},{"damage":18,"enemies":"2 Fungi Beasts","floor":8,"turns":4},{"damage":0,"enemies":"3 Louse","floor":10,"turns":1},{"damage":34,"enemies":"Red Slaver","floor":13,"turns":6},{"damage":32,"enemies":"Exordium Thugs","floor":14,"turns":3},{"damage":43,"enemies":"Slime Boss","floor":16,"turns":4},{"damage":39,"enemies":"Shell Parasite","floor":18,"turns":5},{"damage":7,"enemies":"Spheric Guardian","floor":20,"turns":4},{"damage":44,"enemies":"Snake Plant","floor":21,"turns":5},{"damage":37,"enemies":"Centurion and Healer","floor":22,"turns":6},{"damage":77,"enemies":"Book of Stabbing","floor":24,"turns":5},{"damage":9,"enemies":"Slavers","floor":28,"turns":3},{"damage":6,"enemies":"3 Cultists","floor":30,"turns":2},{"damage":38,"enemies":"Champ","floor":33,"turns":7},{"damage":0,"enemies":"3 Darklings","floor":35,"turns":2},{"damage":20,"enemies":"Orb Walker","floor":36,"turns":3},{"damage":26,"enemies":"Giant Head","floor":40,"turns":7},{"damage":24,"enemies":"Spire Growth","floor":41,"turns":4},{"damage":31,"enemies":"Mind Bloom Boss Battle","floor":42,"turns":3},{"damage":0,"enemies":"4 Shapes","floor":46,"turns":1},{"damage":0,"enemies":"Reptomancer","floor":48,"turns":1},{"damage":35,"enemies":"Time Eater","floor":50,"turns":8}],"seed_played":"7329645460642280970","potions_obtained":[{"floor":1,"key":"Energy Potion"},{"floor":2,"key":"FearPotion"},{"floor":4,"key":"ColorlessPotion"},{"floor":10,"key":"SkillPotion"},{"floor":16,"key":"LiquidMemories"},{"floor":18,"key":"BloodPotion"},{"floor":20,"key":"LiquidBronze"},{"floor":28,"key":"Dexterity Potion"},{"floor":42,"key":"Strength Potion"},{"floor":46,"key":"SteroidPotion"}],"is_trial":false,"path_per_floor":["M","M","?","M","M","E","M","M","T","M","R","$","M","M","R","B",null,"M","$","M","M","M","R","E","R","T","?","E","?","M","$","R","B",null,"M","M","T","$","T","E","M","?","T","?","T","M","?","E","R","B",null],"character_chosen":"IRONCLAD","items_purchased":["Strange Spoon","Molten Egg 2","Letter Opener","Shrug It Off","Blood Vial","DollysMirror","Mind Blast+1","Exhume+1","Oddly Smooth Stone","Chrysalis+1","Bag of Marbles","Madness+1","Heavy Blade+1","Seeing Red+1"],"campfire_rested":6,"item_purchase_floors":[12,12,12,19,19,19,19,31,31,31,38,38,38,38],"current_hp_per_floor":[78,78,78,83,75,81,84,87,87,92,92,92,74,56,85,48,98,98,98,97,69,98,98,63,92,99,99,108,108,111,111,111,94,113,113,106,106,116,116,116,116,114,114,104,104,118,107,115,118,89],"gold":900,"neow_bonus":"","is_daily":true,"chose_seed":false,"campfire_upgraded":0,"win_rate":0.0,"timestamp":1608579758,"path_taken":["M","M","?","?","M","E","M","M","T","?","R","$","M","M","R","BOSS","M","$","M","M","M","R","E","R","T","?","E","?","M","$","R","BOSS","M","M","?","$","?","E","M","?","T","?","?","M","?","E","R","BOSS"],"items_purchased_type":["Relic","Relic","Relic","Card","Relic","Relic","Card","Card","Relic","Card","Relic","Card","Card","Card"],"build_version":"2020-12-13","purchased_purges":0,"victory":true,"max_hp_per_floor":[80,83,83,83,86,86,89,92,92,92,92,92,95,98,98,98,98,98,98,98,98,98,98,98,98,105,105,108,108,111,111,111,113,113,113,116,116,116,116,116,116,118,118,118,118,118,118,118,118,118],"relic_stats":{"Regal Pillow":0,"Singing Bowl":4,"Torii":24,"Gremlin Horn":[3,3],"StoneCalendar":[52],"Bag of Preparation":[40],"Juzu Bracelet":2,"Burning Blood":137,"Blood Vial":9,"SsserpentHead":500,"Centennial Puzzle":[12],"Dream Catcher":1,"Mummified Hand":[45],"Tiny Chest":2,"MealTicket":10,"Prayer Wheel":0,"counters":[27,98],"Pen Nib":[10],"PreservedInsect":261,"Charon\u0027s Ashes":[232],"Letter Opener":[160],"Orichalcum":[18],"War Paint":["Limit Break","Shrug It Off"],"MawBank":72,"Mercury Hourglass":[128],"Strange Spoon":[58],"Ornamental Fan":[28],"Bronze Scales":[199],"Art of War":[6],"obtain_stats":[{"Regal Pillow":29,"Singing Bowl":5,"Torii":10,"Gremlin Horn":45,"Vajra":46,"StoneCalendar":7,"Bag of Preparation":9,"Juzu Bracelet":17,"Burning Blood":0,"Blood Vial":19,"SsserpentHead":3,"Centennial Puzzle":39,"Dream Catcher":48,"DollysMirror":19,"Mummified Hand":27,"Strawberry":26,"Tiny Chest":4,"MealTicket":18,"Philosopher\u0027s Stone":34,"Prayer Wheel":41,"Toxic Egg 2":22,"Paper Frog":20,"Oddly Smooth Stone":31,"Thread and Needle":42,"Pen Nib":2,"PreservedInsect":13,"Charon\u0027s Ashes":17,"Omamori":30,"Letter Opener":12,"Frozen Egg 2":21,"Orichalcum":36,"War Paint":40,"MawBank":6,"White Beast Statue":43,"Mercury Hourglass":28,"Calling Bell":17,"Strange Spoon":12,"Bottled Flame":1,"Anchor":8,"Ornamental Fan":17,"Bronze Scales":14,"Molten Egg 2":12,"Art of War":24,"Bag of Marbles":38,"Bottled Lightning":37,"Meat on the Bone":35},{"Regal Pillow":17,"Singing Bowl":4,"Torii":8,"Gremlin Horn":24,"Vajra":25,"StoneCalendar":6,"Bag of Preparation":7,"Juzu Bracelet":11,"Burning Blood":0,"Blood Vial":12,"SsserpentHead":2,"Centennial Puzzle":21,"Dream Catcher":26,"DollysMirror":12,"Mummified Hand":16,"Strawberry":16,"Tiny Chest":3,"MealTicket":12,"Philosopher\u0027s Stone":19,"Prayer Wheel":23,"Toxic Egg 2":15,"Paper Frog":13,"Oddly Smooth Stone":18,"Thread and Needle":24,"Pen Nib":2,"PreservedInsect":9,"Charon\u0027s Ashes":11,"Omamori":18,"Letter Opener":8,"Frozen Egg 2":14,"Orichalcum":21,"War Paint":22,"MawBank":5,"White Beast Statue":24,"Mercury Hourglass":17,"Calling Bell":11,"Strange Spoon":8,"Bottled Flame":1,"Anchor":7,"Ornamental Fan":11,"Bronze Scales":10,"Molten Egg 2":8,"Art of War":16,"Bag of Marbles":21,"Bottled Lightning":21,"Meat on the Bone":20},{"Regal Pillow":60,"Singing Bowl":11,"Torii":19,"Gremlin Horn":88,"Vajra":89,"StoneCalendar":14,"Bag of Preparation":18,"Juzu Bracelet":32,"Burning Blood":0,"Blood Vial":37,"SsserpentHead":7,"Centennial Puzzle":74,"Dream Catcher":90,"DollysMirror":37,"Mummified Hand":57,"Strawberry":57,"Tiny Chest":8,"MealTicket":37,"Philosopher\u0027s Stone":69,"Prayer Wheel":85,"Toxic Egg 2":52,"Paper Frog":41,"Oddly Smooth Stone":62,"Thread and Needle":88,"Pen Nib":7,"PreservedInsect":25,"Charon\u0027s Ashes":32,"Omamori":62,"Letter Opener":19,"Frozen Egg 2":46,"Orichalcum":74,"War Paint":81,"MawBank":12,"White Beast Statue":88,"Mercury Hourglass":60,"Calling Bell":32,"Strange Spoon":19,"Bottled Flame":3,"Anchor":18,"Ornamental Fan":32,"Bronze Scales":28,"Molten Egg 2":19,"Art of War":57,"Bag of Marbles":74,"Bottled Lightning":74,"Meat on the Bone":71}],"Meat on the Bone":0},"card_choices":[{"not_picked":["Uppercut","Inflame"],"picked":"Dark Embrace","floor":6},{"not_picked":["Corruption","Limit Break"],"picked":"Demon Form","floor":16},{"not_picked":["Body Slam+1","Reckless Charge+1"],"picked":"Thunderclap+1","floor":24},{"not_picked":["Havoc+1","Clash+1"],"picked":"Rage+1","floor":28},{"not_picked":["Corruption+1","Juggernaut+1","Fiend Fire+1"],"picked":"Singing Bowl","floor":33},{"not_picked":["Clothesline+1","Pommel Strike+1"],"picked":"Shrug It Off+1","floor":40},{"not_picked":["Warcry+1","Pommel Strike+1","Fiend Fire+1"],"picked":"Singing Bowl","floor":42},{"not_picked":["Impatience+1","Panacea+1"],"picked":"Enlightenment+1","floor":44},{"not_picked":["Finesse+1","Secret Weapon+1"],"picked":"Discovery+1","floor":44},{"not_picked":["Flash of Steel+1","Impatience+1"],"picked":"Blind+1","floor":44},{"not_picked":["Second Wind+1","Thunderclap+1"],"picked":"Flex+1","floor":48},{"not_picked":["Searing Blow+1","Thunderclap+1"],"picked":"Headbutt+1","floor":49}],"player_experience":2265500,"relics_obtained":[{"floor":1,"key":"Bottled Flame"},{"floor":2,"key":"Pen Nib"},{"floor":4,"key":"Tiny Chest"},{"floor":5,"key":"Singing Bowl"},{"floor":6,"key":"MawBank"},{"floor":7,"key":"StoneCalendar"},{"floor":8,"key":"Anchor"},{"floor":9,"key":"Bag of Preparation"},{"floor":10,"key":"Torii"},{"floor":13,"key":"PreservedInsect"},{"floor":14,"key":"Bronze Scales"},{"floor":17,"key":"Juzu Bracelet"},{"floor":17,"key":"Ornamental Fan"},{"floor":17,"key":"Charon\u0027s Ashes"},{"floor":18,"key":"MealTicket"},{"floor":20,"key":"Paper Frog"},{"floor":21,"key":"Frozen Egg 2"},{"floor":22,"key":"Toxic Egg 2"},{"floor":24,"key":"Art of War"},{"floor":26,"key":"Strawberry"},{"floor":27,"key":"Mummified Hand"},{"floor":28,"key":"Mercury Hourglass"},{"floor":30,"key":"Omamori"},{"floor":35,"key":"Meat on the Bone"},{"floor":36,"key":"Orichalcum"},{"floor":37,"key":"Bottled Lightning"},{"floor":39,"key":"Centennial Puzzle"},{"floor":40,"key":"War Paint"},{"floor":41,"key":"Prayer Wheel"},{"floor":42,"key":"Thread and Needle"},{"floor":43,"key":"White Beast Statue"},{"floor":45,"key":"Gremlin Horn"},{"floor":46,"key":"Vajra"},{"floor":48,"key":"Dream Catcher"}],"event_choices":[{"damage_healed":0,"gold_gain":0,"player_choice":"Trade","damage_taken":0,"relics_obtained":["SsserpentHead"],"max_hp_gain":0,"max_hp_loss":0,"event_name":"FaceTrader","floor":3,"gold_loss":0},{"damage_healed":0,"gold_gain":0,"player_choice":"Relic","damage_taken":0,"max_hp_gain":0,"max_hp_loss":0,"event_name":"Wheel of Change","floor":27,"gold_loss":0},{"damage_healed":0,"gold_gain":0,"player_choice":"Opened","damage_taken":0,"relics_obtained":["Regal Pillow"],"max_hp_gain":0,"max_hp_loss":0,"event_name":"The Mausoleum","floor":29,"gold_loss":0},{"damage_healed":0,"gold_gain":0,"player_choice":"Fight","damage_taken":0,"max_hp_gain":0,"max_hp_loss":0,"event_name":"MindBloom","floor":42,"gold_loss":0},{"damage_healed":0,"gold_gain":0,"player_choice":"Memory 3","damage_taken":10,"max_hp_gain":0,"max_hp_loss":0,"event_name":"SensoryStone","floor":44,"gold_loss":0},{"damage_healed":0,"gold_gain":0,"player_choice":"Damaged","damage_taken":11,"max_hp_gain":0,"max_hp_loss":0,"event_name":"Wheel of Change","floor":47,"gold_loss":0}],"is_beta":false,"boss_relics":[{"not_picked":["Runic Dome","Black Star"],"picked":"Calling Bell"},{"not_picked":["Astrolabe","Runic Pyramid"],"picked":"Philosopher\u0027s Stone"}],"items_purged_floors":[],"is_endless":false,"potions_floor_spawned":[1,2,4,10,16,18,20,24,28,40,41,42,46,48],"ascension_level":0}}