{"host":"xurz8oye0j2lsa2k","time":1608581020,"event":{"mods":["AchievementEnabler","BaseMod","Colored Map","Downfall","Hubris","Minty Spire (QoL Compilation)","Permanent Neow","StSLib"],"gold_per_floor":[99,132,150,168,180,180,180,199,124,155,140,140,57,57,77,77,77,77],"floor_reached":16,"playtime":891,"items_purged":[],"score":110,"play_id":"6ad2676e-54ea-481d-a377-ebf1eace366c","local_time":"20201221150340","is_ascension_mode":false,"campfire_choices":[{"data":"champ:VampiricStrike","floor":1,"key":"SMITH"},{"data":"champ:StanceDance","floor":6,"key":"SMITH"},{"data":"champ:EnragedBash","floor":9,"key":"SMITH"}],"circlet_count":0,"master_deck":["champ:Strike","champ:Strike","champ:Strike","champ:Strike","champ:Defend","champ:Defend","champ:Defend","champ:Defend","champ:Execute","champ:Taunt","champ:VampiricStrike+1","champ:Encircle","champ:StanceDance+1","champ:Encircle","champ:EnragedBash+1","champ:StrikeOfGenius","champ:FanOfKnives","champ:IronFortress","champ:BerserkerStyle","champ:Backstep"],"relics":["champ:ChampionCrown","Bottled Flame","downfall:HeartBlessingBlue","Question Card","hubris:Towel","champ:LiftRelic"],"acts_visited":["Exordium"],"potions_floor_usage":[8],"damage_taken":[{"damage":37,"enemies":"Gremlin Nob","floor":2,"turns":5},{"damage":7,"enemies":"Jaw Worm","floor":3,"turns":3},{"damage":12,"enemies":"2 Louse","floor":4,"turns":3},{"damage":17,"enemies":"Small Slimes","floor":5,"turns":2},{"damage":22,"enemies":"Exordium Thugs","floor":8,"turns":4},{"damage":68,"enemies":"3 Sentries","floor":10,"turns":7},{"damage":23,"enemies":"downfall:FleeingMerchant","floor":11,"turns":4},{"damage":30,"enemies":"downfall:FleeingMerchant","floor":13,"turns":4},{"damage":19,"enemies":"Blue Slaver","floor":15,"turns":2},{"damage":38,"enemies":"downfall:Watcher","floor":16,"turns":5}],"seed_played":"-99536968528528552","potions_obtained":[{"floor":2,"key":"sneckomod:MuddlingPotion"},{"floor":8,"key":"SmokeBomb"}],"is_trial":false,"path_per_floor":["R","E","M","M","M","R","T","M","R","E","$","?","$","?","M","B"],"character_chosen":"THE_CHAMP","items_purchased":["champ:BerserkerStyle"],"campfire_rested":0,"item_purchase_floors":[13],"current_hp_per_floor":[90,70,77,82,74,74,74,71,81,49,44,44,34,34,24,0,0,0],"gold":77,"neow_bonus":"ONE_RANDOM_RARE_CARD","is_daily":false,"chose_seed":false,"campfire_upgraded":3,"win_rate":0.0,"timestamp":1608581020,"path_taken":["R","E","M","M","M","R","T","M","R","E","$","?","$","?","M","BOSS"],"items_purchased_type":["Card"],"build_version":"2020-12-13","purchased_purges":0,"victory":false,"max_hp_per_floor":[90,90,90,90,90,90,90,90,100,100,100,100,100,100,100,100,100,100],"card_choices":[{"not_picked":["champ:Haymaker","champ:Circumvent"],"picked":"champ:Encircle","floor":2},{"not_picked":["champ:Circumvent","champ:FocusedBerserking"],"picked":"champ:StanceDance","floor":3},{"not_picked":["champ:RecklessLeap","champ:ArenaPreparation"],"picked":"champ:Encircle","floor":4},{"not_picked":["champ:BerserkersShout","champ:StanceDance","champ:FaceSlap"],"picked":"SKIP","floor":5},{"not_picked":["champ:CheapShot","champ:DeathBlow"],"picked":"champ:EnragedBash","floor":8},{"not_picked":["champ:FalseCounter","champ:StanceDance"],"picked":"champ:StrikeOfGenius","floor":10},{"not_picked":["champ:ShieldSlam","champ:GladiatorsShout","champ:Circumvent"],"picked":"champ:FanOfKnives","floor":11},{"not_picked":["champ:FanOfKnives","champ:RecklessLeap","champ:Improvising"],"picked":"champ:IronFortress","floor":13},{"not_picked":["champ:FightOn","champ:StanceDance","champ:ArenaPreparation"],"picked":"champ:Backstep","floor":15}],"player_experience":485934,"relics_obtained":[{"floor":2,"key":"Bottled Flame"},{"floor":10,"key":"Question Card"}],"event_choices":[],"is_beta":false,"boss_relics":[],"items_purged_floors":[],"is_endless":false,"potions_floor_spawned":[2,8],"killed_by":"downfall:Watcher","ascension_level":0}}