{"host":"qm4rv4rkpk76sbxu","time":1608511722,"event":{"mods":["BaseMod","Bestiary","Block Reminder","DeckTracker","Filter the Spire","Keyboard Shortcuts","Minty Spire (QoL Compilation)","MonsterHotkey","Potion Indicator Mod","Quick Restart","Random Character Button","Relic Stats","Slay-I","StSLib","ojb\u0027s Better Paths Mod"],"gold_per_floor":[365,61,78,78,78,114,114,148,171,196,196,238,272,305,305,409,409,443,456,465,465,465],"floor_reached":21,"playtime":921,"items_purged":[],"score":414,"play_id":"9b9631f2-e670-4734-8801-bcab672c8b96","local_time":"20201221014842","is_ascension_mode":true,"campfire_choices":[{"floor":7.0,"key":"REST"},{"floor":11.0,"key":"REST"},{"floor":15.0,"key":"REST"}],"circlet_count":0,"master_deck":["AscendersBane","Strike_B","Strike_B","Strike_B","Defend_B","Defend_B","Defend_B","Defend_B","Zap","Dualcast","Cold Snap","Chill","Static Discharge","Injury","Leap","Thunder Strike","Ball Lightning","Ball Lightning","Genetic Algorithm","Seek","Turbo+1","Writhe"],"relics":["Cracked Core","Medical Kit","Golden Idol","Nunchaku","Girya","CeramicFish","Unceasing Top","Black Star","PreservedInsect"],"acts_visited":["Exordium","TheCity"],"potions_floor_usage":[21],"damage_taken":[{"damage":4.0,"enemies":"Small Slimes","floor":1.0,"turns":3.0},{"damage":0.0,"enemies":"Cultist","floor":3.0,"turns":3.0},{"damage":24.0,"enemies":"Gremlin Nob","floor":6.0,"turns":4.0},{"damage":25.0,"enemies":"3 Sentries","floor":8.0,"turns":6.0},{"damage":8.0,"enemies":"Jaw Worm","floor":10.0,"turns":4.0},{"damage":8.0,"enemies":"Lagavulin","floor":12.0,"turns":7.0},{"damage":0.0,"enemies":"3 Louse","floor":13.0,"turns":5.0},{"damage":6.0,"enemies":"Gremlin Nob","floor":14.0,"turns":3.0},{"damage":29.0,"enemies":"Slime Boss","floor":16.0,"turns":10.0},{"damage":18.0,"enemies":"Chosen","floor":18.0,"turns":5.0},{"damage":8.0,"enemies":"Spheric Guardian","floor":19.0,"turns":5.0},{"damage":30,"enemies":"3 Cultists","floor":21,"turns":4}],"seed_played":"-605992549310157040","potions_obtained":[{"floor":1.0,"key":"EntropicBrew"},{"floor":12.0,"key":"Swift Potion"},{"floor":18.0,"key":"SteroidPotion"}],"is_trial":false,"path_per_floor":["M","$","M","?","?","E","R","E","T","M","R","E","M","E","R","B",null,"M","M","?","M"],"character_chosen":"DEFECT","items_purchased":["Medical Kit","FearPotion","Chill"],"campfire_rested":3,"item_purchase_floors":[2,2,2],"current_hp_per_floor":[42,42,42,42,42,18,39,14,14,6,27,19,19,13,34,5,55,37,29,29,0,0],"gold":465,"neow_bonus":"TWO_FIFTY_GOLD","is_daily":false,"chose_seed":false,"campfire_upgraded":0,"win_rate":0.0,"timestamp":1608511722,"path_taken":["M","$","M","?","?","E","R","E","T","?","R","E","M","E","R","BOSS","M","M","?","M"],"items_purchased_type":["Relic","Potion","Card"],"build_version":"2020-12-13","purchased_purges":0,"victory":false,"max_hp_per_floor":[71,71,71,71,71,71,71,71,71,71,71,71,71,71,71,71,71,71,71,71,71,71],"relic_stats":{"Nunchaku":[6],"counters":[12,59],"Golden Idol":65,"CeramicFish":45,"PreservedInsect":0,"Black Star":0,"Medical Kit":[0],"obtain_stats":[{"Girya":8,"Nunchaku":6,"Golden Idol":4,"CeramicFish":12,"PreservedInsect":20,"Black Star":17,"Cracked Core":0,"Medical Kit":2,"Unceasing Top":14},{"Girya":4,"Nunchaku":3,"Golden Idol":2,"CeramicFish":6,"PreservedInsect":11,"Black Star":9,"Cracked Core":0,"Medical Kit":1,"Unceasing Top":8},{"Girya":16,"Nunchaku":10,"Golden Idol":6,"CeramicFish":27,"PreservedInsect":55,"Black Star":45,"Cracked Core":0,"Medical Kit":3,"Unceasing Top":35}],"Unceasing Top":[4]},"card_choices":[{"not_picked":["Compile Driver","Turbo"],"picked":"Cold Snap","floor":1.0},{"not_picked":["Leap","Steam Power"],"picked":"Static Discharge","floor":3.0},{"not_picked":["FTL","Static Discharge"],"picked":"Thunder Strike","floor":6.0},{"not_picked":["Turbo","Cold Snap","Leap"],"picked":"SKIP","floor":8.0},{"not_picked":["Consume","Stack"],"picked":"Ball Lightning","floor":10.0},{"not_picked":["Streamline","White Noise"],"picked":"Ball Lightning","floor":12.0},{"not_picked":["Streamline","Aggregate"],"picked":"Genetic Algorithm","floor":13.0},{"not_picked":["Static Discharge","All For One","Turbo"],"picked":"SKIP","floor":14.0},{"not_picked":["All For One","Buffer"],"picked":"Seek","floor":16.0},{"not_picked":["Sweeping Beam","Scrape"],"picked":"Turbo+1","floor":18.0},{"not_picked":["Leap","Compile Driver+1","Darkness"],"picked":"SKIP","floor":19.0}],"player_experience":1082924,"relics_obtained":[{"floor":6.0,"key":"Nunchaku"},{"floor":8.0,"key":"Girya"},{"floor":12.0,"key":"CeramicFish"},{"floor":14.0,"key":"Unceasing Top"}],"event_choices":[{"damage_healed":0.0,"max_hp_gain":0.0,"max_hp_loss":0.0,"gold_gain":0.0,"event_name":"Golden Idol","player_choice":"Take Wound","floor":4.0,"gold_loss":0.0,"damage_taken":0.0,"relics_obtained":["Golden Idol"],"cards_obtained":["Injury"]},{"damage_healed":0.0,"max_hp_gain":0.0,"max_hp_loss":0.0,"gold_gain":0.0,"cards_transformed":["Strike_B"],"event_name":"Transmorgrifier","player_choice":"Transformed","floor":5.0,"gold_loss":0.0,"damage_taken":0.0,"cards_obtained":["Leap"]},{"damage_healed":0.0,"max_hp_gain":0.0,"max_hp_loss":0.0,"gold_gain":0.0,"event_name":"The Mausoleum","player_choice":"Opened","floor":20.0,"gold_loss":0.0,"damage_taken":0.0,"relics_obtained":["PreservedInsect"],"cards_obtained":["Writhe"]}],"is_beta":false,"boss_relics":[{"not_picked":["Runic Pyramid","Fusion Hammer"],"picked":"Black Star"}],"items_purged_floors":[],"is_endless":false,"potions_floor_spawned":[1,3,12,18],"killed_by":"3 Cultists","ascension_level":20}}