{"host":"63rwe7p34ct1i0qu","time":1608520964,"event":{"mods":["BaseMod","Colored Map","DeckTracker","Minty Spire (QoL Compilation)","Permanent Neow","Quick Restart","StSLib"],"gold_per_floor":[367,367,385,401,417,417,320,320,320,320,333,333,32,45,45,140,190,201,201,201,201,212,212,229,229,229,248,261,261,261,271,271,367,367,378,388,388,399,399,399,417,431,431,431,444,444,444],"floor_reached":46,"playtime":1674,"items_purged":["Strike_B"],"score":649,"play_id":"87300a50-d3b4-47e4-b85f-9bbc1a8287bb","local_time":"20201221122244","is_ascension_mode":true,"campfire_choices":[{"data":"Zap","floor":6.0,"key":"SMITH"},{"data":"Dualcast","floor":8.0,"key":"SMITH"},{"data":"Streamline","floor":10.0,"key":"SMITH"},{"data":"Coolheaded","floor":15,"key":"SMITH"},{"data":"Loop","floor":23,"key":"SMITH"},{"data":"Chaos","floor":25,"key":"SMITH"},{"floor":29,"key":"REST"},{"floor":32,"key":"REST"},{"floor":40,"key":"REST"}],"circlet_count":0,"master_deck":["AscendersBane","Defend_B","Defend_B","Defend_B","Zap+1","Dualcast+1","Go for the Eyes","Coolheaded+1","Capacitor","Streamline+1","Skim","Self Repair","Electrodynamics","Chaos+1","Hologram+1","Loop+1","Defragment+1","Barrage+1","Coolheaded+1","Biased Cognition","All For One+1","Rip and Tear+1","Sweeping Beam+1","Sunder+1","Heatsinks+1","Defragment+1","Self Repair+1","Parasite"],"relics":["Cracked Core","Calipers","Emotion Chip","Tiny House","Pear","Eternal Feather","Astrolabe","Anchor"],"acts_visited":["Exordium","TheCity","TheBeyond"],"potions_floor_usage":[16,16,16,22,31,33,33,33,42],"damage_taken":[{"damage":4.0,"enemies":"2 Louse","floor":1.0,"turns":3.0},{"damage":1.0,"enemies":"Cultist","floor":3.0,"turns":3.0},{"damage":0.0,"enemies":"Jaw Worm","floor":4.0,"turns":3.0},{"damage":9.0,"enemies":"Exordium Thugs","floor":5.0,"turns":6.0},{"damage":1.0,"enemies":"Blue Slaver","floor":11.0,"turns":5.0},{"damage":0,"enemies":"Large Slime","floor":14,"turns":5},{"damage":8,"enemies":"Slime Boss","floor":16,"turns":10},{"damage":21,"enemies":"Shell Parasite","floor":18,"turns":4},{"damage":6,"enemies":"Spheric Guardian","floor":22,"turns":3},{"damage":21,"enemies":"Centurion and Healer","floor":24,"turns":6},{"damage":15,"enemies":"Snecko","floor":27,"turns":4},{"damage":27,"enemies":"Cultist and Chosen","floor":28,"turns":6},{"damage":27,"enemies":"Shelled Parasite and Fungi","floor":31,"turns":3},{"damage":67,"enemies":"Collector","floor":33,"turns":7},{"damage":11,"enemies":"3 Shapes","floor":35,"turns":3},{"damage":34,"enemies":"Orb Walker","floor":36,"turns":4},{"damage":6,"enemies":"Sphere and 2 Shapes","floor":38,"turns":3},{"damage":46,"enemies":"Jaw Worm Horde","floor":41,"turns":5},{"damage":24,"enemies":"Maw","floor":42,"turns":6},{"damage":38,"enemies":"Sphere and 2 Shapes","floor":45,"turns":4},{"damage":18,"enemies":"Writhing Mass","floor":46,"turns":3}],"seed_played":"6484181822569707880","potions_obtained":[{"floor":1.0,"key":"DuplicationPotion"},{"floor":5.0,"key":"AttackPotion"},{"floor":11.0,"key":"DistilledChaos"},{"floor":17,"key":"EssenceOfDarkness"},{"floor":18,"key":"CultistPotion"},{"floor":24,"key":"FocusPotion"},{"floor":28,"key":"Swift Potion"},{"floor":31,"key":"Ancient Potion"},{"floor":36,"key":"SteroidPotion"},{"floor":41,"key":"DistilledChaos"},{"floor":42,"key":"Weak Potion"}],"is_trial":false,"path_per_floor":["M","?","M","M","M","R","$","R","T","R","M","?","$","M","R","B",null,"M","?","?","$","M","R","M","R","T","M","M","R","?","M","R","B",null,"M","M","$","M","?","R","M","M","T","?","M","M"],"character_chosen":"DEFECT","items_purchased":["Streamline","Emotion Chip"],"campfire_rested":3,"item_purchase_floors":[7,13],"current_hp_per_floor":[46,46,45,45,36,36,36,36,36,36,35,35,35,35,35,34,70,56,66,66,66,67,67,53,53,53,45,35,74,74,47,86,36,77,73,49,49,43,43,85,49,42,42,42,21,3,3],"gold":444,"neow_bonus":"TWO_FIFTY_GOLD","is_daily":false,"chose_seed":false,"campfire_upgraded":6,"win_rate":0.0,"timestamp":1608520964,"path_taken":["M","?","?","M","M","R","$","R","T","R","M","?","?","M","R","BOSS","M","?","?","$","M","R","M","R","T","M","M","R","?","?","R","BOSS","M","?","$","M","?","R","M","M","T","?","M","M"],"items_purchased_type":["Card","Relic"],"build_version":"2020-12-13","purchased_purges":1,"victory":false,"max_hp_per_floor":[75,75,75,75,75,75,75,75,75,75,75,75,75,75,75,75,80,80,90,90,90,90,90,90,90,90,90,90,90,90,90,90,90,90,90,90,90,90,90,90,90,90,90,90,90,90,90],"card_choices":[{"not_picked":["Barrage","Lockon","Redo"],"picked":"SKIP","floor":1.0},{"not_picked":["Sweeping Beam","Leap"],"picked":"Go for the Eyes","floor":3.0},{"not_picked":["Reinforced Body","Cold Snap"],"picked":"Coolheaded","floor":4.0},{"not_picked":["Go for the Eyes","Conserve Battery"],"picked":"Capacitor","floor":5.0},{"not_picked":["Blizzard","Lockon"],"picked":"Skim","floor":11.0},{"not_picked":["Gash","Storm"],"picked":"Self Repair","floor":14},{"not_picked":["Hyperbeam","Creative AI"],"picked":"Electrodynamics","floor":16},{"not_picked":["Blizzard","FTL"],"picked":"Chaos","floor":17},{"not_picked":["Turbo","Rebound+1"],"picked":"Hologram+1","floor":18},{"not_picked":["Ball Lightning","Doom and Gloom"],"picked":"Loop","floor":22},{"not_picked":["Multi-Cast","Steam"],"picked":"Self Repair+1","floor":24},{"not_picked":["Leap","Lockon"],"picked":"Defragment","floor":27},{"not_picked":["Leap","Reprogram"],"picked":"Barrage+1","floor":28},{"not_picked":["Hologram","Streamline"],"picked":"Coolheaded+1","floor":31},{"not_picked":["Fission","Core Surge"],"picked":"Biased Cognition","floor":33},{"not_picked":["Recycle","Stack"],"picked":"Sunder+1","floor":35},{"not_picked":["Fusion","Go for the Eyes"],"picked":"Heatsinks+1","floor":36},{"not_picked":["Gash+1","Steam Power"],"picked":"Defragment+1","floor":38},{"not_picked":["Sweeping Beam+1","Steam+1"],"picked":"Self Repair+1","floor":41},{"not_picked":["Melter","Compile Driver","Lockon+1"],"picked":"SKIP","floor":42},{"not_picked":["Leap","Capacitor","Rip and Tear+1"],"picked":"SKIP","floor":45}],"player_experience":800164,"relics_obtained":[{"floor":9.0,"key":"Calipers"},{"floor":26,"key":"Eternal Feather"},{"floor":43,"key":"Anchor"}],"event_choices":[{"cards_removed":["Strike_B"],"damage_healed":0.0,"max_hp_gain":0.0,"max_hp_loss":0.0,"gold_gain":0.0,"event_name":"Bonfire Elementals","player_choice":"Offered Basic","floor":2.0,"gold_loss":0.0,"damage_taken":0.0},{"damage_healed":0,"gold_gain":0,"player_choice":"Searched \u00270\u0027 times","damage_taken":0,"max_hp_gain":0,"max_hp_loss":0,"event_name":"Dead Adventurer","floor":12,"gold_loss":0},{"damage_healed":0,"gold_gain":0,"player_choice":"Opened","damage_taken":0,"relics_obtained":["Pear"],"max_hp_gain":0,"max_hp_loss":0,"event_name":"The Mausoleum","floor":19,"gold_loss":0},{"damage_healed":0,"gold_gain":0,"player_choice":"Ignored","damage_taken":0,"max_hp_gain":0,"max_hp_loss":0,"event_name":"Cursed Tome","floor":20,"gold_loss":0},{"damage_healed":0,"gold_gain":0,"player_choice":"Upgraded","damage_taken":0,"max_hp_gain":0,"max_hp_loss":0,"event_name":"Upgrade Shrine","floor":30,"gold_loss":0,"cards_upgraded":["Defragment"]},{"damage_healed":0,"gold_gain":0,"player_choice":"Ignored","damage_taken":0,"max_hp_gain":0,"max_hp_loss":0,"event_name":"The Moai Head","floor":39,"gold_loss":0},{"cards_removed":["Self Repair"],"damage_healed":0,"gold_gain":0,"player_choice":"Removed Power","damage_taken":0,"max_hp_gain":0,"max_hp_loss":0,"event_name":"Falling","floor":44,"gold_loss":0}],"is_beta":false,"boss_relics":[{"not_picked":["Cursed Key","Fusion Hammer"],"picked":"Tiny House"},{"not_picked":["Busted Crown","FrozenCore"],"picked":"Astrolabe"}],"items_purged_floors":[7],"is_endless":false,"potions_floor_spawned":[1,5,11,18,24,28,31,36,41,42],"killed_by":"Writhing Mass","ascension_level":10}}