{"host":"rolltorest","time":1608510135,"event":{"mods":["BaseMod","Minty Spire (QoL Compilation)","StSLib"],"gold_per_floor":[109,34,49,49,49,90,90,125,171,210,210,231,255,271,271,367,367,383,383,397,420,438,471,484,520,520,564,564,564,564],"floor_reached":29,"playtime":819,"items_purged":[],"score":760,"play_id":"8cd92b61-e27a-469d-87d4-8978c36d429f","local_time":"20201220162215","is_ascension_mode":true,"campfire_choices":[{"data":"Eruption","floor":7,"key":"SMITH"},{"data":"Vigilance","floor":11,"key":"SMITH"},{"data":"EmptyFist","floor":15,"key":"SMITH"}],"circlet_count":0,"master_deck":["AscendersBane","Strike_P","Strike_P","Strike_P","Defend_P","Defend_P","Defend_P","Defend_P","Eruption+1","Vigilance+1","CutThroughFate","Conclude+1","Protect","SandsOfTime+1","WheelKick","EmptyFist+1","Indignation","Scrawl","ThirdEye+1","Scrawl","TalkToTheHand","Meditate+1","Wallop","Evaluate+1","Ghostly","Ghostly","Ghostly"],"relics":["PureWater","NeowsBlessing","Golden Idol","Vajra","Regal Pillow","Boot","White Beast Statue","SacredBark","Bottled Flame","Smiling Mask","Molten Egg 2","Tiny Chest"],"acts_visited":["Exordium","TheCity"],"potions_floor_usage":[13,16,18,20,22,23,24,25,27,27,27,27,29],"damage_taken":[{"damage":0,"enemies":"Cultist","floor":1,"turns":1},{"damage":0,"enemies":"Jaw Worm","floor":3,"turns":1},{"damage":0,"enemies":"3 Sentries","floor":6,"turns":1},{"damage":20,"enemies":"Lagavulin","floor":8,"turns":4},{"damage":13,"enemies":"3 Sentries","floor":10,"turns":6},{"damage":0,"enemies":"2 Louse","floor":12,"turns":1},{"damage":0,"enemies":"Lots of Slimes","floor":13,"turns":3},{"damage":0,"enemies":"Red Slaver","floor":14,"turns":2},{"damage":11,"enemies":"Hexaghost","floor":16,"turns":7},{"damage":0,"enemies":"2 Thieves","floor":18,"turns":1},{"damage":0,"enemies":"3 Byrds","floor":20,"turns":4},{"damage":0,"enemies":"Snecko","floor":21,"turns":2},{"damage":33,"enemies":"Snake Plant","floor":22,"turns":6},{"damage":10,"enemies":"Book of Stabbing","floor":23,"turns":4},{"damage":2,"enemies":"Centurion and Healer","floor":24,"turns":3},{"damage":0,"enemies":"Gremlin Leader","floor":25,"turns":5},{"damage":0,"enemies":"Slavers","floor":27,"turns":5},{"damage":32,"enemies":"Shelled Parasite and Fungi","floor":29,"turns":5}],"seed_played":"8976628681366330011","potions_obtained":[{"floor":10,"key":"BlessingOfTheForge"},{"floor":12,"key":"Block Potion"},{"floor":13,"key":"EssenceOfSteel"},{"floor":14,"key":"Weak Potion"},{"floor":16,"key":"ColorlessPotion"},{"floor":18,"key":"Swift Potion"},{"floor":20,"key":"Regen Potion"},{"floor":21,"key":"SteroidPotion"},{"floor":22,"key":"LiquidBronze"},{"floor":23,"key":"EntropicBrew"},{"floor":24,"key":"Explosive Potion"},{"floor":25,"key":"Ancient Potion"},{"floor":27,"key":"BottledMiracle"}],"is_trial":false,"path_per_floor":["M","?","M","?","?","E","R","E","T","E","R","M","M","M","R","B",null,"M","?","M","M","M","E","M","E","T","E","?","M"],"character_chosen":"WATCHER","items_purchased":[],"campfire_rested":0,"item_purchase_floors":[],"current_hp_per_floor":[61,61,61,61,61,61,61,41,41,28,28,28,28,28,28,17,51,51,51,51,51,54,44,42,42,42,42,31,0,0],"gold":564,"neow_bonus":"THREE_ENEMY_KILL","is_daily":false,"chose_seed":false,"campfire_upgraded":3,"win_rate":0.0,"timestamp":1608510135,"path_taken":["M","?","M","?","?","E","R","E","T","E","R","?","M","M","R","BOSS","M","?","?","M","?","E","M","E","T","E","?","M"],"items_purchased_type":[],"build_version":"2020-12-18","purchased_purges":0,"victory":false,"max_hp_per_floor":[68,68,68,62,62,62,62,62,62,62,62,62,62,62,62,62,62,62,62,62,62,62,62,62,62,62,62,31,31,31],"card_choices":[{"not_picked":["Halt","Evaluate"],"picked":"CutThroughFate","floor":1},{"not_picked":["EmptyFist","Blasphemy"],"picked":"Conclude","floor":3},{"not_picked":["Halt","Weave"],"picked":"Protect","floor":6},{"not_picked":["ReachHeaven","MentalFortress"],"picked":"SandsOfTime","floor":8},{"not_picked":["BowlingBash","Weave","WindmillStrike"],"picked":"SKIP","floor":10},{"not_picked":["FlurryOfBlows","FollowUp"],"picked":"WheelKick","floor":12},{"not_picked":["Wallop","ReachHeaven"],"picked":"EmptyFist","floor":13},{"not_picked":["BowlingBash","Worship"],"picked":"Indignation","floor":14},{"not_picked":["Establishment","MasterReality"],"picked":"Scrawl","floor":16},{"not_picked":["PathToVictory","BattleHymn"],"picked":"ThirdEye+1","floor":18},{"not_picked":["CrushJoints","Protect"],"picked":"Scrawl","floor":20},{"not_picked":["EmptyFist","FlurryOfBlows"],"picked":"TalkToTheHand","floor":21},{"not_picked":["Evaluate","SandsOfTime"],"picked":"Meditate+1","floor":22},{"not_picked":["Perseverance","Fasting2"],"picked":"Wallop","floor":23},{"not_picked":["EmptyFist","FlyingSleeves"],"picked":"Evaluate+1","floor":24},{"not_picked":["DeceiveReality","ThirdEye","Protect"],"picked":"SKIP","floor":25},{"not_picked":["Prostrate","Protect+1","ClearTheMind"],"picked":"SKIP","floor":27}],"player_experience":1694199,"relics_obtained":[{"floor":6,"key":"Vajra"},{"floor":8,"key":"Regal Pillow"},{"floor":9,"key":"Boot"},{"floor":10,"key":"White Beast Statue"},{"floor":23,"key":"Bottled Flame"},{"floor":25,"key":"Smiling Mask"},{"floor":26,"key":"Molten Egg 2"},{"floor":27,"key":"Tiny Chest"}],"event_choices":[{"cards_removed":["Strike_P"],"damage_healed":0,"gold_gain":0,"player_choice":"Card Removal","damage_taken":0,"max_hp_gain":0,"max_hp_loss":0,"event_name":"The Cleric","floor":2,"gold_loss":75},{"damage_healed":0,"gold_gain":0,"player_choice":"Lose Max HP","damage_taken":0,"relics_obtained":["Golden Idol"],"max_hp_gain":0,"max_hp_loss":6,"event_name":"Golden Idol","floor":4,"gold_loss":0},{"damage_healed":0,"gold_gain":0,"player_choice":"Upgraded","damage_taken":0,"max_hp_gain":0,"max_hp_loss":0,"event_name":"Upgrade Shrine","floor":5,"gold_loss":0,"cards_upgraded":["Conclude"]},{"damage_healed":0,"gold_gain":0,"player_choice":"Upgraded","damage_taken":0,"max_hp_gain":0,"max_hp_loss":0,"event_name":"Upgrade Shrine","floor":19,"gold_loss":0,"cards_upgraded":["SandsOfTime"]},{"damage_healed":0,"gold_gain":0,"player_choice":"Became a Ghost","damage_taken":0,"max_hp_gain":0,"max_hp_loss":31,"event_name":"Ghosts","floor":28,"gold_loss":0,"cards_obtained":["Ghostly","Ghostly","Ghostly"]}],"is_beta":true,"boss_relics":[{"not_picked":["Empty Cage","Tiny House"],"picked":"SacredBark"}],"items_purged_floors":[],"is_endless":false,"potions_floor_spawned":[10,12,13,14,16,18,20,21,22,23,24,25,27],"killed_by":"Shelled Parasite and Fungi","ascension_level":20}}