{"host":"8g24zuco0epbjwbo","time":1608591088,"event":{"mods":["BaseMod","Downfall","Minty Spire (QoL Compilation)","Relic Stats","StSLib"],"gold_per_floor":[199,212,122,122,122,122,122,141,151,151,164,164,89,106,125,224,224,224,234,247,247,247,275,275,275,289,82,93,93,125,135,150,254,254,254,266,111,161,172,172,221,252,177,195,120,153,78,129,145,145,145,170,75,75,75],"floor_reached":56,"playtime":3095,"items_purged":["champ:Strike","champ:Defend"],"score":1312,"play_id":"a195f17f-e2b3-435e-8b4a-945c4f93caa3","local_time":"20201221175128","is_ascension_mode":false,"campfire_choices":[{"data":"champ:Taunt","floor":1.0,"key":"SMITH"},{"floor":6.0,"key":"RECALL"},{"data":"champ:SwordThrow","floor":13.0,"key":"SMITH"},{"data":"champ:Duel","floor":18.0,"key":"SMITH"},{"data":"champ:RecklessLeap","floor":35.0,"key":"SMITH"},{"data":"expansioncontent:DefensiveStance","floor":40.0,"key":"SMITH"},{"data":"champ:SwordThrow","floor":43.0,"key":"SMITH"},{"data":"champ:RecklessLeap","floor":47,"key":"SMITH"},{"floor":54,"key":"REST"}],"circlet_count":0,"master_deck":["champ:Strike","champ:Strike","champ:Defend","champ:Defend+1","champ:Execute","champ:Taunt+1","champ:Duel+1","champ:SwordThrow+1","champ:EndlessRage","champ:BringItOn","champ:CrownThrow","champ:AdrenalArmor","champ:FlashCut","champ:CheapShot","champ:DefensiveShout","champ:RecklessLeap+1","champ:VampiricStrike","champ:GutPunch+1","expansioncontent:DarkVoid","champ:Aggression+1","champ:SteelEdge","champ:RisingSlash","champ:CheapShot","CurseOfTheBell","champ:Encircle+1","champ:StrikeOfGenius","expansioncontent:DefensiveStance+1","champ:SwordThrow+1","champ:Shatter","champ:RecklessLeap+1","champ:EndlessRage","champ:ViciousMockery","Flash of Steel"],"relics":["champ:ChampionCrown","downfall:ShatteredFragment","champ:LiftRelic","InkBottle","downfall:HeartBlessingRed","champ:ChampionCrownUpgraded","Vajra","Eternal Feather","Bronze Scales","champ:BerserkersGuideToSlaughter","Centennial Puzzle","Calling Bell","champ:FightingForDummies","Mercury Hourglass","Incense Burner","StrikeDummy","champ:GladiatorsBookOfMartialProwess","hexamod:BolsterEngine","downfall:HeartBlessingBlue","Ornamental Fan","downfall:HeartBlessingGreen","Art of War","Strawberry"],"acts_visited":["Exordium","TheCity","TheBeyond","TheEnding"],"potions_floor_usage":[55,55,55,55,55],"damage_taken":[{"damage":8.0,"enemies":"2 Louse","floor":2.0,"turns":3.0},{"damage":10.0,"enemies":"downfall:FleeingMerchant","floor":3.0,"turns":4.0},{"damage":0.0,"enemies":"Jaw Worm","floor":8.0,"turns":2.0},{"damage":0.0,"enemies":"Cultist","floor":9.0,"turns":2.0},{"damage":6.0,"enemies":"3 Louse","floor":11.0,"turns":3.0},{"damage":8.0,"enemies":"Lots of Slimes","floor":14.0,"turns":4.0},{"damage":0.0,"enemies":"2 Fungi Beasts","floor":15.0,"turns":2.0},{"damage":62.0,"enemies":"downfall:Defect","floor":16.0,"turns":7.0},{"damage":8.0,"enemies":"3 Byrds","floor":19.0,"turns":4.0},{"damage":11.0,"enemies":"Snecko","floor":20.0,"turns":3.0},{"damage":36.0,"enemies":"Gremlin Leader","floor":23.0,"turns":9.0},{"damage":20.0,"enemies":"3 Cultists","floor":26.0,"turns":5.0},{"damage":22.0,"enemies":"downfall:FleeingMerchant","floor":27.0,"turns":5.0},{"damage":22.0,"enemies":"Sentry and Sphere","floor":28.0,"turns":3.0},{"damage":39.0,"enemies":"Book of Stabbing","floor":30.0,"turns":3.0},{"damage":0.0,"enemies":"Cultist and Chosen","floor":31.0,"turns":4.0},{"damage":3.0,"enemies":"Shelled Parasite and Fungi","floor":32.0,"turns":2.0},{"damage":41.0,"enemies":"downfall:Watcher","floor":33.0,"turns":7.0},{"damage":0.0,"enemies":"Orb Walker","floor":36.0,"turns":2.0},{"damage":0.0,"enemies":"downfall:FleeingMerchant","floor":37.0,"turns":2.0},{"damage":44.0,"enemies":"Mind Bloom Boss Battle","floor":38.0,"turns":8.0},{"damage":45.0,"enemies":"3 Darklings","floor":39.0,"turns":2.0},{"damage":15.0,"enemies":"Nemesis","floor":42.0,"turns":2.0},{"damage":22.0,"enemies":"Jaw Worm Horde","floor":44.0,"turns":2.0},{"damage":45,"enemies":"Giant Head","floor":46,"turns":7},{"damage":0,"enemies":"Spire Growth","floor":49,"turns":3},{"damage":92,"enemies":"downfall:Silent","floor":50,"turns":7},{"damage":101,"enemies":"downfall:CharBossMerchant","floor":52,"turns":8},{"damage":164,"enemies":"downfall:NeowBoss","floor":55,"turns":23}],"seed_played":"-6727346223343086086","potions_obtained":[{"floor":8.0,"key":"Strength Potion"},{"floor":9.0,"key":"hexamod:EctoCoolerPotion"},{"floor":11.0,"key":"BlessingOfTheForge"},{"floor":19.0,"key":"EntropicBrew"},{"floor":44.0,"key":"Strength Potion"}],"is_trial":false,"path_per_floor":["R","M","$","?","?","R","T","M","M","?","M","?","R","M","M","B",null,"R","M","M","?","?","E","T","?","M","$","M","?","E","M","M","B",null,"R","M","$","?","M","R","T","E","R","M","$","E","R","?","M","B",null,"E","$","R","B",null],"character_chosen":"THE_CHAMP","items_purchased":["expansioncontent:DarkVoid","StrikeDummy","champ:StrikeOfGenius","expansioncontent:DefensiveStance","champ:RecklessLeap","Flash of Steel"],"campfire_rested":1,"item_purchase_floors":[27,37,37,37,45,53],"current_hp_per_floor":[90,90,90,63,63,63,63,63,63,68,67,67,67,64,64,6,95,95,95,90,90,90,76,76,68,60,82,82,82,88,95,95,75,95,95,95,95,79,68,83,83,93,105,105,105,102,105,105,105,77,105,75,75,112,78],"gold":75,"neow_bonus":"HUNDRED_GOLD","is_daily":false,"chose_seed":false,"campfire_upgraded":7,"win_rate":0.0,"timestamp":1608591088,"path_taken":["R","M","$","?","?","R","T","M","M","?","M","?","R","M","M","BOSS","R","M","M","?","?","E","T","?","M","$","?","?","E","M","M","BOSS","R","M","$","?","M","R","T","E","R","M","$","E","R","?","M","BOSS","E","$","R","BOSS"],"items_purchased_type":["Card","Relic","Card","Card","Card","Card"],"build_version":"2020-12-13","purchased_purges":2,"victory":true,"max_hp_per_floor":[90,90,90,90,90,90,90,90,90,95,95,95,95,95,95,95,95,95,95,95,95,95,95,95,95,95,95,95,95,95,95,95,95,95,95,95,95,95,95,95,95,95,105,105,105,105,105,105,105,105,105,112,112,112,112],"relic_stats":{"Centennial Puzzle":[29],"counters":[29,138],"Ornamental Fan":[96],"Bronze Scales":[136],"Eternal Feather":38,"Art of War":[1],"obtain_stats":[{"downfall:ShatteredFragment":4,"downfall:HeartBlessingRed":13,"Vajra":21,"champ:ChampionCrown":0,"Eternal Feather":23,"downfall:HeartBlessingGreen":47,"champ:ChampionCrownUpgraded":17,"Incense Burner":34,"Mercury Hourglass":34,"champ:GladiatorsBookOfMartialProwess":38,"Calling Bell":34,"Centennial Puzzle":30,"downfall:HeartBlessingBlue":43,"Ornamental Fan":46,"champ:LiftRelic":5,"Bronze Scales":24,"Strawberry":52,"Art of War":48,"champ:BerserkersGuideToSlaughter":29,"champ:FightingForDummies":34,"hexamod:BolsterEngine":42,"StrikeDummy":37,"InkBottle":7},{"downfall:ShatteredFragment":2,"downfall:HeartBlessingRed":5,"Vajra":10,"champ:ChampionCrown":0,"Eternal Feather":11,"downfall:HeartBlessingGreen":25,"champ:ChampionCrownUpgraded":8,"Incense Burner":18,"Mercury Hourglass":18,"champ:GladiatorsBookOfMartialProwess":21,"Calling Bell":18,"Centennial Puzzle":15,"downfall:HeartBlessingBlue":23,"Ornamental Fan":25,"champ:LiftRelic":2,"Bronze Scales":11,"Strawberry":28,"Art of War":25,"champ:BerserkersGuideToSlaughter":14,"champ:FightingForDummies":18,"hexamod:BolsterEngine":23,"StrikeDummy":20,"InkBottle":2},{"downfall:ShatteredFragment":7,"downfall:HeartBlessingRed":14,"Vajra":34,"champ:ChampionCrown":0,"Eternal Feather":43,"downfall:HeartBlessingGreen":97,"champ:ChampionCrownUpgraded":27,"Incense Burner":72,"Mercury Hourglass":72,"champ:GladiatorsBookOfMartialProwess":84,"Calling Bell":72,"Centennial Puzzle":59,"downfall:HeartBlessingBlue":88,"Ornamental Fan":97,"champ:LiftRelic":7,"Bronze Scales":43,"Strawberry":115,"Art of War":97,"champ:BerserkersGuideToSlaughter":56,"champ:FightingForDummies":72,"hexamod:BolsterEngine":88,"StrikeDummy":76,"InkBottle":7}],"InkBottle":[49],"Mercury Hourglass":[100]},"card_choices":[{"not_picked":["champ:FightOn","champ:FocusedGladiator"],"picked":"champ:Duel","floor":2.0},{"not_picked":["champ:BringItOn","champ:AdrenalArmor"],"picked":"champ:SwordThrow","floor":3.0},{"not_picked":["champ:SwordSigil","champ:CrookedStrike"],"picked":"champ:EndlessRage","floor":8.0},{"not_picked":["champ:GutPunch","champ:FlashCut"],"picked":"champ:BringItOn","floor":9.0},{"not_picked":["champ:ShieldSigil","champ:FanOfKnives"],"picked":"champ:CrownThrow","floor":11.0},{"not_picked":["champ:DefensiveShout","champ:RapidStrikes"],"picked":"champ:AdrenalArmor","floor":14.0},{"not_picked":["champ:Encircle","champ:BladeFlurry"],"picked":"champ:FlashCut","floor":15.0},{"not_picked":["champ:DancingMaster","champ:VampiricStrike"],"picked":"champ:CheapShot","floor":16.0},{"not_picked":["champ:SwordSigil","champ:FlashCut"],"picked":"champ:DefensiveShout","floor":19.0},{"not_picked":["champ:GutPunch","champ:FlashCut","champ:PerfectedStrike"],"picked":"SKIP","floor":20.0},{"not_picked":["champ:DefensiveShout","champ:EnGarde"],"picked":"champ:RecklessLeap","floor":23.0},{"not_picked":["champ:SwordSigil+1","champ:StanceDance"],"picked":"champ:VampiricStrike","floor":26.0},{"not_picked":["champ:DefensiveShout","champ:EnGarde"],"picked":"champ:GutPunch+1","floor":27.0},{"not_picked":["champ:AdrenalArmor","champ:FanOfKnives"],"picked":"champ:Aggression+1","floor":28.0},{"not_picked":["champ:CrownThrow","champ:Duel"],"picked":"champ:SteelEdge","floor":30.0},{"not_picked":["champ:Control","champ:EnragedBash"],"picked":"champ:RisingSlash","floor":31.0},{"not_picked":["champ:FightOn","champ:Haymaker","champ:BringItOn"],"picked":"SKIP","floor":32.0},{"not_picked":["champ:HoldFirm","champ:SwordThrow"],"picked":"champ:CheapShot","floor":33.0},{"not_picked":["champ:Lariat","champ:TornadoPunch"],"picked":"champ:Encircle+1","floor":36.0},{"not_picked":["champ:ArenaPreparation","champ:CrookedStrike+1"],"picked":"champ:SwordThrow","floor":39.0},{"not_picked":["champ:SwordSigil+1","champ:GladiatorsShout","champ:FlashCut"],"picked":"SKIP","floor":42.0},{"not_picked":["champ:BerserkersShout","champ:Circumvent"],"picked":"champ:Shatter","floor":44.0},{"not_picked":["champ:GladiatorsShout","champ:PerfectedStrike","champ:CrookedStrike"],"picked":"SKIP","floor":46},{"not_picked":["champ:RapidStrikes","champ:TornadoPunch+1"],"picked":"champ:EndlessRage","floor":49},{"not_picked":["champ:FlashCut","champ:ArenaPreparation+1"],"picked":"champ:ViciousMockery","floor":52}],"player_experience":429452,"relics_obtained":[{"floor":7.0,"key":"InkBottle"},{"floor":23.0,"key":"Eternal Feather"},{"floor":24.0,"key":"Bronze Scales"},{"floor":30.0,"key":"Centennial Puzzle"},{"floor":34.0,"key":"champ:FightingForDummies"},{"floor":34.0,"key":"Mercury Hourglass"},{"floor":34.0,"key":"Incense Burner"},{"floor":38.0,"key":"champ:GladiatorsBookOfMartialProwess"},{"floor":42.0,"key":"hexamod:BolsterEngine"},{"floor":46,"key":"Ornamental Fan"},{"floor":48,"key":"Art of War"},{"floor":52,"key":"Strawberry"}],"event_choices":[{"damage_healed":0.0,"max_hp_gain":5.0,"max_hp_loss":0.0,"gold_gain":0.0,"event_name":"Big Fish","player_choice":"Donut","floor":10.0,"gold_loss":0.0,"damage_taken":0.0},{"damage_healed":0.0,"max_hp_gain":0.0,"max_hp_loss":0.0,"gold_gain":0.0,"event_name":"Lab","player_choice":"Got Potions","floor":12.0,"gold_loss":0.0,"damage_taken":0.0}],"is_beta":false,"boss_relics":[{"not_picked":["Black Star","Snecko Eye"],"picked":"champ:ChampionCrownUpgraded"},{"not_picked":["Astrolabe","Runic Pyramid"],"picked":"Calling Bell"}],"items_purged_floors":[3,27],"is_endless":false,"potions_floor_spawned":[8,9,11,15,19,28,30,33,36,44,46,49,52],"ascension_level":0}}