{"host":"sabve5zmqufxyc5o","time":1608535469,"event":{"mods":["2.2 Compatiblity","AchievementEnabler","Act Like it!","BaseMod","Block Reminder","Colored Map","Colored Powertips","DeckTracker","KOR Keyword Fix","Keyboard Shortcuts","Minty Spire (QoL Compilation)","Quick Restart","Rare Cards Sparkle","Relic Stats","StSLib","SuperFastMode"],"gold_per_floor":[116,132,143,143,49,82,82,113,136,136,147,159,178,190,190,264,264,284,299,299,314,364,364,374,374,444,459,487,507,65,76,76,76,76],"floor_reached":33,"playtime":718,"items_purged":[],"score":591,"play_id":"62162af6-d59b-430e-9d13-e17268038845","local_time":"20201221162429","is_ascension_mode":true,"campfire_choices":[{"floor":7.0,"key":"REST"},{"data":"Coolheaded","floor":10.0,"key":"SMITH"},{"data":"Zap","floor":15.0,"key":"SMITH"},{"floor":23.0,"key":"REST"},{"floor":25.0,"key":"REST"},{"floor":32.0,"key":"REST"}],"circlet_count":0,"master_deck":["AscendersBane","Strike_B","Strike_B","Strike_B","Strike_B","Defend_B","Defend_B","Defend_B","Defend_B","Zap+1","Dualcast","Beam Cell","Compile Driver","Gash","Go for the Eyes","Glacier","Rebound","Coolheaded+1","Stack","Cold Snap","Compile Driver","Ball Lightning","Streamline","Core Surge","Gash+1","Turbo","Decay","Chill","Turbo","Hologram","Beam Cell","Blizzard","Coolheaded+1","Cold Snap","Ball Lightning","Steam","FTL"],"relics":["Cracked Core","Orichalcum","Nunchaku","Pen Nib","Runic Pyramid","Kunai","Happy Flower","Dream Catcher","DollysMirror"],"acts_visited":["Exordium","TheCity"],"potions_floor_usage":[],"damage_taken":[{"damage":1.0,"enemies":"2 Louse","floor":1.0,"turns":2.0},{"damage":1.0,"enemies":"Cultist","floor":2.0,"turns":3.0},{"damage":0.0,"enemies":"Small Slimes","floor":3.0,"turns":2.0},{"damage":37.0,"enemies":"Lagavulin","floor":6.0,"turns":11.0},{"damage":12.0,"enemies":"Gremlin Nob","floor":8.0,"turns":4.0},{"damage":0.0,"enemies":"Gremlin Gang","floor":11.0,"turns":2.0},{"damage":1.0,"enemies":"Looter","floor":12.0,"turns":3.0},{"damage":4.0,"enemies":"Blue Slaver","floor":13.0,"turns":4.0},{"damage":0.0,"enemies":"Large Slime","floor":14.0,"turns":3.0},{"damage":11.0,"enemies":"Hexaghost","floor":16.0,"turns":9.0},{"damage":15.0,"enemies":"Spheric Guardian","floor":18.0,"turns":4.0},{"damage":29.0,"enemies":"Shell Parasite","floor":19.0,"turns":6.0},{"damage":7.0,"enemies":"Snake Plant","floor":21.0,"turns":5.0},{"damage":7.0,"enemies":"Centurion and Healer","floor":24.0,"turns":6.0},{"damage":3.0,"enemies":"Shelled Parasite and Fungi","floor":27.0,"turns":4.0},{"damage":26.0,"enemies":"Gremlin Leader","floor":28.0,"turns":8.0},{"damage":0.0,"enemies":"Sentry and Sphere","floor":29.0,"turns":5.0},{"damage":6.0,"enemies":"Snecko","floor":31.0,"turns":4.0},{"damage":41,"enemies":"Champ","floor":33,"turns":3}],"seed_played":"3588495360133684020","potions_obtained":[{"floor":4.0,"key":"Regen Potion"},{"floor":4.0,"key":"Explosive Potion"},{"floor":6.0,"key":"Regen Potion"},{"floor":11.0,"key":"Explosive Potion"},{"floor":14.0,"key":"Block Potion"},{"floor":16.0,"key":"LiquidMemories"},{"floor":28.0,"key":"Explosive Potion"},{"floor":31.0,"key":"Energy Potion"}],"is_trial":false,"path_per_floor":["M","M","M","?","$","E","R","E","T","R","M","M","M","M","R","B",null,"M","M","?","M","?","R","M","R","T","M","E","M","$","M","R","B"],"character_chosen":"DEFECT","items_purchased":["Glacier","Rebound","Dream Catcher","DollysMirror","Cold Snap","Ball Lightning"],"campfire_rested":4,"item_purchase_floors":[5,5,30,30,30,30],"current_hp_per_floor":[63,62,62,62,62,35,56,44,44,44,44,43,39,39,39,43,64,49,20,20,13,13,34,27,48,48,45,19,19,19,13,34,0,0],"gold":76,"neow_bonus":"THREE_CARDS","is_daily":false,"chose_seed":false,"campfire_upgraded":2,"win_rate":0.0,"timestamp":1608535469,"path_taken":["M","M","M","?","?","E","R","E","T","R","M","?","M","M","R","BOSS","M","M","?","M","?","R","M","R","T","M","E","M","$","M","R","BOSS"],"items_purchased_type":["Card","Card","Relic","Relic","Card","Card"],"build_version":"2020-12-13","purchased_purges":0,"victory":false,"max_hp_per_floor":[71,71,71,71,71,71,71,71,71,71,71,71,71,71,71,71,71,71,71,71,71,71,71,71,71,71,71,71,71,71,71,71,71,71],"relic_stats":{"Nunchaku":[18],"Dream Catcher":1,"Happy Flower":[4],"counters":[19,88],"Pen Nib":[18],"Kunai":[19],"Orichalcum":[114],"obtain_stats":[{"Nunchaku":8,"Dream Catcher":30,"Happy Flower":28,"DollysMirror":30,"Pen Nib":9,"Kunai":26,"Orichalcum":6,"Cracked Core":0,"Runic Pyramid":17},{"Nunchaku":5,"Dream Catcher":17,"Happy Flower":16,"DollysMirror":17,"Pen Nib":5,"Kunai":14,"Orichalcum":4,"Cracked Core":0,"Runic Pyramid":10},{"Nunchaku":22,"Dream Catcher":81,"Happy Flower":76,"DollysMirror":81,"Pen Nib":22,"Kunai":64,"Orichalcum":18,"Cracked Core":0,"Runic Pyramid":43}]},"card_choices":[{"not_picked":["Fusion","Conserve Battery"],"picked":"Beam Cell","floor":0.0},{"not_picked":["Barrage","Steam"],"picked":"Compile Driver","floor":1.0},{"not_picked":["Conserve Battery","Scrape"],"picked":"Gash","floor":2.0},{"not_picked":["Coolheaded","Redo"],"picked":"Go for the Eyes","floor":3.0},{"not_picked":["Machine Learning","Sweeping Beam"],"picked":"Coolheaded","floor":6.0},{"not_picked":["Conserve Battery","Sweeping Beam"],"picked":"Stack","floor":8.0},{"not_picked":["Gash","Blizzard"],"picked":"Cold Snap","floor":11.0},{"not_picked":["Creative AI","Rebound"],"picked":"Compile Driver","floor":12.0},{"not_picked":["Hologram","Double Energy"],"picked":"Ball Lightning","floor":13.0},{"not_picked":["Scrape","Recycle"],"picked":"Streamline","floor":14.0},{"not_picked":["Multi-Cast","Meteor Strike"],"picked":"Core Surge","floor":16.0},{"not_picked":["Leap","Tempest"],"picked":"Gash+1","floor":18.0},{"not_picked":["Auto Shields","Gash"],"picked":"Turbo","floor":19.0},{"not_picked":["Rip and Tear","Rebound"],"picked":"Chill","floor":21.0},{"not_picked":["Compile Driver","Sweeping Beam"],"picked":"Turbo","floor":24.0},{"not_picked":["Cold Snap","Ball Lightning"],"picked":"Hologram","floor":27.0},{"not_picked":["Leap","Hyperbeam"],"picked":"Beam Cell","floor":28.0},{"not_picked":["Force Field","Streamline"],"picked":"Blizzard","floor":29.0},{"not_picked":["Barrage","Coolheaded"],"picked":"Steam","floor":31.0},{"not_picked":["Streamline","Ball Lightning"],"picked":"FTL","floor":32.0}],"player_experience":794637,"relics_obtained":[{"floor":6.0,"key":"Orichalcum"},{"floor":8.0,"key":"Nunchaku"},{"floor":9.0,"key":"Pen Nib"},{"floor":26.0,"key":"Kunai"},{"floor":28.0,"key":"Happy Flower"}],"event_choices":[{"damage_healed":0.0,"max_hp_gain":0.0,"max_hp_loss":0.0,"gold_gain":0.0,"event_name":"Lab","player_choice":"Got Potions","floor":4.0,"gold_loss":0.0,"damage_taken":0.0},{"damage_healed":0.0,"max_hp_gain":0.0,"max_hp_loss":0.0,"gold_gain":0.0,"event_name":"Forgotten Altar","player_choice":"Smashed Altar","floor":20.0,"gold_loss":0.0,"damage_taken":0.0,"cards_obtained":["Decay"]},{"damage_healed":0.0,"max_hp_gain":0.0,"max_hp_loss":0.0,"gold_gain":50.0,"event_name":"Nest","player_choice":"Stole From Cult","floor":22.0,"gold_loss":0.0,"damage_taken":0.0}],"is_beta":false,"boss_relics":[{"not_picked":["SlaversCollar","Astrolabe"],"picked":"Runic Pyramid"}],"items_purged_floors":[],"is_endless":false,"potions_floor_spawned":[6,8,11,13,14,16,28,31],"killed_by":"Champ","ascension_level":20}}