{"host":"8g24zuco0epbjwbo","time":1608540499,"event":{"mods":["BaseMod","Downfall","Minty Spire (QoL Compilation)","Relic Stats","StSLib"],"gold_per_floor":[99,10,23,23,49,49,49,49,49,49],"floor_reached":8,"playtime":317,"items_purged":[],"score":52,"play_id":"8ff0ca2c-b7b7-43f0-9812-e77b2e0eb73f","local_time":"20201221034819","is_ascension_mode":false,"campfire_choices":[{"floor":1,"key":"RECALL"},{"data":"champ:IronFortress","floor":4,"key":"SMITH"}],"circlet_count":0,"master_deck":["champ:Strike","champ:Strike","champ:Strike","champ:Defend","champ:Defend","champ:Defend","champ:Defend","champ:Execute","champ:Taunt","champ:DancingMaster","champ:CrookedStrike","champ:IronFortress+1","champ:Duel","champ:DeathBlow"],"relics":["champ:ChampionCrown","Calipers","Darkstone Periapt"],"acts_visited":["Exordium"],"potions_floor_usage":[8],"damage_taken":[{"damage":10,"enemies":"downfall:FleeingMerchant","floor":2,"turns":4},{"damage":0,"enemies":"2 Louse","floor":3,"turns":4},{"damage":45,"enemies":"Gremlin Nob","floor":5,"turns":6},{"damage":50,"enemies":"3 Sentries","floor":8,"turns":8}],"seed_played":"-2146338074862699598","potions_obtained":[{"floor":5,"key":"sneckomod:MuddlingPotion"}],"is_trial":false,"path_per_floor":["R","$","M","R","E","?","T","E"],"character_chosen":"THE_CHAMP","items_purchased":["champ:IronFortress"],"campfire_rested":0,"item_purchase_floors":[2],"current_hp_per_floor":[90,90,90,90,50,50,50,0,0,0],"gold":49,"neow_bonus":"ONE_RANDOM_RARE_CARD","is_daily":false,"chose_seed":false,"campfire_upgraded":1,"win_rate":0.0,"timestamp":1608540499,"path_taken":["R","$","M","R","E","?","T","E"],"items_purchased_type":["Card"],"build_version":"2020-12-13","purchased_purges":0,"victory":false,"max_hp_per_floor":[90,90,90,90,90,90,90,90,90,90],"relic_stats":{"Darkstone Periapt":0,"counters":[4,22],"obtain_stats":[{"Darkstone Periapt":7,"Calipers":5,"champ:ChampionCrown":0},{"Darkstone Periapt":3,"Calipers":3,"champ:ChampionCrown":0},{"Darkstone Periapt":14,"Calipers":14,"champ:ChampionCrown":0}]},"card_choices":[{"not_picked":["champ:FaceSlap","champ:FocusedDefense"],"picked":"champ:CrookedStrike","floor":2},{"not_picked":["champ:FanOfKnives","champ:ShieldWall"],"picked":"champ:Duel","floor":3},{"not_picked":["champ:HeartStrike","champ:FlashCut"],"picked":"champ:DeathBlow","floor":5}],"player_experience":425553,"relics_obtained":[{"floor":5,"key":"Calipers"},{"floor":7,"key":"Darkstone Periapt"}],"event_choices":[],"is_beta":false,"boss_relics":[],"items_purged_floors":[],"is_endless":false,"potions_floor_spawned":[5],"killed_by":"3 Sentries","ascension_level":0}}