{"host":"3c27c697js19kaoo","time":1608538356,"event":{"mods":["ATMod(∞¢Ë™Mod)","Aspiration","BaseMod","CapriCore","Dota2Spire","Hermit","Minty Spire (QoL Compilation)","Quick Restart","Remilia£®¿Ÿ√◊¿Ú—«£©","Replay The Spire","Robot Space Explorer","Spicy Shops","StSLib","The Alterego","The Cursed","The Runesmith","The Servant 0.9.4","Youmu£®ªÍ∆«—˝√Œ£©","vexMod","°æ“≈ŒÔø®≈∆°øREMEMod"],"gold_per_floor":[115,40,40,57,74,74,107,182,258,258,258,258],"floor_reached":11,"playtime":348,"items_purged":[],"score":78,"play_id":"541d93b5-b951-41f1-8cf9-905d4b9ae9b5","local_time":"20201221161236","is_ascension_mode":true,"campfire_choices":[{"data":"AT_ThunderBolt","floor":6,"key":"SMITH"}],"circlet_count":0,"master_deck":["Strike_B","Strike_B","Strike_B","Strike_B","Defend_B","Defend_B","Defend_B","Defend_B","Zap","Dualcast","AT_ThunderBolt+1","AT_ChampionKick","Zap","Sweeping Beam","AT_DarkMatter","BasicCrystalCard","Beam Cell"],"relics":["Cracked Core","REME_ComplimentaryCards","AT_ATBox","vexMod:CardConverter","Omamori","AT_BellDemon","Chameleon Ring"],"acts_visited":["Exordium"],"potions_floor_usage":[],"damage_taken":[{"damage":16,"enemies":"2 Louse","floor":1,"turns":2},{"damage":0,"enemies":"Cultist","floor":4,"turns":3},{"damage":10,"enemies":"Small Slimes","floor":5,"turns":3},{"damage":13,"enemies":"Gremlin Nob","floor":7,"turns":4},{"damage":62,"enemies":"Lagavulin","floor":11,"turns":5}],"seed_played":"-6394524090370140933","potions_obtained":[{"floor":5,"key":"Dota2Spire:HealingSalve"}],"is_trial":false,"path_per_floor":["M","$","?","M","M","R","E","?","T","?","E"],"character_chosen":"DEFECT","items_purchased":["Omamori"],"campfire_rested":0,"item_purchase_floors":[2],"current_hp_per_floor":[65,65,65,67,59,59,48,37,37,45,0,0],"gold":258,"neow_bonus":"ONE_RARE_RELIC","is_daily":false,"chose_seed":false,"campfire_upgraded":1,"win_rate":0.0,"timestamp":1608538356,"path_taken":["M","$","?","?","?","R","E","?","T","?","E"],"items_purchased_type":["Relic"],"build_version":"2020-12-13","purchased_purges":0,"victory":false,"max_hp_per_floor":[81,81,81,83,85,85,87,87,87,87,87,87],"card_choices":[{"not_picked":["Doom and Gloom","Hologram"],"picked":"Sweeping Beam","floor":1},{"not_picked":["Blizzard","BasicCrystalCard"],"picked":"AT_DarkMatter","floor":4},{"not_picked":["Conserve Battery","Redo"],"picked":"BasicCrystalCard","floor":5},{"not_picked":["AT_HeatAcrobatics","Barrage"],"picked":"Beam Cell","floor":7}],"player_experience":167226,"relics_obtained":[{"floor":7,"key":"AT_BellDemon"},{"floor":9,"key":"Chameleon Ring"}],"event_choices":[{"cards_removed":["Defend_RM"],"damage_healed":0,"gold_gain":0,"player_choice":"Offered Basic","damage_taken":0,"max_hp_gain":0,"max_hp_loss":0,"event_name":"Bonfire Elementals","floor":3,"gold_loss":0},{"damage_healed":0,"gold_gain":75,"player_choice":"Gather Gold","damage_taken":11,"max_hp_gain":0,"max_hp_loss":0,"event_name":"World of Goop","floor":8,"gold_loss":0}],"is_beta":false,"boss_relics":[],"items_purged_floors":[],"is_endless":false,"potions_floor_spawned":[5],"killed_by":"Lagavulin","ascension_level":2}}