{"host":"kw4o7b3ro2ktmmbe","time":1608557285,"event":{"mods":["BaseMod","Minty Spire (QoL Compilation)","StSLib","The Florist","Treasure Hunter"],"gold_per_floor":[119,132,132,132,148,148,148,223,247,102,114,126,126,140,140,243,243,253,12,12,25,44,70,70,89,89,122,122,204,306,322,322,419,419,433,43,43,63,85,120,120,120,143,143,196,196,196,207,207,209],"floor_reached":51,"playtime":7672,"items_purged":[],"score":830,"play_id":"723b40f2-eaaa-4ab2-a7d1-ff3fff744341","local_time":"20201222022805","is_ascension_mode":false,"campfire_choices":[{"data":"Agrypnos:Poppy","floor":6.0,"key":"SMITH"},{"floor":13.0,"key":"REST"},{"data":"Agrypnos:Rot","floor":15.0,"key":"SMITH"},{"data":"Agrypnos:Harvest","floor":24.0,"key":"SMITH"},{"data":"Agrypnos:Winter","floor":32.0,"key":"SMITH"},{"data":"Agrypnos:MorningSun","floor":41.0,"key":"SMITH"},{"data":"Agrypnos:Harvest","floor":46.0,"key":"SMITH"},{"data":"Agrypnos:Wolfsbane","floor":49.0,"key":"SMITH"}],"circlet_count":0,"master_deck":["Agrypnos:BasicStrike","Agrypnos:BasicStrike","Agrypnos:BasicStrike","Agrypnos:BasicDefend","Agrypnos:BasicDefend","Agrypnos:BasicDefend","Agrypnos:BasicDefend","Agrypnos:Dandelion","Agrypnos:Trowel","Agrypnos:Autumn","Agrypnos:Poinsettia+1","Agrypnos:Poppy+1","TH:TreasureMap","Agrypnos:Harvest+1","Agrypnos:Rot+1","TH:BikiniMail","Agrypnos:Winter+1","Agrypnos:Wolfsbane+1","Agrypnos:Wolfsbane+1","TH:BikiniMail","Agrypnos:Tumbleweed+1","Agrypnos:Zinnia+1","TH:BikiniMail","TH:CopperCoins","TH:CopperCoins","Agrypnos:Sunflower+1","TH:DeckOfManyThings","Agrypnos:NaturePurity+1","Agrypnos:MorningSun+1","Agrypnos:Blossom+1","Agrypnos:Poppy+1","TH:BikiniMail","TH:BikiniMail","Agrypnos:Harvest+1","TH:CursedSword","TH:PixieDust","TH:BikiniMail","Agrypnos:CombTheEarth+1"],"relics":["Agrypnos:Floristry","Akabeko","Omamori","Chemical X","Coffee Dripper","Pantograph","HornCleat","Bottled Lightning","Toxic Egg 2","Mummified Hand","Kunai","Unceasing Top","Agrypnos:Greenhouse","SacredBark","Pear","Centennial Puzzle","Art of War","Bronze Scales","Incense Burner"],"acts_visited":["Exordium","TheCity","TheBeyond"],"potions_floor_usage":[50,50],"damage_taken":[{"damage":5.0,"enemies":"Small Slimes","floor":1.0,"turns":4.0},{"damage":0.0,"enemies":"Jaw Worm","floor":2.0,"turns":5.0},{"damage":4.0,"enemies":"Cultist","floor":5.0,"turns":5.0},{"damage":2.0,"enemies":"Looter","floor":11.0,"turns":3.0},{"damage":6.0,"enemies":"Exordium Wildlife","floor":12.0,"turns":8.0},{"damage":0.0,"enemies":"Blue Slaver","floor":14.0,"turns":5.0},{"damage":37.0,"enemies":"Slime Boss","floor":16.0,"turns":16.0},{"damage":0.0,"enemies":"Spheric Guardian","floor":18.0,"turns":9.0},{"damage":1.0,"enemies":"Chosen","floor":21.0,"turns":9.0},{"damage":0.0,"enemies":"Centurion and Healer","floor":22.0,"turns":8.0},{"damage":18.0,"enemies":"Book of Stabbing","floor":23.0,"turns":7.0},{"damage":4.0,"enemies":"Cultist and Chosen","floor":25.0,"turns":9.0},{"damage":0.0,"enemies":"Slavers","floor":27.0,"turns":5.0},{"damage":0.0,"enemies":"Colosseum Slavers","floor":30.0,"turns":1.0},{"damage":7.0,"enemies":"Colosseum Nobs","floor":30.0,"turns":8.0},{"damage":11.0,"enemies":"Snake Plant","floor":31.0,"turns":5.0},{"damage":16.0,"enemies":"Champ","floor":33.0,"turns":13.0},{"damage":0.0,"enemies":"Orb Walker","floor":35.0,"turns":5.0},{"damage":0.0,"enemies":"3 Darklings","floor":38.0,"turns":7.0},{"damage":0.0,"enemies":"Writhing Mass","floor":39.0,"turns":8.0},{"damage":27.0,"enemies":"Giant Head","floor":40.0,"turns":10.0},{"damage":0.0,"enemies":"Mind Bloom Boss Battle","floor":45.0,"turns":7.0},{"damage":63.0,"enemies":"Sphere and 2 Shapes","floor":48.0,"turns":9.0},{"damage":13,"enemies":"Donu and Deca","floor":50,"turns":13}],"seed_played":"-5105489714726030090","potions_obtained":[{"floor":1.0,"key":"Regen Potion"},{"floor":5.0,"key":"GamblersBrew"},{"floor":12.0,"key":"BlessingOfTheForge"},{"floor":22.0,"key":"Dexterity Potion"},{"floor":23.0,"key":"Strength Potion"},{"floor":25.0,"key":"DistilledChaos"},{"floor":27.0,"key":"SmokeBomb"},{"floor":30.0,"key":"EntropicBrew"},{"floor":35.0,"key":"SpeedPotion"},{"floor":39.0,"key":"FearPotion"},{"floor":40.0,"key":"Strength Potion"},{"floor":45.0,"key":"Weak Potion"}],"is_trial":false,"path_per_floor":["M","M","?","?","M","R","?","?","T","$","M","M","R","M","R","B",null,"M","$","?","M","M","E","R","M","T","E","?","T","?","M","R","B",null,"M","$","?","M","M","E","R","$","T","$","?","R","?","M","R","B",null],"character_chosen":"THE_FLORIST","items_purchased":["Chemical X","Pantograph","Pear","Centennial Puzzle"],"campfire_rested":1,"item_purchase_floors":[10,19,36,36],"current_hp_per_floor":[72,72,60,60,56,56,56,45,45,45,48,42,65,65,65,28,77,77,77,77,76,76,58,58,54,54,54,54,54,47,36,36,45,77,77,87,87,87,87,60,60,60,60,60,85,85,75,12,12,24],"gold":209,"neow_bonus":"TEN_PERCENT_HP_BONUS","is_daily":false,"chose_seed":false,"campfire_upgraded":7,"win_rate":0.0,"timestamp":1608557285,"path_taken":["M","M","?","?","?","R","?","?","T","?","M","M","R","?","R","BOSS","M","$","?","M","M","E","R","M","T","E","?","?","?","M","R","BOSS","M","$","?","M","?","E","R","$","T","?","?","R","?","M","R","BOSS"],"items_purchased_type":["Relic","Relic","Relic","Relic"],"build_version":"2020-12-13","purchased_purges":0,"victory":true,"max_hp_per_floor":[77,77,77,77,77,77,77,77,77,77,77,77,77,77,77,77,77,77,77,77,77,77,77,77,77,77,77,77,77,77,77,77,77,77,77,87,87,87,87,87,87,87,87,87,87,87,87,87,87,87],"card_choices":[{"not_picked":["Agrypnos:CombTheEarth","Agrypnos:Tumbleweed"],"picked":"Agrypnos:Autumn","floor":1.0},{"not_picked":["Agrypnos:Rot","Agrypnos:Tumbleweed"],"picked":"Agrypnos:Poinsettia","floor":2.0},{"not_picked":["Agrypnos:Rot","Agrypnos:StormShelter"],"picked":"Agrypnos:Poppy","floor":5.0},{"not_picked":["TH:CopperCoins"],"picked":"TH:TreasureMap","floor":9.0},{"not_picked":["Agrypnos:Prune","Agrypnos:Watering","Agrypnos:Till"],"picked":"SKIP","floor":11.0},{"not_picked":["Agrypnos:Watering","Agrypnos:Rake"],"picked":"Agrypnos:Harvest","floor":12.0},{"not_picked":["Agrypnos:Verdancy","Agrypnos:Tumbleweed"],"picked":"Agrypnos:Rot","floor":14.0},{"not_picked":["TH:DeckOfManyThings"],"picked":"TH:BikiniMail","floor":16.0},{"not_picked":["Agrypnos:Lotus","Agrypnos:GhostLily"],"picked":"Agrypnos:Winter","floor":16.0},{"not_picked":["Agrypnos:Shell","Agrypnos:Fertilize"],"picked":"Agrypnos:Wolfsbane","floor":18.0},{"not_picked":["Agrypnos:Hyacinth+1","Agrypnos:Shell"],"picked":"Agrypnos:Wolfsbane+1","floor":21.0},{"not_picked":["Agrypnos:SeedPacket","Agrypnos:StormShelter","Agrypnos:Shell"],"picked":"SKIP","floor":22.0},{"not_picked":["TH:DeckOfManyThings"],"picked":"TH:BikiniMail","floor":23.0},{"not_picked":["Agrypnos:FloralScent","Agrypnos:Hyacinth"],"picked":"Agrypnos:Tumbleweed+1","floor":23.0},{"not_picked":["Agrypnos:Shell+1","Agrypnos:Orchid"],"picked":"Agrypnos:Zinnia+1","floor":25.0},{"not_picked":["TH:CursedSword"],"picked":"TH:BikiniMail","floor":26.0},{"not_picked":["TH:EnergyPotion"],"picked":"TH:CopperCoins","floor":27.0},{"not_picked":["Agrypnos:Replanting+1","Agrypnos:GhostLily+1","Agrypnos:MorningGlory"],"picked":"SKIP","floor":27.0},{"not_picked":["TH:EnergyPotion"],"picked":"TH:CopperCoins","floor":29.0},{"not_picked":["Agrypnos:Cattail+1","Agrypnos:Zinnia+1"],"picked":"Agrypnos:Sunflower+1","floor":31.0},{"not_picked":["TH:CursedSword"],"picked":"TH:DeckOfManyThings","floor":33.0},{"not_picked":["Agrypnos:Kudzu","Agrypnos:Camellia"],"picked":"Agrypnos:NaturePurity+1","floor":33.0},{"not_picked":["Agrypnos:FloralScent+1","Agrypnos:Rot+1","Agrypnos:RoseGarden+1"],"picked":"SKIP","floor":35.0},{"not_picked":["Agrypnos:EntanglingVines","Agrypnos:Till"],"picked":"Agrypnos:Blossom+1","floor":38.0},{"not_picked":["Agrypnos:CombTheEarth+1","Agrypnos:Tumbleweed+1"],"picked":"Agrypnos:Poppy+1","floor":39.0},{"not_picked":["TH:Mimic"],"picked":"TH:BikiniMail","floor":40.0},{"not_picked":["Agrypnos:Till+1","Agrypnos:Bramble","Agrypnos:Leaf"],"picked":"SKIP","floor":40.0},{"not_picked":["TH:CopperCoins"],"picked":"TH:BikiniMail","floor":43.0},{"not_picked":["Agrypnos:Bramble","Agrypnos:Leaf+1"],"picked":"Agrypnos:Harvest","floor":45.0},{"not_picked":["TH:ElvenBoots","Flash of Steel"],"picked":"TH:CursedSword","floor":47.0},{"not_picked":["Good Instincts+1","Finesse+1"],"picked":"TH:PixieDust","floor":47.0},{"not_picked":["Secret Technique+1","Purity+1"],"picked":"TH:BikiniMail","floor":47.0},{"not_picked":["Agrypnos:Fertilize+1","Agrypnos:Tumbleweed+1"],"picked":"Agrypnos:CombTheEarth+1","floor":48.0}],"player_experience":1747632,"relics_obtained":[{"floor":9.0,"key":"Omamori"},{"floor":23.0,"key":"Bottled Lightning"},{"floor":26.0,"key":"Toxic Egg 2"},{"floor":27.0,"key":"Mummified Hand"},{"floor":29.0,"key":"Kunai"},{"floor":30.0,"key":"Unceasing Top"},{"floor":30.0,"key":"Agrypnos:Greenhouse"},{"floor":40.0,"key":"Art of War"},{"floor":43.0,"key":"Bronze Scales"},{"floor":45.0,"key":"Incense Burner"}],"event_choices":[{"damage_healed":0.0,"max_hp_gain":0.0,"max_hp_loss":0.0,"gold_gain":0.0,"event_name":"Scrap Ooze","player_choice":"Success","floor":3.0,"gold_loss":0.0,"damage_taken":12.0,"relics_obtained":["Akabeko"]},{"damage_healed":0.0,"max_hp_gain":0.0,"max_hp_loss":0.0,"gold_gain":0.0,"event_name":"NoteForYourself","player_choice":"Ignored","floor":4.0,"gold_loss":0.0,"damage_taken":0.0},{"damage_healed":0.0,"max_hp_gain":0.0,"max_hp_loss":0.0,"gold_gain":0.0,"event_name":"Living Wall","player_choice":"Grow","floor":7.0,"gold_loss":0.0,"damage_taken":0.0,"cards_upgraded":["Agrypnos:Poinsettia"]},{"damage_healed":0.0,"max_hp_gain":0.0,"max_hp_loss":0.0,"gold_gain":75.0,"event_name":"World of Goop","player_choice":"Gather Gold","floor":8.0,"gold_loss":0.0,"damage_taken":11.0},{"damage_healed":0.0,"max_hp_gain":0.0,"max_hp_loss":0.0,"gold_gain":0.0,"event_name":"Addict","player_choice":"Stole Relic","floor":20.0,"gold_loss":0.0,"damage_taken":0.0,"relics_obtained":["HornCleat"],"cards_obtained":["Shame"]},{"damage_healed":0.0,"max_hp_gain":0.0,"max_hp_loss":0.0,"gold_gain":0.0,"event_name":"Beggar","player_choice":"Ignored","floor":28.0,"gold_loss":0.0,"damage_taken":0.0},{"damage_healed":0.0,"max_hp_gain":0.0,"max_hp_loss":0.0,"gold_gain":0.0,"event_name":"Colosseum","player_choice":"Fight","floor":30.0,"gold_loss":0.0,"damage_taken":0.0},{"damage_healed":0.0,"max_hp_gain":0.0,"max_hp_loss":0.0,"gold_gain":0.0,"event_name":"Colosseum","player_choice":"Fought Nobs","floor":30.0,"gold_loss":0.0,"damage_taken":0.0},{"damage_healed":0.0,"max_hp_gain":0.0,"max_hp_loss":0.0,"gold_gain":0.0,"cards_transformed":["Agrypnos:BasicStrike"],"event_name":"Transmorgrifier","player_choice":"Transformed","floor":37.0,"gold_loss":0.0,"damage_taken":0.0,"cards_obtained":["Agrypnos:MorningSun"]},{"damage_healed":0.0,"max_hp_gain":0.0,"max_hp_loss":0.0,"gold_gain":0.0,"event_name":"MindBloom","player_choice":"Fight","floor":45.0,"gold_loss":0.0,"damage_taken":0.0},{"damage_healed":0.0,"max_hp_gain":0.0,"max_hp_loss":0.0,"gold_gain":0.0,"event_name":"SensoryStone","player_choice":"Memory 3","floor":47.0,"gold_loss":0.0,"damage_taken":10.0}],"is_beta":false,"boss_relics":[{"not_picked":["Black Star","Ectoplasm"],"picked":"Coffee Dripper"},{"not_picked":["Tiny House","Agrypnos:Floriculture"],"picked":"SacredBark"}],"items_purged_floors":[],"is_endless":false,"potions_floor_spawned":[1,5,12,22,23,25,27,30,35,39,40,45],"ascension_level":0}}