{"host":"6ko66ogg91i6g7xq","time":1608561631,"event":{"mods":["AchievementEnabler","Act Like it!","BaseMod","Colored Map","Colored Powertips","Downfall","Hermit","Minty Spire (QoL Compilation)","Quick Restart","Relic Stats","StSLib","The Jungle","everything is the same but u backflip on backflip"],"gold_per_floor":[118,65,140,155,330,330,364,364,388,124,141,170,183,201,201,302,352,371,387,450,450,466,500,500,530,579,604,604,604,136,147,147,249,249,259,259,259,25,25,25,53,53,78,98,131,131,146,5,5,5,5,5,5,39,39,39],"floor_reached":55,"playtime":2512,"items_purged":["Doubt"],"score":916,"play_id":"c856a0d2-8f8d-45ba-9bd3-a5318a2c90a1","local_time":"20201221094031","is_ascension_mode":false,"campfire_choices":[{"floor":6.0,"key":"RECALL"},{"data":"Dagger Spray","floor":8.0,"key":"SMITH"},{"data":"Finisher","floor":15.0,"key":"SMITH"},{"floor":28.0,"key":"REST"},{"floor":32.0,"key":"DIG"},{"floor":40,"key":"DIG"},{"floor":42,"key":"REST"},{"floor":46,"key":"DIG"},{"floor":49,"key":"DIG"},{"floor":52,"key":"DIG"}],"circlet_count":0,"master_deck":["Strike_G","Strike_G+1","Strike_G","Strike_G","Defend_G+1","Defend_G","Defend_G","Defend_G","Defend_G","Survivor","Neutralize+1","Blade Dance","Dagger Spray+1","Dagger Spray","Finisher+1","Leg Sweep","Storm of Steel","Dodge and Roll","Leg Sweep","Die Die Die","Dagger Spray","Blade Dance","Backflip","Adrenaline","Doppelganger","Phantasmal Killer+1","Burst+1","CurseOfTheBell","Madness+1","Madness+1","After Image","Backflip+1","Blade Dance+1","Terror+1"],"relics":["Ring of the Snake","NeowsBlessing","White Beast Statue","Orichalcum","Centennial Puzzle","Tiny House","Happy Flower","Akabeko","Toxic Egg 2","Whetstone","Juzu Bracelet","Nunchaku","Shovel","Torii","Toy Ornithopter","Ice Cream","Calling Bell","MealTicket","The Courier","Thread and Needle","Incense Burner","Bottled Lightning","Paper Crane","Boot","Bronze Scales","Singing Bowl","Blue Candle","StrikeDummy","InkBottle"],"acts_visited":["Exordium","TheCity","TheBeyond","TheEnding"],"potions_floor_usage":[35,41,45,47,50,50,55],"damage_taken":[{"damage":0.0,"enemies":"Small Slimes","floor":1.0,"turns":1.0},{"damage":0.0,"enemies":"2 Louse","floor":4.0,"turns":1.0},{"damage":0.0,"enemies":"3 Sentries","floor":7.0,"turns":1.0},{"damage":0.0,"enemies":"Jaw Worm","floor":11.0,"turns":3.0},{"damage":4.0,"enemies":"Gremlin Nob","floor":12.0,"turns":4.0},{"damage":0.0,"enemies":"Exordium Wildlife","floor":13.0,"turns":4.0},{"damage":0.0,"enemies":"2 Fungi Beasts","floor":14.0,"turns":2.0},{"damage":20.0,"enemies":"Hexaghost","floor":16.0,"turns":11.0},{"damage":4.0,"enemies":"2 Thieves","floor":18.0,"turns":2.0},{"damage":0.0,"enemies":"3 Byrds","floor":19.0,"turns":2.0},{"damage":14.0,"enemies":"Snecko","floor":20.0,"turns":5.0},{"damage":5.0,"enemies":"Shelled Parasite and Fungi","floor":22.0,"turns":2.0},{"damage":26.0,"enemies":"Book of Stabbing","floor":23.0,"turns":7.0},{"damage":8.0,"enemies":"Gremlin Leader","floor":25.0,"turns":6.0},{"damage":0.0,"enemies":"Slavers","floor":27.0,"turns":1.0},{"damage":0.0,"enemies":"Centurion and Healer","floor":31.0,"turns":1.0},{"damage":47.0,"enemies":"Automaton","floor":33.0,"turns":8.0},{"damage":14,"enemies":"3 Shapes","floor":35,"turns":5},{"damage":40,"enemies":"Nemesis","floor":41,"turns":9},{"damage":0,"enemies":"Orb Walker","floor":44,"turns":2},{"damage":0,"enemies":"Reptomancer","floor":45,"turns":5},{"damage":1,"enemies":"Transient","floor":47,"turns":5},{"damage":12,"enemies":"Awakened One","floor":50,"turns":17},{"damage":55,"enemies":"Shield and Spear","floor":54,"turns":7},{"damage":77,"enemies":"The Heart","floor":55,"turns":5}],"seed_played":"-6651471731333050833","potions_obtained":[{"floor":11.0,"key":"Weak Potion"},{"floor":12.0,"key":"SteroidPotion"},{"floor":13.0,"key":"FairyPotion"},{"floor":14.0,"key":"SpeedPotion"},{"floor":16.0,"key":"SteroidPotion"},{"floor":17.0,"key":"TwistedElixir"},{"floor":18.0,"key":"LiquidMemories"},{"floor":19.0,"key":"Ancient Potion"},{"floor":20.0,"key":"DistilledChaos"},{"floor":20.0,"key":"Guardian:BlockOnCardUsePotion"},{"floor":22.0,"key":"Slimebound:ThreeZeroPotion"},{"floor":23.0,"key":"BlessingOfTheForge"},{"floor":25.0,"key":"AttackPotion"},{"floor":27.0,"key":"SteroidPotion"},{"floor":31.0,"key":"Weak Potion"},{"floor":33.0,"key":"SkillPotion"},{"floor":35,"key":"Block Potion"},{"floor":41,"key":"BlessingOfTheForge"},{"floor":44,"key":"AttackPotion"},{"floor":45,"key":"SpeedPotion"},{"floor":47,"key":"GamblersBrew"},{"floor":54,"key":"DistilledChaos"}],"is_trial":false,"path_per_floor":["M","$","?","M","?","R","E","R","T","$","M","E","M","M","R","B",null,"M","M","M","?","M","E","T","E","T","E","R","?","$","M","R","B",null,"M","?","?","$","?","R","E","R","T","M","E","R","M","$","R","B",null,"R","$","E","B"],"character_chosen":"THE_SILENT","items_purchased":["Dagger Spray","Finisher","Orichalcum","Torii","Toy Ornithopter","Incense Burner","CunningPotion","FairyPotion"],"campfire_rested":2,"item_purchase_floors":[2,10,10,30,30,38,48,48],"current_hp_per_floor":[70,70,59,59,59,59,59,59,59,59,59,55,55,55,55,35,75,71,71,57,57,52,26,26,18,18,18,40,40,40,45,45,22,75,61,61,52,67,67,67,32,54,54,54,59,59,65,77,77,66,77,77,77,22,0,0],"gold":39,"neow_bonus":"THREE_ENEMY_KILL","is_daily":false,"chose_seed":false,"campfire_upgraded":2,"win_rate":0.0,"timestamp":1608561631,"path_taken":["M","$","?","M","?","R","E","R","T","?","M","E","?","M","R","BOSS","M","M","M","?","M","E","?","E","T","E","R","?","$","M","R","BOSS","M","?","?","$","?","R","E","R","T","M","E","R","M","$","R","BOSS","R","$","E","BOSS"],"items_purchased_type":["Card","Card","Relic","Relic","Relic","Relic","Potion","Potion"],"build_version":"2020-12-13","purchased_purges":1,"victory":false,"max_hp_per_floor":[70,70,70,70,70,70,70,70,70,70,70,70,70,70,70,70,75,75,75,75,75,75,75,75,75,75,75,75,75,75,75,75,75,75,75,75,75,75,75,75,75,75,75,75,75,75,77,77,77,77,77,77,77,77,77,77],"relic_stats":{"Happy Flower":[26],"Torii":11,"Singing Bowl":2,"counters":[25,116],"Blue Candle":[2],"Juzu Bracelet":1,"Whetstone":["Strike_G","Neutralize"],"Orichalcum":[192],"Boot":[119],"Centennial Puzzle":[38],"Nunchaku":[25],"Shovel":5,"Bronze Scales":[168],"MealTicket":27,"obtain_stats":[{"Ice Cream":32,"Tiny House":17,"Torii":30,"Singing Bowl":46,"Juzu Bracelet":26,"Incense Burner":38,"Whetstone":25,"Boot":43,"Centennial Puzzle":12,"Nunchaku":27,"Shovel":29,"MealTicket":34,"Toxic Egg 2":24,"InkBottle":54,"Ring of the Snake":0,"NeowsBlessing":0,"Happy Flower":20,"Blue Candle":49,"Thread and Needle":34,"The Courier":34,"Orichalcum":10,"Paper Crane":41,"White Beast Statue":7,"Akabeko":23,"Calling Bell":34,"Bronze Scales":45,"Bottled Lightning":40,"StrikeDummy":52,"Toy Ornithopter":30},{"Ice Cream":16,"Tiny House":8,"Torii":15,"Singing Bowl":21,"Juzu Bracelet":14,"Incense Burner":18,"Whetstone":14,"Boot":19,"Centennial Puzzle":5,"Nunchaku":15,"Shovel":15,"MealTicket":17,"Toxic Egg 2":13,"InkBottle":24,"Ring of the Snake":0,"NeowsBlessing":0,"Happy Flower":11,"Blue Candle":22,"Thread and Needle":17,"The Courier":17,"Orichalcum":3,"Paper Crane":19,"White Beast Statue":3,"Akabeko":13,"Calling Bell":17,"Bronze Scales":21,"Bottled Lightning":18,"StrikeDummy":23,"Toy Ornithopter":15},{"Ice Cream":53,"Tiny House":27,"Torii":52,"Singing Bowl":82,"Juzu Bracelet":51,"Incense Burner":66,"Whetstone":51,"Boot":75,"Centennial Puzzle":10,"Nunchaku":52,"Shovel":52,"MealTicket":61,"Toxic Egg 2":45,"InkBottle":111,"Ring of the Snake":0,"NeowsBlessing":0,"Happy Flower":36,"Blue Candle":87,"Thread and Needle":61,"The Courier":61,"Orichalcum":3,"Paper Crane":75,"White Beast Statue":3,"Akabeko":45,"Calling Bell":61,"Bronze Scales":82,"Bottled Lightning":66,"StrikeDummy":104,"Toy Ornithopter":52}],"Toy Ornithopter":26,"InkBottle":[2],"Ring of the Snake":[50]},"card_choices":[{"not_picked":["Outmaneuver","Prepared"],"picked":"Blade Dance","floor":1.0},{"not_picked":["Blur","Concentrate"],"picked":"Dagger Spray","floor":4.0},{"not_picked":["Dagger Throw","Catalyst","Riddle With Holes"],"picked":"SKIP","floor":7.0},{"not_picked":["Underhanded Strike","Quick Slash"],"picked":"Leg Sweep","floor":11.0},{"not_picked":["Sucker Punch","Dagger Spray"],"picked":"Storm of Steel","floor":12.0},{"not_picked":["Prepared","All Out Attack"],"picked":"Dodge and Roll","floor":13.0},{"not_picked":["Acrobatics","PiercingWail"],"picked":"Leg Sweep","floor":14.0},{"not_picked":["Bullet Time","Venomology"],"picked":"Die Die Die","floor":16.0},{"not_picked":["Backflip","Slice"],"picked":"Dagger Spray","floor":17.0},{"not_picked":["Calculated Gamble","Deadly Poison"],"picked":"Blade Dance","floor":18.0},{"not_picked":["Poisoned Stab+1","Acrobatics"],"picked":"Backflip","floor":19.0},{"not_picked":["Dagger Spray+1","Deadly Poison"],"picked":"Adrenaline","floor":20.0},{"not_picked":["Flechettes","PiercingWail","Flying Knee"],"picked":"SKIP","floor":22.0},{"not_picked":["Noxious Fumes","Cloak And Dagger"],"picked":"Doppelganger","floor":23.0},{"not_picked":["Bane+1","Deadly Poison+1","Poisoned Stab"],"picked":"SKIP","floor":25.0},{"not_picked":["Slice+1","Riddle With Holes+1"],"picked":"Phantasmal Killer+1","floor":27.0},{"not_picked":["Dodge and Roll+1","All Out Attack","Slice+1"],"picked":"SKIP","floor":31.0},{"not_picked":["Bullet Time+1","Adrenaline+1"],"picked":"Burst+1","floor":33.0},{"not_picked":["Quick Slash+1","Masterful Stab+1","Prepared+1"],"picked":"SKIP","floor":35},{"not_picked":["Envenom","Blur+1"],"picked":"After Image","floor":41},{"not_picked":["Dagger Throw+1","Endless Agony+1"],"picked":"Backflip+1","floor":44},{"not_picked":["Deflect+1","Sucker Punch"],"picked":"Blade Dance+1","floor":45},{"not_picked":["Heel Hook+1","Prepared+1","Backflip+1"],"picked":"Singing Bowl","floor":47},{"not_picked":["Accuracy","Burst+1"],"picked":"Terror+1","floor":54}],"player_experience":246764,"relics_obtained":[{"floor":7.0,"key":"White Beast Statue"},{"floor":12.0,"key":"Centennial Puzzle"},{"floor":20.0,"key":"Happy Flower"},{"floor":23.0,"key":"Akabeko"},{"floor":24.0,"key":"Toxic Egg 2"},{"floor":25.0,"key":"Whetstone"},{"floor":26.0,"key":"Juzu Bracelet"},{"floor":27.0,"key":"Nunchaku"},{"floor":32.0,"key":"Ice Cream"},{"floor":34.0,"key":"MealTicket"},{"floor":34.0,"key":"The Courier"},{"floor":34.0,"key":"Thread and Needle"},{"floor":40,"key":"Bottled Lightning"},{"floor":41,"key":"Paper Crane"},{"floor":43,"key":"Boot"},{"floor":45,"key":"Bronze Scales"},{"floor":46,"key":"Singing Bowl"},{"floor":49,"key":"Blue Candle"},{"floor":52,"key":"StrikeDummy"},{"floor":54,"key":"InkBottle"}],"event_choices":[{"damage_healed":0.0,"max_hp_gain":0.0,"max_hp_loss":0.0,"gold_gain":75.0,"event_name":"World of Goop","player_choice":"Gather Gold","floor":3.0,"gold_loss":0.0,"damage_taken":11.0},{"damage_healed":0.0,"max_hp_gain":0.0,"max_hp_loss":0.0,"gold_gain":175.0,"event_name":"Liars Game","player_choice":"AGREE","floor":5.0,"gold_loss":0.0,"damage_taken":0.0,"cards_obtained":["Doubt"]},{"damage_healed":0.0,"max_hp_gain":0.0,"max_hp_loss":0.0,"gold_gain":0.0,"event_name":"Ghosts","player_choice":"Ignored","floor":21.0,"gold_loss":0.0,"damage_taken":0.0},{"damage_healed":0.0,"max_hp_gain":0.0,"max_hp_loss":0.0,"gold_gain":0.0,"event_name":"The Mausoleum","player_choice":"Opened","floor":29.0,"gold_loss":0.0,"damage_taken":0.0,"relics_obtained":["Shovel"]},{"damage_healed":0,"gold_gain":0,"player_choice":"Ignored","damage_taken":0,"max_hp_gain":0,"max_hp_loss":0,"event_name":"Tomb of Lord Red Mask","floor":36,"gold_loss":0},{"damage_healed":0,"gold_gain":0,"player_choice":"Embrace Madness","damage_taken":9,"max_hp_gain":0,"max_hp_loss":0,"event_name":"Winding Halls","floor":37,"gold_loss":0,"cards_obtained":["Madness","Madness"]},{"cards_removed":["Strike_G"],"damage_healed":0,"gold_gain":0,"player_choice":"Removed Attack","damage_taken":0,"max_hp_gain":0,"max_hp_loss":0,"event_name":"Falling","floor":39,"gold_loss":0}],"is_beta":false,"boss_relics":[{"not_picked":["Fusion Hammer","Busted Crown"],"picked":"Tiny House"},{"not_picked":["HoveringKite","Empty Cage"],"picked":"Calling Bell"}],"items_purged_floors":[10],"is_endless":false,"potions_floor_spawned":[11,12,13,14,16,18,19,20,22,23,25,27,31,33,35,41,44,45,47,54],"killed_by":"The Heart","ascension_level":0}}