{"host":"lytueob6x0yvfkof","time":1608526286,"event":{"mods":["Act Like it!","Aspiration","Bard","BaseMod","Beaked The Cultist","Colored Map","Conspire","Downfall","Glutton Mod","Halation","Hallownest","HololiveMod","Hubris","Infinite Spire","Jedi Mod","Mad Scientist","Marisa????????","Mimic Mod","Minty Spire (QoL Compilation)","Potionbrewer","Reimu??????","Remilia??????","Replay The Spire","Somnambulant","StSLib","The Bug Knight","The Clintock","The Construct","The Cursed","The Disciple","The Elementalist","The Exalted","The Forsaken","The Hierophant","The Jungle","The Mystic","The Runesmith","The Servant 0.9.4","TheArtist","TheBandit","Yuyuko","vexMod"],"gold_per_floor":[99,99,99,99,24,52,52,64,112,37,22,22,35,52,69,169,169,169,169,80,109,129,129,163,88,121,121,221,237,255,272,290,393,393,393,406,406,431,431,456,525,583,602,634,644,289,322,334,353,353],"floor_reached":51,"playtime":6223,"items_purged":["hexamod:Sear"],"score":767,"play_id":"9343900e-e053-47e2-ad68-a5c8c1a45a94","local_time":"20201221045126","is_ascension_mode":false,"campfire_choices":[{"floor":1,"key":"RECALL"},{"data":"hexamod:SpectralAdrenaline","floor":5,"key":"SMITH"},{"data":"hexamod:Float","floor":10,"key":"SMITH"},{"data":"hexamod:AdvancingGuard","floor":18,"key":"SMITH"},{"floor":23,"key":"REST"},{"data":"hexamod:SoulSteal","floor":25,"key":"SMITH"},{"data":"hexamod:HexaLevel","floor":27,"key":"SMITH"},{"data":"hexamod:Rewind","floor":35,"key":"SMITH"},{"data":"hexamod:ThermalTransfer","floor":37,"key":"SMITH"}],"circlet_count":0,"master_deck":["hexamod:Strike+1","hexamod:Strike","hexamod:Strike","hexamod:Strike","hexamod:Defend","hexamod:Defend","hexamod:Defend+1","hexamod:Defend","hexamod:Float+1","hexamod:SpectralAdrenaline+1","hexamod:BurningTouch+1","hexamod:Hexaguard","hexamod:ChargedBarrage+1","hexamod:ThermalTransfer+1","hexamod:PhantomCloak","hexamod:ExtraCrispy+1","hexamod:NightmareStrike","hexamod:AdvancingGuard+1","hexamod:GhostOfSpireFuture","hexamod:EmpoweredFlame+1","hexamod:StepThrough+1","hexamod:FirstSeal","hexamod:SoulSteal+1","hexamod:HeatMetal","hexamod:ThermalTransfer+1","hexamod:HexaLevel+1","hexamod:GhostShield+1","hexamod:DynamicBlow+1","hexamod:StepThrough+1","hexamod:PhantomFireball","hexamod:HeatMetal","hexamod:GhostOfSpirePresent+1","hexamod:Rewind+1","hexamod:ThirdSeal","hexamod:FastForward+1","hexamod:ThermalTransfer+1","hexamod:CatchUp+1","hexamod:BacktrackSmack+1","hexamod:HauntingEcho","hexamod:EtherealExpedition","hexamod:Hexaguard","hexamod:EtherealExpedition","hexamod:SoulSteal+1","hexamod:GhostflameBarrier","hexamod:SwordOfDarkness","hexamod:FirstSeal","hexamod:HeatMetal","hexamod:TimeOfNeed","hexamod:AdvancingGuard+1"],"relics":["hexamod:SpiritBrand","downfall:HeartsMalice","downfall:HeartBlessingRed","vexMod:BarristanHead","Lantern","downfall:HeartBlessingGreen","potionbrewer:BhaskarasWheel","downfall:RedIOU","jedi:shrinkray","downfall:HeartBlessingBlue","vexMod:InvisibilityCloak","jedi:firstaidkit","Replay:Bottled Steam","hubris:RunicObelisk","hubris:Icosahedron","ReplayTheSpireMod:Shallot","jedi:purplefairy","hexamod:TheBrokenSeal","Bromod:ArcaneMomentum","Strange Spoon","conspire:GlowingRock"],"acts_visited":["Exordium","TheCity","TheBeyond"],"potions_floor_usage":[42,44],"damage_taken":[{"damage":0,"enemies":"Cultist","floor":3,"turns":1},{"damage":0,"enemies":"2 Louse","floor":4,"turns":1},{"damage":0,"enemies":"3 Sentries","floor":6,"turns":1},{"damage":0,"enemies":"Jaw Worm","floor":8,"turns":3},{"damage":0,"enemies":"downfall:FleeingMerchant","floor":11,"turns":4},{"damage":0,"enemies":"Large Slime","floor":13,"turns":3},{"damage":4,"enemies":"Gremlin Gang","floor":14,"turns":7},{"damage":0,"enemies":"3 Louse","floor":15,"turns":3},{"damage":27,"enemies":"downfall:Ironclad","floor":16,"turns":9},{"damage":0,"enemies":"downfall:FleeingMerchant","floor":20,"turns":4},{"damage":29,"enemies":"Replay:Snechameleon","floor":21,"turns":6},{"damage":16,"enemies":"conspire:FuzzyDice","floor":22,"turns":8},{"damage":8,"enemies":"Chosen","floor":24,"turns":10},{"damage":29,"enemies":"Book of Stabbing","floor":26,"turns":7},{"damage":46,"enemies":"downfall:Defect","floor":28,"turns":8},{"damage":0,"enemies":"Chosen","floor":29,"turns":3},{"damage":10,"enemies":"Snake Plant","floor":30,"turns":4},{"damage":0,"enemies":"conspire:HollyBat","floor":31,"turns":9},{"damage":28,"enemies":"Cultist and Chosen","floor":32,"turns":8},{"damage":63,"enemies":"downfall:Silent","floor":33,"turns":10},{"damage":12,"enemies":"3 Shapes","floor":36,"turns":6},{"damage":26,"enemies":"3 Darklings","floor":38,"turns":7},{"damage":32,"enemies":"Sphere and 2 Shapes","floor":40,"turns":6},{"damage":103,"enemies":"2 Orb Walkers","floor":42,"turns":8},{"damage":7,"enemies":"Maw","floor":43,"turns":8},{"damage":66,"enemies":"Nemesis","floor":44,"turns":6},{"damage":0,"enemies":"4 Shapes","floor":45,"turns":5},{"damage":0,"enemies":"downfall:FleeingMerchant","floor":46,"turns":4},{"damage":4,"enemies":"Sphere and 2 Shapes","floor":47,"turns":5},{"damage":23,"enemies":"Sphere and 2 Shapes","floor":48,"turns":5},{"damage":42,"enemies":"Writhing Mass","floor":49,"turns":4},{"damage":13,"enemies":"downfall:Defect","floor":50,"turns":7}],"seed_played":"-4914989933483058239","potions_obtained":[{"floor":2,"key":"FearPotion"},{"floor":2,"key":"MagicPotion:ReiMu"},{"floor":2,"key":"Swift Potion"},{"floor":13,"key":"AttackPotion"},{"floor":44,"key":"Fire Potion"},{"floor":48,"key":"Elixir"}],"is_trial":false,"path_per_floor":["R","?","M","M","R","E","T","M","?","R","$","?","M","M","M","B",null,"R","?","$","E","M","R","MIM","R","E","R","?","M","M","M","M","B",null,"R","M","R","M","?","M","T","?","M","E","M","$","MIM","M","M","B",null],"character_chosen":"THE_SPIRIT","items_purchased":["hexamod:GhostOfSpireFuture","Strange Spoon","hexamod:FirstSeal","hexamod:HeatMetal"],"campfire_rested":1,"item_purchase_floors":[20,46,46,46],"current_hp_per_floor":[70,70,70,70,70,70,70,70,53,53,60,60,60,63,70,43,70,70,70,70,41,32,53,52,62,47,47,15,15,21,35,34,41,80,80,75,75,80,80,78,78,35,90,49,56,56,59,61,36,40],"gold":353,"neow_bonus":"THREE_ENEMY_KILL","is_daily":false,"chose_seed":false,"campfire_upgraded":7,"win_rate":0.0,"timestamp":1608526286,"path_taken":["R","?","?","M","R","E","T","M","?","R","$","?","M","?","M","BOSS","R","?","$","E","M","R","MIM","R","E","R","?","M","M","M","M","BOSS","R","M","R","M","?","M","T","?","M","E","M","?","?","?","M","BOSS"],"items_purchased_type":["Card","Relic","Card","Card"],"build_version":"2020-12-13","purchased_purges":1,"victory":true,"max_hp_per_floor":[70,70,70,70,70,70,70,70,70,70,70,70,70,70,70,70,70,70,70,70,70,70,70,70,80,80,80,80,80,80,80,80,80,80,80,80,80,80,80,80,80,80,90,90,90,90,90,90,90,90],"card_choices":[{"not_picked":["hexamod:Firestarter","hexamod:GhostOfSpirePast"],"picked":"hexamod:SpectralAdrenaline","floor":3},{"not_picked":["hexamod:DynamicBlow","hexamod:NightmareGuise"],"picked":"hexamod:BurningTouch","floor":4},{"not_picked":["hexamod:NecessarySacrifice","hexamod:HeatShield"],"picked":"hexamod:FirstSeal","floor":6},{"not_picked":["hexamod:RainOfEmbers","hexamod:Rewind"],"picked":"hexamod:Hexaguard","floor":8},{"not_picked":["hexamod:SoulSteal","hexamod:FirstSeal"],"picked":"hexamod:ChargedBarrage","floor":9},{"not_picked":["hexamod:InspiringFlames","hexamod:HeatShield"],"picked":"hexamod:ThermalTransfer","floor":9},{"not_picked":["hexamod:RainOfEmbers","hexamod:EtherealExpedition"],"picked":"hexamod:PhantomCloak","floor":11},{"not_picked":["hexamod:SearingWound","hexamod:CatchUp"],"picked":"hexamod:ExtraCrispy","floor":13},{"not_picked":["hexamod:NightmareGuise","hexamod:ThermalTransfer"],"picked":"hexamod:NightmareStrike","floor":14},{"not_picked":["hexamod:FastForward","hexamod:RecurringNightmare"],"picked":"hexamod:AdvancingGuard","floor":15},{"not_picked":["hexamod:CrushingStance","hexamod:WildfireWeapon"],"picked":"hexamod:SixthSeal","floor":16},{"not_picked":["hexamod:ExtraCrispy","hexamod:RainOfEmbers"],"picked":"hexamod:ThirdSeal","floor":20},{"not_picked":["hexamod:NightmareStrike+1","hexamod:SwordOfDarkness"],"picked":"hexamod:EmpoweredFlame","floor":21},{"not_picked":["hexamod:Firestarter+1","hexamod:GhostLash"],"picked":"hexamod:StepThrough","floor":22},{"not_picked":["hexamod:GhostflameBarrier+1","hexamod:ShieldOfDarkness"],"picked":"hexamod:FirstSeal","floor":22},{"not_picked":["hexamod:NightmareStrike+1","hexamod:GhostOfSpirePast"],"picked":"hexamod:SoulSteal","floor":24},{"not_picked":["hexamod:NecessarySacrifice+1","hexamod:HeatCrush"],"picked":"hexamod:HeatMetal","floor":24},{"not_picked":["hexamod:SoulSteal","hexamod:DynamicBlow"],"picked":"hexamod:ThermalTransfer","floor":26},{"not_picked":["hexamod:GhostOfSpirePresent","hexamod:AdvancingGuard"],"picked":"hexamod:HexaLevel","floor":26},{"not_picked":["hexamod:NecessarySacrifice","hexamod:InspiringFlames"],"picked":"hexamod:GhostShield+1","floor":28},{"not_picked":["hexamod:NecessarySacrifice","hexamod:ChargedBarrage"],"picked":"hexamod:DynamicBlow+1","floor":29},{"not_picked":["hexamod:NightmareStrike","hexamod:Firestarter"],"picked":"hexamod:StepThrough+1","floor":30},{"not_picked":["hexamod:GhostLash","hexamod:NightmareGuise+1"],"picked":"hexamod:PhantomFireball","floor":30},{"not_picked":["hexamod:ChargedBarrage","hexamod:NightmareStrike"],"picked":"hexamod:HeatMetal","floor":31},{"not_picked":["hexamod:SwordOfDarkness","hexamod:RadiantFlame"],"picked":"hexamod:GhostOfSpirePresent+1","floor":31},{"not_picked":["hexamod:ExtraCrispy+1","hexamod:Firestarter"],"picked":"hexamod:Rewind","floor":32},{"not_picked":["hexamod:Haunt","hexamod:BurningTouch"],"picked":"hexamod:ThirdSeal","floor":32},{"not_picked":["hexamod:TimeWarp","hexamod:WildfireWeapon"],"picked":"hexamod:FifthSeal","floor":33},{"not_picked":["hexamod:ThirdSeal","hexamod:FourthSeal"],"picked":"hexamod:SecondSeal","floor":36},{"not_picked":["hexamod:BacktrackSmack+1","hexamod:SpectralAdrenaline"],"picked":"hexamod:FastForward+1","floor":36},{"not_picked":["hexamod:ShieldOfDarkness+1","hexamod:NecessarySacrifice"],"picked":"hexamod:ThermalTransfer+1","floor":36},{"not_picked":["hexamod:SecondSeal","hexamod:FirstSeal"],"picked":"hexamod:FourthSeal","floor":38},{"not_picked":["hexamod:ShieldOfDarkness","hexamod:HauntingEcho"],"picked":"hexamod:CatchUp+1","floor":38},{"not_picked":["hexamod:RainOfEmbers","hexamod:ThermalTransfer+1"],"picked":"hexamod:BacktrackSmack+1","floor":38},{"not_picked":["hexamod:BurningTouch+1","hexamod:HeatShield"],"picked":"hexamod:HauntingEcho","floor":40},{"not_picked":["hexamod:Haunt","hexamod:FastForward+1"],"picked":"hexamod:EtherealExpedition","floor":40},{"not_picked":["hexamod:BacktrackSmack","hexamod:ShieldOfDarkness"],"picked":"hexamod:Hexaguard","floor":40},{"not_picked":["hexamod:BacktrackSmack+1","hexamod:FastForward+1"],"picked":"hexamod:EtherealExpedition","floor":42},{"not_picked":["hexamod:NightmareGuise","hexamod:AdvancingGuard"],"picked":"hexamod:SoulSteal+1","floor":43},{"not_picked":["hexamod:RainOfEmbers+1","hexamod:NightmareStrike+1","hexamod:ExtraCrispy+1"],"picked":"SKIP","floor":43},{"not_picked":["hexamod:GhostLash","hexamod:InspiringFlames"],"picked":"hexamod:GhostflameBarrier","floor":44},{"not_picked":["hexamod:Hexaguard","hexamod:CrushingStance","hexamod:RainOfEmbers+1"],"picked":"SKIP","floor":44},{"not_picked":["hexamod:RecurringNightmare","hexamod:Firestarter"],"picked":"hexamod:SwordOfDarkness","floor":45},{"not_picked":["hexamod:Firestarter","hexamod:ShieldOfDarkness+1","hexamod:ThirdSeal"],"picked":"SKIP","floor":46},{"not_picked":["hexamod:Firestarter+1","hexamod:Hexaguard+1"],"picked":"hexamod:TimeOfNeed","floor":47},{"not_picked":["hexamod:NightmareStrike+1","hexamod:SpectersWail+1"],"picked":"hexamod:AdvancingGuard+1","floor":48},{"not_picked":["hexamod:ShieldOfDarkness","hexamod:InspiringFlames+1","hexamod:GhostLash"],"picked":"SKIP","floor":48},{"not_picked":["hexamod:Haunt","hexamod:RainOfEmbers+1","hexamod:SpectersWail+1"],"picked":"SKIP","floor":49}],"player_experience":184421,"relics_obtained":[{"floor":6,"key":"vexMod:BarristanHead"},{"floor":7,"key":"Lantern"},{"floor":9,"key":"Bag of Marbles"},{"floor":21,"key":"jedi:shrinkray"},{"floor":26,"key":"vexMod:InvisibilityCloak"},{"floor":28,"key":"jedi:firstaidkit"},{"floor":28,"key":"Replay:Bottled Steam"},{"floor":41,"key":"ReplayTheSpireMod:Shallot"},{"floor":42,"key":"jedi:purplefairy"},{"floor":44,"key":"Bromod:ArcaneMomentum"},{"floor":47,"key":"conspire:GlowingRock"}],"event_choices":[{"damage_healed":0,"gold_gain":0,"player_choice":"Got Potions","damage_taken":0,"max_hp_gain":0,"max_hp_loss":0,"event_name":"Lab","floor":2,"gold_loss":0},{"damage_healed":0,"gold_gain":0,"player_choice":"Ignored","damage_taken":0,"max_hp_gain":0,"max_hp_loss":0,"event_name":"NoteForYourself","floor":12,"gold_loss":0},{"damage_healed":0,"gold_gain":0,"player_choice":"Fight","damage_taken":0,"max_hp_gain":0,"max_hp_loss":0,"event_name":"Mysterious Sphere","floor":42,"gold_loss":0}],"is_beta":false,"boss_relics":[{"not_picked":["Snecko Eye","Black Star"],"picked":"potionbrewer:BhaskarasWheel"},{"not_picked":["Pandora\u0027s Box","Replay:Cursed D8"],"picked":"hubris:RunicObelisk"}],"items_purged_floors":[46],"is_endless":false,"potions_floor_spawned":[8,13,14,16,21,26,28,29,31,36,38,44,48,49],"ascension_level":0}}