{"host":"gtsam8qo3hezee2t","time":1608511853,"event":{"mods":["Ascension Reborn","BaseMod","Card Forge","Colored Map","Colored Powertips","Conspire","DeckTracker","Downfall","Energized Spire","Friendly Minions","Halation","Highlight Path","Hubris","Infinite Spire","Luminous","Minty Spire (QoL Compilation)","Random Character Mod","Relic Sorter","Relic Stats","Replay The Spire","ShortenTheSpire","Spikes Relics","StSLib","Td1madao Mod","The Cursed","The Jungle","The Wild Card"],"gold_per_floor":[99,99,127,127,143,153,206,220,220,249,261,275,275,111,121,121,121],"floor_reached":16,"playtime":1348,"items_purged":[],"score":137,"play_id":"52da03bf-c59e-4d60-8ac9-08392fd16a16","local_time":"20201220195053","is_ascension_mode":true,"campfire_choices":[{"data":"Slimebound:Tackle","floor":1,"key":"SMITH"},{"data":"Slimebound:CorrosiveSpit","floor":9,"key":"SMITH"}],"circlet_count":0,"master_deck":["Slimebound:Strike_Slimebound","Slimebound:Strike_Slimebound","Slimebound:Strike_Slimebound","Slimebound:Tackle+1","Slimebound:Defend_Slimebound","Slimebound:Defend_Slimebound","Slimebound:Defend_Slimebound","Slimebound:Defend_Slimebound","Slimebound:Split","Slimebound:CorrosiveSpit+1","Slimebound:SamplingLick","Slimebound:LevelUp","Slimebound:SplitMire","Slimebound:SamplingLick","Slimebound:SplitBruiser","Slimebound:PrepareCrush","Slimebound:Grow","Slimebound:SplitAcid","Slimebound:ItLooksTasty","Looming Evil","Slimebound:Grow","Slimebound:SplitBruiser"],"relics":["Slimebound:AbsorbEndCombat","hubris:OldNail","Hammer of Thor","Seething Fire","Anvil of the Gods","downfall:HeartsMalice","Lantern","hubris:SlimyHat","MiniBlackHole"],"acts_visited":["Exordium"],"potions_floor_usage":[16],"damage_taken":[{"damage":0,"enemies":"Small Slimes","floor":2,"turns":1},{"damage":0,"enemies":"Replay:BlueRogue","floor":3,"turns":1},{"damage":0,"enemies":"conspire:RoseBush","floor":4,"turns":1},{"damage":17,"enemies":"Cultist","floor":5,"turns":3},{"damage":26,"enemies":"Gremlin Gang","floor":6,"turns":4},{"damage":16,"enemies":"Blue Slaver","floor":8,"turns":3},{"damage":35,"enemies":"3 Sentries","floor":10,"turns":5},{"damage":22,"enemies":"3 Louse","floor":11,"turns":4},{"damage":8,"enemies":"2 Fungi Beasts","floor":12,"turns":3},{"damage":13,"enemies":"downfall:FleeingMerchant","floor":14,"turns":4},{"damage":26,"enemies":"Lots of Slimes","floor":15,"turns":5},{"damage":73,"enemies":"downfall:Watcher","floor":16,"turns":8}],"seed_played":"1476795084465120633","potions_obtained":[{"floor":5,"key":"sneckomod:MuddlingPotion"},{"floor":10,"key":"FearPotion"},{"floor":11,"key":"champ:CounterPotion"}],"is_trial":false,"path_per_floor":["R","M","E","M","M","M","T","M","R","E","M","M","?","$","M","B"],"character_chosen":"SLIMEBOUND","items_purchased":["MiniBlackHole"],"campfire_rested":0,"item_purchase_floors":[14],"current_hp_per_floor":[60,60,60,60,54,56,56,56,56,37,31,35,35,42,40,0,0],"gold":121,"neow_bonus":"THREE_ENEMY_KILL","is_daily":false,"chose_seed":false,"campfire_upgraded":2,"win_rate":0.0,"timestamp":1608511853,"path_taken":["R","M","E","M","M","M","T","M","R","E","M","M","?","$","M","BOSS"],"items_purchased_type":["Relic"],"build_version":"2020-12-13","purchased_purges":0,"victory":false,"max_hp_per_floor":[60,60,60,60,60,60,60,60,60,60,60,60,60,60,60,60,60],"relic_stats":{"counters":[12,36],"obtain_stats":[{"Lantern":7,"Anvil of the Gods":0,"MiniBlackHole":14,"downfall:HeartsMalice":0,"Hammer of Thor":0,"Slimebound:AbsorbEndCombat":0,"hubris:SlimyHat":10,"Seething Fire":0,"hubris:OldNail":3},{"Lantern":5,"Anvil of the Gods":0,"MiniBlackHole":10,"downfall:HeartsMalice":0,"Hammer of Thor":0,"Slimebound:AbsorbEndCombat":0,"hubris:SlimyHat":7,"Seething Fire":0,"hubris:OldNail":2},{"Lantern":6,"Anvil of the Gods":0,"MiniBlackHole":24,"downfall:HeartsMalice":0,"Hammer of Thor":0,"Slimebound:AbsorbEndCombat":0,"hubris:SlimyHat":13,"Seething Fire":0,"hubris:OldNail":0}]},"card_choices":[{"not_picked":["Slimebound:SplitAcid","Slimebound:Schlurp"],"picked":"Slimebound:SamplingLick","floor":2},{"not_picked":["Slimebound:Nibble","Slimebound:FormOfPuddle"],"picked":"Slimebound:LevelUp","floor":3},{"not_picked":["Slimebound:LeechingTouch","Slimebound:ForwardTackle"],"picked":"Slimebound:SplitMire","floor":4},{"not_picked":["Slimebound:ComboTackle","Slimebound:RollThrough"],"picked":"Slimebound:SamplingLick","floor":5},{"not_picked":["Slimebound:Replication","Slimebound:SpikyOuterGoop"],"picked":"Slimebound:SplitBruiser","floor":6},{"not_picked":["Slimebound:ComboTackle","Slimebound:HauntingLick"],"picked":"Slimebound:PrepareCrush","floor":8},{"not_picked":["Slimebound:TongueLash","Slimebound:ForwardTackle"],"picked":"Slimebound:Grow","floor":10},{"not_picked":["Slimebound:GoopTackle","Slimebound:Prepare"],"picked":"Slimebound:SplitAcid","floor":11},{"not_picked":["Slimebound:Nibble","Slimebound:Replication"],"picked":"Slimebound:ItLooksTasty","floor":12},{"not_picked":["Slimebound:OneTwoCombo","Slimebound:Overexert"],"picked":"Slimebound:Grow","floor":14},{"not_picked":["Slimebound:PressTheAttack","Slimebound:SplitLeeching"],"picked":"Slimebound:SplitBruiser","floor":15}],"player_experience":727366,"relics_obtained":[{"floor":3,"key":"hubris:OldNail"},{"floor":7,"key":"Lantern"},{"floor":10,"key":"hubris:SlimyHat"}],"event_choices":[],"is_beta":false,"boss_relics":[],"items_purged_floors":[],"is_endless":false,"potions_floor_spawned":[5,10,11,12,15],"killed_by":"downfall:Watcher","ascension_level":0}}