{"host":"iml8x8es9od4zowg","time":1608556891,"event":{"mods":["BaseMod","Minty Spire (QoL Compilation)","StSLib","The Jungle","¡¼?Úª?ø«¡½REMEMod"],"gold_per_floor":[110,128,128,128,203,231,231,261,261,261,272,291,291,291,291,395,395,413,16,34,34,34,34,34,34,34,65,65,65,65,81,81,180,180,195,195,248,265,265,265,294,306,306,338,338,338,351,20,20,20,20],"floor_reached":50,"playtime":2831,"items_purged":["Strike_G","Parasite"],"score":626,"play_id":"135de57e-9724-4f08-a8d5-b1208c88cc2a","local_time":"20201221222131","is_ascension_mode":true,"campfire_choices":[{"data":"Envenom","floor":7,"key":"SMITH"},{"floor":15,"key":"REST"},{"data":"Panache","floor":23,"key":"SMITH"},{"data":"A Thousand Cuts","floor":25,"key":"SMITH"},{"data":"Accuracy","floor":29,"key":"SMITH"},{"floor":32,"key":"REST"},{"floor":40,"key":"REST"},{"floor":45,"key":"REST"},{"floor":49,"key":"RECALL"}],"circlet_count":0,"master_deck":["Strike_G","Strike_G","Strike_G","Strike_G","Defend_G","Defend_G","Defend_G","Survivor","Neutralize","Storm of Steel","Outmaneuver","Backflip","Envenom+1","Bane","Noxious Fumes","Cloak And Dagger","A Thousand Cuts+1","Accuracy+1","Panache+1","Panache+1","Cloak And Dagger","Outmaneuver","PiercingWail","REME_SpectralBlade","Blade Dance","Flash of Steel","Apotheosis","Cloak And Dagger+1","Acrobatics+1","Acrobatics+1","Blade Dance+1","Catalyst","Sadistic Nature"],"relics":["Ring of the Snake","REME_ComplimentaryCards","Juzu Bracelet","Ancient Tea Set","Toy Ornithopter","Sundial","Gremlin Horn","MealTicket","DollysMirror","Snake Skull","theJungle:WildStrawberry","Black Star","Pocketwatch","REME_LimitBreaker","Boot","Tough Bandages","StrikeDummy","Bag of Marbles","PreservedInsect"],"acts_visited":["Exordium","Exordium","TheBeyond"],"potions_floor_usage":[6,6,6,16,18,35,38,42,44,50,50],"damage_taken":[{"damage":1,"enemies":"2 Louse","floor":1,"turns":3},{"damage":9,"enemies":"Jaw Worm","floor":2,"turns":6},{"damage":0,"enemies":"Lagavulin","floor":6,"turns":5},{"damage":35,"enemies":"Gremlin Nob","floor":8,"turns":5},{"damage":0,"enemies":"Cultist","floor":11,"turns":2},{"damage":2,"enemies":"Looter","floor":12,"turns":4},{"damage":18,"enemies":"Hexaghost","floor":16,"turns":7},{"damage":11,"enemies":"theJungle:MUSHROOMGANG","floor":18,"turns":6},{"damage":16,"enemies":"theJungle:GiantWrat","floor":20,"turns":5},{"damage":3,"enemies":"theJungle:2_Phrogs","floor":27,"turns":5},{"damage":28,"enemies":"theJungle:Lyon","floor":31,"turns":4},{"damage":40,"enemies":"theJungle:TotemBoss","floor":33,"turns":5},{"damage":14,"enemies":"3 Shapes","floor":35,"turns":7},{"damage":38,"enemies":"2 Orb Walkers","floor":37,"turns":4},{"damage":0,"enemies":"Orb Walker","floor":38,"turns":3},{"damage":21,"enemies":"Giant Head","floor":41,"turns":7},{"damage":14,"enemies":"Writhing Mass","floor":42,"turns":4},{"damage":0,"enemies":"Reptomancer","floor":44,"turns":3},{"damage":19,"enemies":"Spire Growth","floor":47,"turns":4},{"damage":62,"enemies":"Awakened One","floor":50,"turns":4}],"seed_played":"5739059089500172209","potions_obtained":[{"floor":2,"key":"SpeedPotion"},{"floor":4,"key":"DuplicationPotion"},{"floor":4,"key":"Explosive Potion"},{"floor":4,"key":"SteroidPotion"},{"floor":8,"key":"BlessingOfTheForge"},{"floor":11,"key":"SteroidPotion"},{"floor":16,"key":"LiquidMemories"},{"floor":31,"key":"Explosive Potion"},{"floor":37,"key":"CunningPotion"},{"floor":41,"key":"BlessingOfTheForge"},{"floor":42,"key":"Regen Potion"},{"floor":47,"key":"Explosive Potion"}],"is_trial":false,"path_per_floor":["M","M","?","?","?","E","R","E","T","?","M","M","?","?","R","B",null,"M","$","M","?","?","R","$","R","T","E","?","R","?","M","R","B",null,"M","?","?","M","T","R","E","M","T","E","R","?","M","$","R","B"],"character_chosen":"THE_SILENT","items_purchased":["Panache","DollysMirror","Sadistic Nature","Weak Potion"],"campfire_rested":4,"item_purchase_floors":[19,19,48,48],"current_hp_per_floor":[69,60,60,60,49,49,49,14,14,7,7,5,5,5,26,13,70,61,70,54,54,54,54,69,69,69,66,59,59,59,31,54,14,77,68,58,20,25,25,48,27,18,18,32,55,55,36,51,51,0,0],"gold":20,"neow_bonus":"RANDOM_COMMON_RELIC","is_daily":false,"chose_seed":false,"campfire_upgraded":4,"win_rate":0.0,"timestamp":1608556891,"path_taken":["M","M","?","?","?","E","R","E","T","?","M","M","?","?","R","BOSS","M","$","M","?","?","R","?","R","T","E","?","R","?","M","R","BOSS","M","?","?","M","?","R","E","M","T","E","R","?","M","$","R","BOSS"],"items_purchased_type":["Card","Relic","Card","Potion"],"build_version":"2020-12-13","purchased_purges":2,"victory":false,"max_hp_per_floor":[70,70,70,70,70,70,70,70,70,70,70,70,70,70,70,70,70,70,70,70,70,70,70,70,70,70,70,77,77,77,77,77,77,77,77,77,77,77,77,77,77,77,77,77,77,77,77,74,74,74,74],"card_choices":[{"not_picked":["Dash","Bane"],"picked":"Outmaneuver","floor":1},{"not_picked":["Slice","Sucker Punch"],"picked":"Backflip","floor":2},{"not_picked":["Slice","Underhanded Strike"],"picked":"Envenom","floor":6},{"not_picked":["Dodge and Roll","Predator"],"picked":"Bane","floor":8},{"not_picked":["Cloak And Dagger","Prepared"],"picked":"Noxious Fumes","floor":11},{"not_picked":["Flechettes","Acrobatics"],"picked":"Cloak And Dagger","floor":12},{"not_picked":["Wraith Form v2","Bullet Time"],"picked":"A Thousand Cuts","floor":16},{"not_picked":["Underhanded Strike","Backstab"],"picked":"Accuracy","floor":18},{"not_picked":["Deadly Poison","Dodge and Roll+1"],"picked":"Cloak And Dagger","floor":20},{"not_picked":["Masterful Stab+1","Dodge and Roll"],"picked":"Outmaneuver","floor":27},{"not_picked":["Flying Knee","Finisher"],"picked":"PiercingWail","floor":31},{"not_picked":["Night Terror","REME_GrazeFinale"],"picked":"REME_SpectralBlade","floor":33},{"not_picked":["Riddle With Holes","Quick Slash"],"picked":"Blade Dance","floor":35},{"not_picked":["Swift Strike","Deep Breath"],"picked":"Flash of Steel","floor":36},{"not_picked":["Mayhem","REME_TheoryOfElimination"],"picked":"Apotheosis","floor":36},{"not_picked":["Quick Slash","Distraction"],"picked":"Cloak And Dagger+1","floor":37},{"not_picked":["Setup+1","Flying Knee"],"picked":"Acrobatics+1","floor":38},{"not_picked":["Outmaneuver+1","Expertise+1","Leg Sweep"],"picked":"SKIP","floor":41},{"not_picked":["Concentrate","Eviscerate+1"],"picked":"Acrobatics+1","floor":42},{"not_picked":["Dodge and Roll","REME_ShadowStrike"],"picked":"Blade Dance+1","floor":44},{"not_picked":["Dagger Throw","Deadly Poison+1"],"picked":"Catalyst","floor":47}],"player_experience":461030,"relics_obtained":[{"floor":6,"key":"Toy Ornithopter"},{"floor":8,"key":"Sundial"},{"floor":9,"key":"Gremlin Horn"},{"floor":27,"key":"Snake Skull"},{"floor":37,"key":"Pocketwatch"},{"floor":39,"key":"REME_LimitBreaker"},{"floor":41,"key":"Boot"},{"floor":41,"key":"Tough Bandages"},{"floor":43,"key":"StrikeDummy"},{"floor":44,"key":"Bag of Marbles"},{"floor":44,"key":"PreservedInsect"}],"event_choices":[{"damage_healed":0,"gold_gain":0,"player_choice":"Box","damage_taken":0,"relics_obtained":["Ancient Tea Set"],"max_hp_gain":0,"max_hp_loss":0,"event_name":"Big Fish","floor":3,"gold_loss":0,"cards_obtained":["Regret"]},{"damage_healed":0,"gold_gain":0,"player_choice":"Got Potions","damage_taken":0,"max_hp_gain":0,"max_hp_loss":0,"event_name":"Lab","floor":4,"gold_loss":0},{"damage_healed":0,"gold_gain":75,"player_choice":"Gather Gold","damage_taken":11,"max_hp_gain":0,"max_hp_loss":0,"event_name":"World of Goop","floor":5,"gold_loss":0},{"cards_removed":["Regret"],"damage_healed":0,"gold_gain":0,"player_choice":"Card Removal","damage_taken":7,"max_hp_gain":0,"max_hp_loss":0,"event_name":"Golden Wing","floor":10,"gold_loss":0},{"cards_removed":["Defend_G"],"damage_healed":0,"gold_gain":0,"player_choice":"Purged","damage_taken":0,"max_hp_gain":0,"max_hp_loss":0,"event_name":"Purifier","floor":13,"gold_loss":0},{"damage_healed":0,"gold_gain":0,"player_choice":"Gave Potion","damage_taken":0,"relics_obtained":["MealTicket"],"max_hp_gain":0,"max_hp_loss":0,"event_name":"WeMeetAgain","floor":14,"gold_loss":0},{"damage_healed":0,"gold_gain":0,"player_choice":"Upgraded","damage_taken":0,"max_hp_gain":0,"max_hp_loss":0,"event_name":"Upgrade Shrine","floor":21,"gold_loss":0,"cards_upgraded":["Panache"]},{"cards_removed":["Defend_G"],"damage_healed":0,"gold_gain":0,"player_choice":"Offered Basic","damage_taken":0,"max_hp_gain":0,"max_hp_loss":0,"event_name":"Bonfire Elementals","floor":22,"gold_loss":0},{"damage_healed":0,"gold_gain":0,"player_choice":"Memory 3","damage_taken":10,"max_hp_gain":0,"max_hp_loss":0,"event_name":"SensoryStone","floor":36,"gold_loss":0},{"damage_healed":0,"gold_gain":0,"player_choice":"Fight","damage_taken":0,"max_hp_gain":0,"max_hp_loss":0,"event_name":"Mysterious Sphere","floor":37,"gold_loss":0},{"damage_healed":0,"gold_gain":0,"player_choice":"Ignored","damage_taken":0,"max_hp_gain":0,"max_hp_loss":0,"event_name":"Tomb of Lord Red Mask","floor":46,"gold_loss":0}],"is_beta":false,"boss_relics":[{"not_picked":["Cursed Key","Runic Pyramid","Philosopher\u0027s Stone"]},{"not_picked":["Tiny House","Fusion Hammer"],"picked":"Black Star"}],"items_purged_floors":[19,48],"is_endless":false,"potions_floor_spawned":[2,8,11,16,31,37,41,42,47],"killed_by":"Awakened One","ascension_level":1}}