{"host":"etaq29tqikxfqxk8","time":1608559215,"event":{"mods":["AchievementEnabler","BaseMod","Better Third Choice","BetterRewards","Colored Map","Colored Powertips","Minty Spire (QoL Compilation)","Rare Cards Sparkle","Shop Mod","StSLib","yUi"],"gold_per_floor":[112,112,125,125,225,242,242,222,222,238,238,248,248,260,260,358,408,428,338,358,374,374,374,387,400,453,229,229,248,248,15,15,15,15],"floor_reached":33,"playtime":2118,"items_purged":[],"score":291,"play_id":"4f9fca03-3d7d-4e33-a34e-aa92a9e4e8ab","local_time":"20201221150015","is_ascension_mode":false,"campfire_choices":[{"data":"Bane","floor":7,"key":"SMITH"},{"floor":15,"key":"REST"},{"floor":23,"key":"REST"},{"floor":30,"key":"REST"},{"floor":32,"key":"REST"}],"circlet_count":0,"master_deck":["Strike_G+1","Strike_G+1","Strike_G+1","Strike_G+1","Strike_G+1","Defend_G+1","Defend_G+1","Defend_G+1","Defend_G+1","Defend_G+1","Survivor","Neutralize","Bane+1","Catalyst","Flying Knee","Backstab","Deadly Poison","Deadly Poison","Bane","Bullet Time+1","Infinite Blades","Blade Dance","Heel Hook+1","PiercingWail","Terror","Deflect+1","Deadly Poison","PanicButton","PiercingWail","Outmaneuver+1","Die Die Die"],"relics":["Ring of the Snake","NeowsBlessing","Darkstone Periapt","HornCleat","Tiny House","MerchantsRug","Potion Belt"],"acts_visited":["Exordium","TheCity"],"potions_floor_usage":[8,33,33],"damage_taken":[{"damage":0,"enemies":"Small Slimes","floor":1,"turns":1},{"damage":0,"enemies":"Jaw Worm","floor":3,"turns":1},{"damage":0,"enemies":"Cultist","floor":6,"turns":1},{"damage":9,"enemies":"Exordium Thugs","floor":8,"turns":4},{"damage":8,"enemies":"Red Slaver","floor":10,"turns":3},{"damage":2,"enemies":"Blue Slaver","floor":12,"turns":3},{"damage":0,"enemies":"Exordium Wildlife","floor":14,"turns":3},{"damage":63,"enemies":"The Guardian","floor":16,"turns":9},{"damage":12,"enemies":"Chosen","floor":18,"turns":3},{"damage":7,"enemies":"Shell Parasite","floor":20,"turns":4},{"damage":32,"enemies":"Cultist and Chosen","floor":21,"turns":7},{"damage":20,"enemies":"Snecko","floor":24,"turns":5},{"damage":35,"enemies":"Chosen and Byrds","floor":25,"turns":7},{"damage":12,"enemies":"Shelled Parasite and Fungi","floor":29,"turns":5},{"damage":82,"enemies":"Champ","floor":33,"turns":15}],"seed_played":"-907444773786595623","potions_obtained":[{"floor":1,"key":"Fire Potion"},{"floor":3,"key":"AttackPotion"},{"floor":6,"key":"Ancient Potion"},{"floor":8,"key":"Fruit Juice"},{"floor":16,"key":"Poison Potion"},{"floor":17,"key":"SmokeBomb"}],"is_trial":false,"path_per_floor":["M","$","M","?","?","M","R","M","T","M","T","M","?","M","R","B",null,"M","?","M","M","T","R","M","M","T","$","?","M","R","$","R","B"],"character_chosen":"THE_SILENT","items_purchased":["Deadly Poison","MerchantsRug","PanicButton","PiercingWail","Potion Belt","Die Die Die"],"campfire_rested":4,"item_purchase_floors":[27,27,27,27,31,31],"current_hp_per_floor":[70,70,70,65,65,65,65,61,61,53,53,51,51,51,75,12,87,75,75,68,36,50,80,60,25,25,25,25,13,43,43,73,0,0],"gold":15,"neow_bonus":"THREE_ENEMY_KILL","is_daily":false,"chose_seed":false,"campfire_upgraded":1,"win_rate":0.0,"timestamp":1608559215,"path_taken":["M","$","M","?","?","M","R","M","T","?","?","?","?","M","R","BOSS","M","?","?","?","?","R","M","M","T","?","?","M","R","$","R","BOSS"],"items_purchased_type":["Card","Relic","Card","Card","Relic","Card"],"build_version":"2020-12-13","purchased_purges":0,"victory":false,"max_hp_per_floor":[70,70,70,77,77,77,77,82,82,82,82,82,82,82,82,82,87,87,87,87,87,101,101,101,101,101,101,101,101,101,101,101,101,101],"card_choices":[{"not_picked":["Skewer","Heel Hook"],"picked":"Bane","floor":1},{"not_picked":["Dagger Throw","Slice"],"picked":"Catalyst","floor":3},{"not_picked":["Deflect","Tactician"],"picked":"Flying Knee","floor":6},{"not_picked":["Acrobatics","Heel Hook"],"picked":"Backstab","floor":8},{"not_picked":["Predator","Bane"],"picked":"Deadly Poison","floor":10},{"not_picked":["Eviscerate","Noxious Fumes"],"picked":"Deadly Poison","floor":12},{"not_picked":["Skewer","Deadly Poison"],"picked":"Bane","floor":14},{"not_picked":["A Thousand Cuts","Night Terror"],"picked":"Bullet Time","floor":16},{"not_picked":["Acrobatics","Dagger Spray"],"picked":"Infinite Blades","floor":17},{"not_picked":["Deadly Poison","Tactician+1"],"picked":"Blade Dance","floor":18},{"not_picked":["Predator","Footwork"],"picked":"Heel Hook+1","floor":20},{"not_picked":["Leg Sweep","Prepared+1"],"picked":"PiercingWail","floor":21},{"not_picked":["Burst","Dagger Spray"],"picked":"Terror","floor":24},{"not_picked":["Acrobatics","Underhanded Strike+1"],"picked":"Deflect+1","floor":25},{"not_picked":["Sucker Punch+1","Expertise"],"picked":"Outmaneuver+1","floor":29}],"player_experience":12536,"relics_obtained":[{"floor":9,"key":"Darkstone Periapt"},{"floor":11,"key":"HornCleat"},{"floor":22,"key":"Mango"},{"floor":26,"key":"Centennial Puzzle"}],"event_choices":[{"damage_healed":0,"gold_gain":0,"player_choice":"Relic ","damage_taken":12,"max_hp_gain":0,"max_hp_loss":0,"event_name":"betterThird:BetterScrap","floor":4,"gold_loss":0,"cards_obtained":["Auto Shields"]},{"damage_healed":0,"gold_gain":100,"player_choice":"Pray","damage_taken":0,"max_hp_gain":0,"max_hp_loss":0,"event_name":"Golden Shrine","floor":5,"gold_loss":0},{"damage_healed":51,"gold_gain":0,"player_choice":"Embrace Burn","damage_taken":0,"max_hp_gain":0,"max_hp_loss":82,"event_name":"betterThird:BetterShining","floor":13,"gold_loss":0},{"cards_removed":["Burn"],"damage_healed":0,"gold_gain":0,"player_choice":"Upgrade and Remove","damage_taken":0,"max_hp_gain":0,"max_hp_loss":0,"event_name":"Designer","floor":19,"gold_loss":90,"cards_upgraded":["Strike_G"]},{"damage_healed":0,"gold_gain":0,"player_choice":"Simplicity","damage_taken":0,"max_hp_gain":0,"max_hp_loss":9,"event_name":"betterThird:BetterWriting","floor":28,"gold_loss":0}],"is_beta":false,"boss_relics":[{"not_picked":["HoveringKite","Snecko Eye"],"picked":"Tiny House"}],"items_purged_floors":[],"is_endless":false,"potions_floor_spawned":[1,3,6,8,16,20,21,24,29],"killed_by":"Champ","ascension_level":0}}