{"host":"juowtv2vvb0b99ex","time":1608592926,"event":{"mods":["BaseMod","Colored Map","Downfall","Minty Spire (QoL Compilation)","Quick Restart","StSLib"],"gold_per_floor":[99,122,2,2,2,37,37,72,82,82,101,101,101,101],"floor_reached":12,"playtime":472,"items_purged":["Slimebound:Strike_Slimebound"],"score":174,"play_id":"10730e98-3731-4d9e-ae58-6f09d53cfb38","local_time":"20201221162206","is_ascension_mode":true,"campfire_choices":[{"data":"Slimebound:CorrosiveSpit","floor":1.0,"key":"SMITH"},{"data":"Slimebound:Split","floor":10,"key":"SMITH"}],"circlet_count":0,"master_deck":["AscendersBane","Slimebound:Strike_Slimebound","Slimebound:Strike_Slimebound","Slimebound:Tackle","Slimebound:Defend_Slimebound","Slimebound:Defend_Slimebound","Slimebound:Defend_Slimebound","Slimebound:Defend_Slimebound","Slimebound:Split+1","Slimebound:CorrosiveSpit+1","Slimebound:ProtectTheBoss","Slimebound:SplitBruiser","Slimebound:PressTheAttack","Slimebound:Recycling","Slimebound:Repurpose","Slimebound:SlimeBrawl","Slimebound:RejuvenatingLick"],"relics":["Slimebound:AbsorbEndCombat","downfall:HeartsMalice","Juzu Bracelet","Peace Pipe","Question Card","Pen Nib"],"acts_visited":["Exordium"],"potions_floor_usage":[8,8],"damage_taken":[{"damage":0.0,"enemies":"downfall:FleeingMerchant","floor":3.0,"turns":1.0},{"damage":0.0,"enemies":"Cultist","floor":4.0,"turns":1.0},{"damage":0.0,"enemies":"3 Sentries","floor":6.0,"turns":1.0},{"damage":15,"enemies":"Gremlin Nob","floor":8,"turns":3},{"damage":22,"enemies":"2 Louse","floor":9,"turns":3},{"damage":22,"enemies":"Small Slimes","floor":11,"turns":3},{"damage":55,"enemies":"3 Sentries","floor":12,"turns":5}],"seed_played":"-774813089077919319","potions_obtained":[{"floor":5.0,"key":"Slimebound:SlimedPotion"},{"floor":5.0,"key":"DuplicationPotion"},{"floor":9,"key":"Slimebound:SlimedPotion"}],"is_trial":false,"path_per_floor":["R","T","$","M","?","E","T","E","M","R","M","E"],"character_chosen":"SLIMEBOUND","items_purchased":["Slimebound:SplitBruiser"],"campfire_rested":0,"item_purchase_floors":[3],"current_hp_per_floor":[54,54,54,54,54,54,54,55,43,43,37,0,0,0],"gold":101,"neow_bonus":"THREE_ENEMY_KILL","is_daily":false,"chose_seed":false,"campfire_upgraded":2,"win_rate":0.0,"timestamp":1608592926,"path_taken":["R","?","?","M","?","E","T","E","M","R","M","E"],"items_purchased_type":["Card"],"build_version":"2020-12-13","purchased_purges":1,"victory":false,"max_hp_per_floor":[60,60,60,60,60,60,60,60,60,60,60,60,60,60],"card_choices":[{"not_picked":["Slimebound:SplitMire","Slimebound:Gluttony"],"picked":"Slimebound:ProtectTheBoss","floor":3.0},{"not_picked":["Slimebound:TongueLash","Slimebound:ViciousTackle"],"picked":"Slimebound:PressTheAttack","floor":4.0},{"not_picked":["Slimebound:Dissolve","Slimebound:ForwardTackle"],"picked":"Slimebound:Recycling","floor":6.0},{"not_picked":["Slimebound:SplitMire","Slimebound:LeechEnergy","Slimebound:RollThrough"],"picked":"Slimebound:Repurpose","floor":8},{"not_picked":["Slimebound:PressTheAttack","Slimebound:RejuvenatingLick","Slimebound:SplitLeeching"],"picked":"Slimebound:SlimeBrawl","floor":9},{"not_picked":["Slimebound:RollThrough","Slimebound:Grow","Slimebound:GrowthPunch"],"picked":"Slimebound:RejuvenatingLick","floor":11}],"player_experience":1249515,"relics_obtained":[{"floor":2.0,"key":"Juzu Bracelet"},{"floor":6.0,"key":"Peace Pipe"},{"floor":7.0,"key":"Question Card"},{"floor":8,"key":"Pen Nib"}],"event_choices":[{"damage_healed":0.0,"max_hp_gain":0.0,"max_hp_loss":0.0,"gold_gain":0.0,"event_name":"Lab","player_choice":"Got Potions","floor":5.0,"gold_loss":0.0,"damage_taken":0.0}],"is_beta":false,"boss_relics":[],"items_purged_floors":[3],"is_endless":false,"potions_floor_spawned":[6,9],"killed_by":"3 Sentries","ascension_level":12}}