{"host":"ml80p9p157c7xd90","time":1608516560,"event":{"mods":["2.2 Compatiblity","Act Like it!","Ascension Unlocker","Aspiration","BaseMod","Better Altar","Better Match","Better Note","Better Sensory Stone","Better Skull","Better Third Choice","CapriCore","Colored Map","Conspire","Friendly Minions","Gensokyo","Halation","Minty Spire (QoL Compilation)","Pale of the Ancients","Replay The Spire","StSLib","TheBandit","Wandering Minibosses"],"gold_per_floor":[114,39,52,132,32,61,61,96,96,117,154,154,154,188,188,217,217,296,296,307,307,77,92,342,342,369,702,775,775,775,775],"floor_reached":29,"playtime":1329,"items_purged":["wariomod:BumRush","wariomod:NullJump","wariomod:Purify"],"score":659,"play_id":"659fe788-e27c-4fb0-a8e2-1fae95a461ae","local_time":"20201220190920","daily_mods":["Draft","DeadlyEvents","Night Terrors","Terminal"],"is_ascension_mode":true,"campfire_choices":[{"data":"wariomod:DamnedStrength","floor":7,"key":"SMITH"},{"data":"wariomod:DamnedStrength","floor":17,"key":"SMITH"},{"data":"wariomod:BoomAndDoom","floor":25,"key":"SMITH"}],"circlet_count":0,"master_deck":["AscendersBane","wariomod:BoomBoom","wariomod:f","wariomod:ThatsNotAll","wariomod:Boomsmack","wariomod:BoomBoom","wariomod:ThatsNotAll","wariomod:Boomsmack","wariomod:PayItForwards","wariomod:Purify","wariomod:SelfImprison","wariomod:Bomblaster","wariomod:Boomsmack","wariomod:DamnedStrength+1","wariomod:PayItForwards","wariomod:DamnedStrength+1","wariomod:Goblast","wariomod:Goblast","wariomod:AbandonGame","wariomod:Goblast","wariomod:BoomAndDoom+1","Gensokyo:AllTheWorldsEvil","Deep Breath"],"relics":["wariomod:TheHat","Orichalcum","halation:IllGainedPizza","Sundial","Quantum Egg","Darkstone Periapt","Mango","Pocketwatch","Philosopher\u0027s Stone","Old Coin","ReplayTheSpireMod:Shallot","Frozen Eye"],"acts_visited":["Gensokyo:Gensokyo","Gensokyo:Gensokyoer"],"potions_floor_usage":[27],"damage_taken":[{"damage":0,"enemies":"Gensokyo:2_Kodama","floor":1,"turns":2},{"damage":0,"enemies":"Gensokyo:Gryphon","floor":3,"turns":5},{"damage":6,"enemies":"Gensokyo:Cirno","floor":6,"turns":6},{"damage":0,"enemies":"Gensokyo:Mamizou","floor":8,"turns":6},{"damage":0,"enemies":"Gensokyo:Python","floor":10,"turns":3},{"damage":5,"enemies":"Gensokyo:Aya","floor":11,"turns":4},{"damage":6,"enemies":"Gensokyo:Cirno","floor":14,"turns":6},{"damage":5,"enemies":"Gensokyo:Aya","floor":16,"turns":4},{"damage":0,"enemies":"Gensokyo:Reimu","floor":18,"turns":6},{"damage":0,"enemies":"Gensokyo:2_Gloops","floor":20,"turns":3},{"damage":3,"enemies":"Gensokyo:Chomper","floor":23,"turns":4},{"damage":31,"enemies":"Gensokyo:Wraith","floor":26,"turns":5},{"damage":27,"enemies":"Gensokyo:Tenshi","floor":27,"turns":3},{"damage":0,"enemies":"Gensokyo:Koishi","floor":29,"turns":2}],"seed_played":"6766258302966837596","potions_obtained":[{"floor":10,"key":"BlessingOfTheForge"},{"floor":11,"key":"SpeedPotion"},{"floor":20,"key":"Elixir"},{"floor":26,"key":"Adrenaline Potion"}],"is_trial":true,"path_per_floor":["M","$","M","?","$","E","R","E","T","M","E","PTL","PTL","E","?","E","R","B",null,"M","?","$","M","?","R","M","E","T","E"],"character_chosen":"THE_BANDIT","items_purchased":["Deep Breath"],"campfire_rested":0,"item_purchase_floors":[22],"current_hp_per_floor":[65,65,65,65,65,59,59,59,59,59,54,54,54,48,34,29,29,29,58,58,64,64,61,61,61,30,3,3,3,3,3],"gold":775,"neow_bonus":"","is_daily":false,"chose_seed":false,"campfire_upgraded":3,"win_rate":0.0,"timestamp":1608516560,"path_taken":["M","$","M","?","$","E","R","E","T","M","E","PTL","PTL","E","?","?","R","BOSS","M","?","$","M","?","R","?","?","T","E"],"items_purchased_type":["Card"],"build_version":"2020-12-13","purchased_purges":3,"victory":false,"max_hp_per_floor":[70,69,68,67,66,65,64,63,62,61,60,59,58,57,70,69,68,67,66,65,70,69,68,62,61,60,59,58,58,58,58],"card_choices":[{"not_picked":["wariomod:DoubleDash","wariomod:SmallSprint"],"picked":"wariomod:Purify","floor":0},{"not_picked":["wariomod:DiceyMove","wariomod:BlastDash"],"picked":"wariomod:BoomBoom","floor":0},{"not_picked":["wariomod:ImFeelingLucky","wariomod:DropBash"],"picked":"wariomod:f","floor":0},{"not_picked":["wariomod:HappyHop","wariomod:DoubleDip"],"picked":"wariomod:ThatsNotAll","floor":0},{"not_picked":["wariomod:ThatsNotAll","wariomod:WhirlwindBurst"],"picked":"wariomod:Boomsmack","floor":0},{"not_picked":["wariomod:Game","wariomod:OctoJump"],"picked":"wariomod:BoomBoom","floor":0},{"not_picked":["wariomod:BlastDash","wariomod:AwfulLook"],"picked":"wariomod:ThatsNotAll","floor":0},{"not_picked":["wariomod:BumRush","wariomod:Game"],"picked":"wariomod:Boomsmack","floor":0},{"not_picked":["wariomod:BlastDash","wariomod:DoubleDash"],"picked":"wariomod:PayItForwards","floor":0},{"not_picked":["wariomod:BodyBlock","wariomod:DisarmingMoves"],"picked":"wariomod:NullJump","floor":0},{"not_picked":["wariomod:SmackSlam","wariomod:SpikeSlash"],"picked":"wariomod:Purify","floor":0},{"not_picked":["wariomod:ChargeForth","wariomod:Hopshield"],"picked":"wariomod:BumRush","floor":0},{"not_picked":["wariomod:ChargeForth","wariomod:ThatsNotAll"],"picked":"wariomod:SelfImprison","floor":0},{"not_picked":["wariomod:DisarmingMoves","wariomod:SmallSprint"],"picked":"wariomod:Bomblaster","floor":0},{"not_picked":["wariomod:ThatsNotAll","wariomod:Immortalize"],"picked":"wariomod:Boomsmack","floor":0},{"not_picked":["wariomod:WhirlwindBurst","wariomod:BlastDash"],"picked":"wariomod:DamnedStrength","floor":1},{"not_picked":["wariomod:Goblast","wariomod:SmackSlam"],"picked":"wariomod:PayItForwards","floor":3},{"not_picked":["wariomod:DoubleDip","wariomod:SmallSprint"],"picked":"wariomod:DamnedStrength","floor":6},{"not_picked":["wariomod:DisarmingMoves","wariomod:BlastDash"],"picked":"wariomod:Goblast","floor":8},{"not_picked":["wariomod:DoubleDash","wariomod:DanceDash"],"picked":"wariomod:Goblast","floor":10},{"not_picked":["wariomod:DanceDash","wariomod:ThatsNotAll"],"picked":"wariomod:AbandonGame","floor":11},{"not_picked":["wariomod:DisarmingMoves","wariomod:Hopshield"],"picked":"wariomod:Goblast","floor":14},{"not_picked":["wariomod:Leapslam","wariomod:SelfImprison","wariomod:Bomblaster"],"picked":"SKIP","floor":16},{"not_picked":["wariomod:DeadlyDash","wariomod:AbandonGame"],"picked":"wariomod:BoomAndDoom","floor":18},{"not_picked":["wariomod:DiceyMove","wariomod:RacingSpeed","wariomod:SelfImprison"],"picked":"SKIP","floor":20},{"not_picked":["wariomod:SmackSlam","wariomod:SimpleShield","wariomod:BoomBoom"],"picked":"SKIP","floor":23},{"not_picked":["wariomod:SimpleShield","wariomod:BlastDash","wariomod:Game"],"picked":"SKIP","floor":26},{"not_picked":["wariomod:DisarmingMoves","wariomod:ForbiddenMagic","wariomod:SmallSprint"],"picked":"SKIP","floor":27}],"player_experience":379799,"relics_obtained":[{"floor":6,"key":"Orichalcum"},{"floor":8,"key":"halation:IllGainedPizza"},{"floor":9,"key":"Sundial"},{"floor":11,"key":"Quantum Egg"},{"floor":14,"key":"Darkstone Periapt"},{"floor":16,"key":"Pocketwatch"},{"floor":27,"key":"Old Coin"},{"floor":28,"key":"ReplayTheSpireMod:Shallot"}],"event_choices":[],"is_beta":false,"boss_relics":[{"not_picked":["ChewingGum","wariomod:PropellerHat"],"picked":"Philosopher\u0027s Stone"}],"items_purged_floors":[2,5,22],"is_endless":false,"potions_floor_spawned":[10,11,18,20,26],"killed_by":"Gensokyo:Koishi","ascension_level":20}}