{"host":"m3nvt13i50wb5dv0","time":1608547679,"event":{"mods":["2.2 Compatiblity","Act Like it!","BaseMod","Better Third Choice","Minty Spire (QoL Compilation)","Relic Stats","Robot Space Explorer","StSLib","The Dragon Tamer","The Gatherer","The Jungle"],"gold_per_floor":[111,127,142,142,160,186,205,205,205,205,233,247,257,357,357,452,452,466,466,481,481,498,498,525,525,525,525,543,568,583,583,583,683,683,698,709,634,594,98,98,98,98,98,129,129,139,152,187,187,187],"floor_reached":51,"playtime":4704,"items_purged":["Collect","PathToVictory"],"score":1061,"play_id":"e78d5d00-cfe0-4ff4-b5f8-cc945c2e77f7","local_time":"20201221174759","is_ascension_mode":true,"campfire_choices":[{"floor":8.0,"key":"REST"},{"data":"SpiritShield","floor":10.0,"key":"SMITH"},{"data":"Vault","floor":15.0,"key":"SMITH"},{"floor":23.0,"key":"DIG"},{"floor":25.0,"key":"DIG"},{"floor":27.0,"key":"REST"},{"floor":32.0,"key":"DIG"},{"floor":40.0,"key":"DIG"},{"floor":41.0,"key":"DIG"},{"data":"1","floor":42.0,"key":"LIFT"},{"data":"2","floor":45.0,"key":"LIFT"},{"floor":49,"key":"REST"}],"circlet_count":0,"master_deck":["AscendersBane","Eruption+1","Vigilance","SpiritShield+1","SashWhip+1","ClearTheMind+1","BowlingBash+1","Consecrate+1","Crescendo+1","Vault+1","Evaluate","LessonLearned","MentalFortress+1","Establishment+1","EmptyFist+1","Prostrate","JustLucky+1","CrushJoints+1","Protect","SandsOfTime","Indignation+1","SpiritShield","DevaForm","Adaptation+1","Prostrate","WreathOfFlame+1","FlurryOfBlows+1","EmptyBody","FlyingSleeves+1","WindmillStrike+1","Weave"],"relics":["PureWater","Ancient Tea Set","Lizard Tail","Torii","Runic Pyramid","Shovel","WingedGreaves","Kunai","Dream Catcher","White Beast Statue","Bronze Scales","Prayer Wheel","Pandora\u0027s Box","HornCleat","Medical Kit","Mercury Hourglass","Girya","Blue Candle","Vajra","Darkstone Periapt"],"acts_visited":["Exordium","theJungle:Jungle","TheBeyond"],"potions_floor_usage":[48,50,50],"damage_taken":[{"damage":0.0,"enemies":"2 Louse","floor":1.0,"turns":4.0},{"damage":0.0,"enemies":"Cultist","floor":2.0,"turns":3.0},{"damage":0.0,"enemies":"Small Slimes","floor":3.0,"turns":4.0},{"damage":8.0,"enemies":"Blue Slaver","floor":5.0,"turns":5.0},{"damage":27.0,"enemies":"3 Sentries","floor":6.0,"turns":9.0},{"damage":11.0,"enemies":"Lots of Slimes","floor":7.0,"turns":3.0},{"damage":8.0,"enemies":"Gremlin Nob","floor":11.0,"turns":4.0},{"damage":0.0,"enemies":"Exordium Wildlife","floor":12.0,"turns":2.0},{"damage":1.0,"enemies":"Exordium Thugs","floor":13.0,"turns":4.0},{"damage":14.0,"enemies":"Hexaghost","floor":16.0,"turns":10.0},{"damage":1.0,"enemies":"theJungle:GiantWrat","floor":18.0,"turns":7.0},{"damage":9.0,"enemies":"theJungle:MUSHROOMGANG","floor":20.0,"turns":4.0},{"damage":0.0,"enemies":"theJungle:JungleHuntersEncounter","floor":22.0,"turns":8.0},{"damage":1.0,"enemies":"theJungle:MamaSnecko","floor":24.0,"turns":10.0},{"damage":2.0,"enemies":"theJungle:2_Snecko_Cultists","floor":28.0,"turns":5.0},{"damage":1.0,"enemies":"theJungle:2_Phrogs","floor":29.0,"turns":7.0},{"damage":0.0,"enemies":"theJungle:SlimyTreeVines","floor":30.0,"turns":7.0},{"damage":89.0,"enemies":"theJungle:FunGuy","floor":33.0,"turns":16.0},{"damage":8.0,"enemies":"Orb Walker","floor":35.0,"turns":3.0},{"damage":0.0,"enemies":"3 Darklings","floor":36.0,"turns":6.0},{"damage":10.0,"enemies":"Giant Head","floor":44.0,"turns":7.0},{"damage":0.0,"enemies":"Sphere and 2 Shapes","floor":46.0,"turns":5.0},{"damage":1.0,"enemies":"Maw","floor":47.0,"turns":5.0},{"damage":3,"enemies":"Nemesis","floor":48,"turns":3},{"damage":14,"enemies":"Time Eater","floor":50,"turns":9}],"seed_played":"-7362024292509998050","potions_obtained":[{"floor":2.0,"key":"SkillPotion"},{"floor":7.0,"key":"BottledMiracle"},{"floor":11.0,"key":"BlessingOfTheForge"},{"floor":16.0,"key":"StancePotion"},{"floor":20.0,"key":"DistilledChaos"},{"floor":28.0,"key":"Strength Potion"},{"floor":29.0,"key":"SkillPotion"},{"floor":30.0,"key":"Fruit Juice"},{"floor":33.0,"key":"Dexterity Potion"},{"floor":35.0,"key":"Dexterity Potion"},{"floor":36.0,"key":"Energy Potion"},{"floor":38.0,"key":"SteroidPotion"},{"floor":44.0,"key":"AttackPotion"},{"floor":46.0,"key":"Weak Potion"},{"floor":48,"key":"EssenceOfSteel"}],"is_trial":false,"path_per_floor":["M","M","M","?","M","E","M","R","T","R","E","M","M","?","R","B",null,"M","?","M","?","M","R","E","R","T","R","M","E","M","?","R","B",null,"M","M","$","?","$","R","R","R","T","E","R","M","M","E","R","B",null],"character_chosen":"WATCHER","items_purchased":["HornCleat","Medical Kit"],"campfire_rested":3,"item_purchase_floors":[39,39],"current_hp_per_floor":[65,65,65,65,57,30,19,40,40,40,32,32,31,31,31,17,58,57,47,38,38,38,38,37,37,37,58,56,55,66,50,50,9,60,52,52,52,52,52,52,52,52,52,42,42,42,41,38,61,47],"gold":187,"neow_bonus":"ONE_RANDOM_RARE_CARD","is_daily":false,"chose_seed":false,"campfire_upgraded":2,"win_rate":0.0,"timestamp":1608547679,"path_taken":["M","M","M","?","?","E","M","R","T","R","E","M","M","?","R","BOSS","M","?","M","?","M","R","E","R","T","R","M","E","?","?","R","BOSS","M","?","$","?","$","R","R","R","T","E","R","M","M","E","R","BOSS"],"items_purchased_type":["Relic","Relic"],"build_version":"2020-12-13","purchased_purges":2,"victory":true,"max_hp_per_floor":[72,72,72,72,72,72,72,72,72,72,72,72,72,72,72,72,72,72,72,72,72,72,72,72,72,72,72,72,72,77,77,77,77,77,77,77,77,77,77,77,77,77,77,77,77,77,77,77,77,77],"relic_stats":{"Darkstone Periapt":0,"Torii":35,"counters":[25,150],"Blue Candle":[2],"Medical Kit":[0],"Mercury Hourglass":[97],"Lizard Tail":38,"Dream Catcher":2,"Shovel":5,"Bronze Scales":[173],"Prayer Wheel":4,"Pandora\u0027s Box":["PathToVictory","SandsOfTime","Indignation","SpiritShield","DevaForm","Collect","Adaptation","Prostrate"],"Kunai":[29],"obtain_stats":[{"Darkstone Periapt":48,"Girya":41,"Torii":11,"Blue Candle":43,"Vajra":44,"Ancient Tea Set":6,"Medical Kit":39,"White Beast Statue":26,"Mercury Hourglass":40,"Lizard Tail":9,"Dream Catcher":25,"Shovel":19,"HornCleat":39,"Bronze Scales":29,"Prayer Wheel":32,"Pandora\u0027s Box":34,"WingedGreaves":23,"Kunai":24,"PureWater":0,"Runic Pyramid":17},{"Darkstone Periapt":24,"Girya":20,"Torii":7,"Blue Candle":20,"Vajra":21,"Ancient Tea Set":5,"Medical Kit":20,"White Beast Statue":14,"Mercury Hourglass":20,"Lizard Tail":6,"Dream Catcher":14,"Shovel":11,"HornCleat":20,"Bronze Scales":16,"Prayer Wheel":17,"Pandora\u0027s Box":18,"WingedGreaves":13,"Kunai":14,"PureWater":0,"Runic Pyramid":10},{"Darkstone Periapt":141,"Girya":121,"Torii":32,"Blue Candle":121,"Vajra":128,"Ancient Tea Set":25,"Medical Kit":121,"White Beast Statue":77,"Mercury Hourglass":121,"Lizard Tail":28,"Dream Catcher":77,"Shovel":55,"HornCleat":121,"Bronze Scales":89,"Prayer Wheel":96,"Pandora\u0027s Box":112,"WingedGreaves":67,"Kunai":77,"PureWater":0,"Runic Pyramid":48}]},"card_choices":[{"not_picked":["Study","ThirdEye"],"picked":"SashWhip","floor":1.0},{"not_picked":["PathToVictory","EmptyBody"],"picked":"ClearTheMind","floor":2.0},{"not_picked":["CutThroughFate","FlyingSleeves"],"picked":"BowlingBash","floor":3.0},{"not_picked":["Crescendo","Prostrate"],"picked":"Consecrate","floor":5.0},{"not_picked":["ThirdEye","ReachHeaven"],"picked":"Crescendo","floor":6.0},{"not_picked":["DevaForm","Consecrate","Halt"],"picked":"SKIP","floor":7.0},{"not_picked":["DevaForm","PathToVictory"],"picked":"Vault","floor":11.0},{"not_picked":["Crescendo","EmptyBody","PathToVictory"],"picked":"SKIP","floor":12.0},{"not_picked":["Vengeance","Study"],"picked":"Evaluate","floor":13.0},{"not_picked":["DeusExMachina","Ragnarok"],"picked":"LessonLearned","floor":16.0},{"not_picked":["ReachHeaven","Consecrate","Worship"],"picked":"SKIP","floor":18.0},{"not_picked":["Conclude+1","Tantrum"],"picked":"MentalFortress","floor":20.0},{"not_picked":["MentalFortress","Meditate"],"picked":"EmptyFist","floor":22.0},{"not_picked":["ClearTheMind","Pray","DeusExMachina"],"picked":"SKIP","floor":24.0},{"not_picked":["BattleHymn","ThirdEye+1"],"picked":"Prostrate","floor":27.0},{"not_picked":["CarveReality","Evaluate+1"],"picked":"JustLucky+1","floor":28.0},{"not_picked":["Protect","EmptyBody"],"picked":"CrushJoints","floor":29.0},{"not_picked":["CutThroughFate","JustLucky"],"picked":"Protect","floor":30.0},{"not_picked":["Worship","Wireheading+1"],"picked":"WreathOfFlame+1","floor":35.0},{"not_picked":["Swivel","BowlingBash","Consecrate"],"picked":"SKIP","floor":35.0},{"not_picked":["CarveReality+1","EmptyBody+1"],"picked":"FlurryOfBlows+1","floor":36.0},{"not_picked":["Meditate","CutThroughFate","Fasting2+1"],"picked":"SKIP","floor":36.0},{"not_picked":["SpiritShield","Consecrate+1"],"picked":"EmptyBody","floor":44.0},{"not_picked":["SandsOfTime","ThirdEye"],"picked":"FlyingSleeves+1","floor":46.0},{"not_picked":["EmptyFist+1","Indignation","BattleHymn+1"],"picked":"SKIP","floor":46.0},{"not_picked":["Conclude+1","Fasting2+1"],"picked":"WindmillStrike+1","floor":47.0},{"not_picked":["CrushJoints","EmptyBody","MasterReality"],"picked":"SKIP","floor":47.0},{"not_picked":["Worship","PathToVictory"],"picked":"Weave","floor":48}],"player_experience":1190308,"relics_obtained":[{"floor":6.0,"key":"Ancient Tea Set"},{"floor":9.0,"key":"Lizard Tail"},{"floor":11.0,"key":"Torii"},{"floor":23.0,"key":"WingedGreaves"},{"floor":24.0,"key":"Kunai"},{"floor":25.0,"key":"Dream Catcher"},{"floor":26.0,"key":"White Beast Statue"},{"floor":29.0,"key":"Bronze Scales"},{"floor":32.0,"key":"Prayer Wheel"},{"floor":40.0,"key":"Mercury Hourglass"},{"floor":41.0,"key":"Girya"},{"floor":43.0,"key":"Blue Candle"},{"floor":44.0,"key":"Vajra"},{"floor":48,"key":"Darkstone Periapt"}],"event_choices":[{"damage_healed":0.0,"max_hp_gain":0.0,"max_hp_loss":0.0,"gold_gain":0.0,"event_name":"Upgrade Shrine","player_choice":"Upgraded","floor":4.0,"gold_loss":0.0,"damage_taken":0.0,"cards_upgraded":["SashWhip"]},{"damage_healed":0.0,"max_hp_gain":0.0,"max_hp_loss":0.0,"gold_gain":100.0,"event_name":"Golden Shrine","player_choice":"Pray","floor":14.0,"gold_loss":0.0,"damage_taken":0.0},{"damage_healed":0.0,"max_hp_gain":0.0,"max_hp_loss":0.0,"gold_gain":0.0,"event_name":"Match and Keep!","player_choice":"1 cards matched","floor":21.0,"gold_loss":0.0,"damage_taken":0.0,"cards_obtained":["Establishment"]},{"damage_healed":0.0,"max_hp_gain":0.0,"max_hp_loss":0.0,"gold_gain":0.0,"event_name":"The Woman in Blue","player_choice":"Bought 3 Potions","floor":38.0,"gold_loss":0.0,"damage_taken":0.0}],"is_beta":false,"boss_relics":[{"not_picked":["Black Star","Tiny House"],"picked":"Runic Pyramid"},{"not_picked":["Philosopher\u0027s Stone","Busted Crown"],"picked":"Pandora\u0027s Box"}],"items_purged_floors":[37,39],"is_endless":false,"potions_floor_spawned":[2,7,11,16,20,28,29,30,33,35,36,44,46,47,48],"ascension_level":10}}