{"host":"njruw0b0uprlitpx","time":1608521681,"event":{"mods":["2.2 Compatiblity","BaseMod","Better Altar","Better Match","Better Note","Better Sensory Stone","Better Skull","Better Third Choice","Block Reminder","Colored Map","Colored Powertips","Downfall","Energized Spire","Jedi Mod","Keyboard Shortcuts","Minty Spire (QoL Compilation)","Quick Restart","Relic Stats","Replay The Spire","SacredBarkPlus","Spicy Shops","StSLib","SuperFastMode"],"gold_per_floor":[99,133,58,90,6,6,84,101,121,149,162,174,189,189,206,301,301,226,226,252,252,252,267,318,243,254,254,254,273,292,292,309,411,411,411,439,18,18,44,44,71,71,71,71,88,32,51,67,79,79,79,110,14,14,14],"floor_reached":56,"playtime":3637,"items_purged":["Decay"],"score":1459,"play_id":"f7141911-0d99-4b7d-8759-890fdb0470de","local_time":"20201220213441","is_ascension_mode":true,"campfire_choices":[{"floor":1.0,"key":"RECALL"},{"data":"champ:GladiatorStyle","floor":3.0,"key":"SMITH"},{"data":"champ:StrikeOfGenius","floor":18.0,"key":"SMITH"},{"floor":22.0,"key":"REST"},{"data":"champ:EndlessRage","floor":25,"key":"SMITH"},{"floor":27,"key":"REST"},{"data":"champ:PerfectForm","floor":35,"key":"SMITH"},{"data":"champ:Improvising","floor":38,"key":"SMITH"},{"data":"expansioncontent:DashGenerateEvil","floor":40,"key":"SMITH"},{"data":"champ:EnchantSword","floor":44,"key":"SMITH"},{"floor":54,"key":"REST"}],"circlet_count":0,"master_deck":["champ:Execute","champ:Taunt","champ:GladiatorStyle+1","champ:Haymaker","champ:CrownThrow","champ:EnchantSword+1","champ:TornadoPunch","champ:FanOfKnives+1","champ:FightOn","champ:CrookedStrike","champ:PerfectedStrike","champ:Haymaker+1","champ:StrikeOfGenius+1","champ:AdrenalArmor+1","champ:EndlessRage+1","champ:EnchantSword+1","champ:FaceSlap+1","champ:Lariat+1","champ:RisingSlash","champ:PerfectForm+1","champ:DeathBlow","champ:FlashCut","champ:CalledShot","champ:CalledShot","champ:Improvising+1","champ:ShieldWall","champ:FocusedBerserking+1","expansioncontent:DashGenerateEvil+1","champ:SwordThrow+1","champ:VampiricStrike","champ:SwordSigil+1","champ:SwordThrow"],"relics":["Runic Pyramid","Nunchaku","downfall:HeartBlessingRed","champ:DefensiveTrainingManual","ReplayTheSpireMod:CursedCoin","Toxic Egg 2","Chameleon Ring","jedi:paperlyon","downfall:HeartBlessingGreen","Guardian:StasisSlotReductionRelic","Replay:Ringing Soul","downfall:HeartBlessingBlue","downfall:RedIOU","Pandora\u0027s Box","Art of War","Torii","Oddly Smooth Stone","Centennial Puzzle","Replay:Mystery Machine","Whetstone","Replay:PocketPolymizer"],"acts_visited":["Exordium","TheCity","TheBeyond","TheEnding"],"potions_floor_usage":[32,33,36,46,49,50,50,55,55,55],"damage_taken":[{"damage":69.0,"enemies":"Lagavulin","floor":2.0,"turns":10.0},{"damage":41.0,"enemies":"Gremlin Nob","floor":4.0,"turns":4.0},{"damage":10.0,"enemies":"downfall:FleeingMerchant","floor":5.0,"turns":4.0},{"damage":2.0,"enemies":"Small Slimes","floor":8.0,"turns":3.0},{"damage":8.0,"enemies":"Cultist","floor":9.0,"turns":3.0},{"damage":7.0,"enemies":"3 Sentries","floor":10.0,"turns":6.0},{"damage":4.0,"enemies":"Jaw Worm","floor":11.0,"turns":3.0},{"damage":1.0,"enemies":"2 Fungi Beasts","floor":12.0,"turns":2.0},{"damage":0.0,"enemies":"Large Slime","floor":13.0,"turns":3.0},{"damage":8.0,"enemies":"Blue Slaver","floor":15.0,"turns":2.0},{"damage":15.0,"enemies":"downfall:Watcher","floor":16.0,"turns":5.0},{"damage":26.0,"enemies":"Slavers","floor":20.0,"turns":4.0},{"damage":8.0,"enemies":"3 Byrds","floor":23.0,"turns":3.0},{"damage":16,"enemies":"Centurion and Healer","floor":26,"turns":5},{"damage":59,"enemies":"Shelled Parasite and Fungi","floor":29,"turns":5},{"damage":29,"enemies":"Snake Plant","floor":30,"turns":3},{"damage":18,"enemies":"Cultist and Chosen","floor":32,"turns":5},{"damage":53,"enemies":"downfall:Silent","floor":33,"turns":7},{"damage":42,"enemies":"Giant Head","floor":36,"turns":5},{"damage":51,"enemies":"downfall:FleeingMerchant","floor":37,"turns":4},{"damage":15,"enemies":"R_Hoarder","floor":39,"turns":4},{"damage":40,"enemies":"3 Shapes","floor":45,"turns":3},{"damage":39,"enemies":"downfall:FleeingMerchant","floor":46,"turns":2},{"damage":16,"enemies":"Orb Walker","floor":47,"turns":3},{"damage":57,"enemies":"4 Shapes","floor":48,"turns":3},{"damage":43,"enemies":"Spire Growth","floor":49,"turns":3},{"damage":32,"enemies":"downfall:Defect","floor":50,"turns":3},{"damage":70,"enemies":"downfall:CharBossMerchant","floor":52,"turns":4},{"damage":176,"enemies":"downfall:NeowBoss","floor":55,"turns":14}],"seed_played":"-3012539945931613254","potions_obtained":[{"floor":2.0,"key":"GamblersBrew"},{"floor":4.0,"key":"Energy Potion"},{"floor":6.0,"key":"CultistPotion"},{"floor":6.0,"key":"champ:CounterPotion"},{"floor":8.0,"key":"Dexterity Potion"},{"floor":10.0,"key":"PowerPotion"},{"floor":13.0,"key":"champ:CounterPotion"},{"floor":30,"key":"SkillPotion"},{"floor":32,"key":"Dexterity Potion"},{"floor":33,"key":"jedi:StrikingPotion"},{"floor":42,"key":"Swift Potion"},{"floor":42,"key":"Weak Potion"},{"floor":47,"key":"Regen Potion"},{"floor":48,"key":"sneckomod:MuddlingPotion"},{"floor":49,"key":"Swift Potion"},{"floor":52,"key":"Languid Potion"}],"is_trial":false,"path_per_floor":["R","E","R","E","$","?","T","M","M","E","M","M","M","T","M","B",null,"R","?","E","?","R","M","T","R","M","R","?","M","M","?","M","B",null,"R","E","$","R","E","R","T","R","?","R","M","$","M","M","M","B",null,"E","$","R","B",null],"character_chosen":"THE_CHAMP","items_purchased":["ReplayTheSpireMod:CursedCoin","champ:EnchantSword","expansioncontent:DashGenerateEvil","Torii","Oddly Smooth Stone","champ:VampiricStrike","Whetstone","Strength Potion"],"campfire_rested":3,"item_purchase_floors":[5,5,37,37,37,46,46,53],"current_hp_per_floor":[90,49,49,18,18,18,18,16,13,31,27,26,26,26,18,68,90,90,68,45,49,70,67,67,77,64,84,87,45,22,22,27,37,102,102,102,110,110,111,111,111,111,111,111,91,112,96,74,117,119,119,88,88,122,122],"gold":14,"neow_bonus":"BOSS_RELIC","is_daily":false,"chose_seed":false,"campfire_upgraded":7,"win_rate":0.0,"timestamp":1608521681,"path_taken":["R","E","R","E","$","?","T","M","M","E","?","M","M","?","M","BOSS","R","?","E","?","R","M","T","R","M","R","?","M","?","?","M","BOSS","R","E","$","R","E","R","T","R","?","R","M","$","M","?","M","BOSS","E","$","R","BOSS"],"items_purchased_type":["Relic","Card","Card","Relic","Relic","Card","Relic","Potion"],"build_version":"2020-12-13","purchased_purges":1,"victory":true,"max_hp_per_floor":[90,90,90,90,90,90,90,90,90,90,90,90,90,90,90,90,90,90,68,71,71,71,74,74,84,84,84,87,90,93,93,96,99,102,102,102,110,110,113,113,113,113,113,113,113,116,116,116,119,119,119,122,122,122,122],"relic_stats":{"Nunchaku":[22],"Centennial Puzzle":[24],"Torii":13,"counters":[29,125],"Pandora\u0027s Box":["champ:DeathBlow","champ:FlashCut","champ:FightOn","champ:CalledShot","champ:CalledShot","champ:Improvising","champ:ShieldWall","champ:FocusedBerserking"],"Art of War":[5],"Whetstone":["champ:Haymaker","champ:FanOfKnives"],"obtain_stats":[{"Gremlin Food":10,"Guardian:StasisSlotReductionRelic":19,"Replay:PocketPolymizer":52,"downfall:HeartBlessingRed":3,"Torii":37,"ReplayTheSpireMod:CursedCoin":5,"Oddly Smooth Stone":37,"champ:ChampionCrown":0,"downfall:HeartBlessingGreen":18,"jedi:command_boss":19,"Whetstone":46,"Replay:Mystery Machine":41,"Replay:Ringing Soul":20,"Nunchaku":2,"Centennial Puzzle":39,"Chameleon Ring":14,"champ:DefensiveTrainingManual":4,"jedi:paperlyon":17,"downfall:HeartBlessingBlue":25,"Pandora\u0027s Box":34,"downfall:RedIOU":31,"Art of War":36,"Toxic Egg 2":7,"Runic Pyramid":0},{"Gremlin Food":6,"Guardian:StasisSlotReductionRelic":11,"Replay:PocketPolymizer":28,"downfall:HeartBlessingRed":1,"Torii":20,"ReplayTheSpireMod:CursedCoin":3,"Oddly Smooth Stone":20,"champ:ChampionCrown":0,"downfall:HeartBlessingGreen":11,"jedi:command_boss":11,"Whetstone":23,"Replay:Mystery Machine":21,"Replay:Ringing Soul":12,"Nunchaku":1,"Centennial Puzzle":21,"Chameleon Ring":9,"champ:DefensiveTrainingManual":2,"jedi:paperlyon":11,"downfall:HeartBlessingBlue":13,"Pandora\u0027s Box":18,"downfall:RedIOU":16,"Art of War":19,"Toxic Egg 2":3,"Runic Pyramid":0},{"Gremlin Food":30,"Guardian:StasisSlotReductionRelic":45,"Replay:PocketPolymizer":111,"downfall:HeartBlessingRed":10,"Torii":86,"ReplayTheSpireMod:CursedCoin":18,"Oddly Smooth Stone":86,"champ:ChampionCrown":0,"downfall:HeartBlessingGreen":45,"jedi:command_boss":45,"Whetstone":95,"Replay:Mystery Machine":90,"Replay:Ringing Soul":49,"Nunchaku":10,"Centennial Puzzle":90,"Chameleon Ring":38,"champ:DefensiveTrainingManual":14,"jedi:paperlyon":45,"downfall:HeartBlessingBlue":52,"Pandora\u0027s Box":77,"downfall:RedIOU":65,"Art of War":82,"Toxic Egg 2":18,"Runic Pyramid":0}]},"card_choices":[{"not_picked":["champ:CrookedStrike","champ:Lariat"],"picked":"champ:GladiatorStyle","floor":2.0},{"not_picked":["champ:CrookedStrike","champ:ViciousMockery"],"picked":"champ:Haymaker","floor":4.0},{"not_picked":["champ:Encircle","champ:HeartStrike"],"picked":"champ:CrownThrow","floor":5.0},{"not_picked":["champ:EnGarde+1","champ:BerserkersShout+1"],"picked":"champ:TornadoPunch","floor":8.0},{"not_picked":["champ:SkillfulDodge+1","champ:DefensiveShout+1","champ:FocusedDefense+1"],"picked":"SKIP","floor":9.0},{"not_picked":["champ:CrownThrow","champ:FocusedBerserking+1"],"picked":"champ:FanOfKnives","floor":10.0},{"not_picked":["champ:FalseCounter+1","champ:Circumvent+1"],"picked":"champ:FightOn","floor":11.0},{"not_picked":["champ:Encircle","champ:Backstep+1"],"picked":"champ:CrookedStrike","floor":12.0},{"not_picked":["champ:Balance+1","champ:AdrenalArmor+1"],"picked":"champ:PerfectedStrike","floor":13.0},{"not_picked":["champ:AdrenalArmor+1","champ:EnragedBash"],"picked":"champ:Haymaker","floor":15.0},{"not_picked":["champ:SwordThrow","champ:DancingMaster"],"picked":"champ:StrikeOfGenius","floor":16.0},{"not_picked":["champ:EnragedBash","champ:PreciseThrust"],"picked":"champ:AdrenalArmor+1","floor":20.0},{"not_picked":["champ:Duel","champ:RecklessLeap"],"picked":"champ:EndlessRage","floor":23.0},{"not_picked":["champ:SkillfulDodge+1","champ:Riposte+1","champ:Circumvent+1"],"picked":"SKIP","floor":26},{"not_picked":["champ:SwordSigil+1","champ:PerfectedStrike+1"],"picked":"champ:FaceSlap+1","floor":29},{"not_picked":["champ:IronFortress","champ:DefensiveShout+1"],"picked":"champ:Lariat+1","floor":30},{"not_picked":["champ:FalseCounter+1","champ:Balance+1"],"picked":"champ:RisingSlash","floor":32},{"not_picked":["champ:ShieldThrow","champ:EnchantCrown+1"],"picked":"champ:PerfectForm","floor":33},{"not_picked":["champ:Encircle","champ:CrookedStrike","champ:Circumvent+1"],"picked":"SKIP","floor":36},{"not_picked":["champ:TornadoPunch","champ:FlashCut","champ:Circumvent+1"],"picked":"SKIP","floor":37},{"not_picked":["champ:EnGarde+1","champ:GutPunch"],"picked":"champ:SwordThrow","floor":39},{"not_picked":["champ:GladiatorStyle+1","champ:GladiatorsShout+1","champ:RapidStrikes"],"picked":"SKIP","floor":45},{"not_picked":["champ:Circumvent+1","champ:ViciousMockery+1","champ:RapidStrikes"],"picked":"SKIP","floor":46},{"not_picked":["champ:FanOfKnives+1","champ:TornadoPunch+1","champ:CrookedStrike+1"],"picked":"SKIP","floor":47},{"not_picked":["champ:FanOfKnives","champ:FalseCounter+1","champ:Circumvent+1"],"picked":"SKIP","floor":48},{"not_picked":["champ:ViciousMockery+1","champ:CrookedStrike+1"],"picked":"champ:SwordSigil+1","floor":49},{"not_picked":["champ:Circumvent+1","champ:Haymaker"],"picked":"champ:SwordThrow","floor":52}],"player_experience":1381565,"relics_obtained":[{"floor":2.0,"key":"Nunchaku"},{"floor":4.0,"key":"champ:DefensiveTrainingManual"},{"floor":7.0,"key":"Toxic Egg 2"},{"floor":10.0,"key":"Gremlin Food"},{"floor":14.0,"key":"Chameleon Ring"},{"floor":20.0,"key":"Replay:Ringing Soul"},{"floor":36,"key":"Art of War"},{"floor":39,"key":"Centennial Puzzle"},{"floor":41,"key":"Replay:Mystery Machine"},{"floor":52,"key":"Replay:PocketPolymizer"}],"event_choices":[{"damage_healed":0.0,"max_hp_gain":0.0,"max_hp_loss":0.0,"gold_gain":0.0,"event_name":"Lab","player_choice":"Got Potions","floor":6.0,"gold_loss":0.0,"damage_taken":0.0},{"damage_healed":4.0,"max_hp_gain":0.0,"max_hp_loss":0.0,"gold_gain":0.0,"event_name":"betterSkull:BetterSkull","player_choice":"LEAVE ","floor":21.0,"gold_loss":0.0,"damage_taken":0.0,"cards_upgraded":[],"relics_obtained":[]},{"cards_removed":["champ:EnchantSword"],"damage_healed":0,"gold_gain":0,"player_choice":"Take \u0026 Give","damage_taken":0,"max_hp_gain":0,"max_hp_loss":0,"event_name":"betterNote:BetterNote","floor":28,"gold_loss":0,"cards_obtained":["champ:EnchantSword"]},{"damage_healed":0,"gold_gain":0,"player_choice":"Upgraded","damage_taken":0,"max_hp_gain":0,"max_hp_loss":0,"event_name":"Upgrade Shrine","floor":43,"gold_loss":0,"cards_upgraded":["champ:SwordThrow"]}],"is_beta":false,"boss_relics":[{"not_picked":["Busted Crown","Calling Bell"],"picked":"jedi:paperlyon"},{"not_picked":["energizedSpire:OgreHead","Black Star"],"picked":"Pandora\u0027s Box"}],"items_purged_floors":[46],"is_endless":false,"potions_floor_spawned":[2,4,8,10,13,30,32,33,47,48,49,52],"ascension_level":4}}