{"host":"kh4wzxwh3q3yppxp","time":1608510473,"event":{"mods":["AchievementEnabler","BaseMod","Colored Map","DeckTracker","Minty Spire (QoL Compilation)","Quick Restart","StSLib"],"gold_per_floor":[112,62,62,162,174,208,208,267,267,286,286,302,320,320,320,418,418,430,412,412,337,337,337],"floor_reached":22,"playtime":729,"items_purged":["Strike_G"],"score":209,"play_id":"d9b141fe-ff32-43f3-9f67-43e39411b2f4","local_time":"20201221022753","is_ascension_mode":false,"campfire_choices":[{"data":"Neutralize","floor":7,"key":"SMITH"},{"data":"Strike_G","floor":11,"key":"SMITH"},{"floor":15,"key":"REST"}],"circlet_count":0,"master_deck":["Strike_G","Strike_G","Strike_G","Strike_G+1","Defend_G","Defend_G","Defend_G","Defend_G","Survivor","Neutralize+1"],"relics":["Ring of the Snake","NeowsBlessing","Mango","Matryoshka","Dream Catcher","Oddly Smooth Stone","Letter Opener","Regal Pillow","Runic Pyramid"],"acts_visited":["Exordium","TheCity"],"potions_floor_usage":[8,16,16,19],"damage_taken":[{"damage":0,"enemies":"Small Slimes","floor":1,"turns":1},{"damage":0,"enemies":"2 Louse","floor":5,"turns":1},{"damage":0,"enemies":"3 Sentries","floor":6,"turns":1},{"damage":39,"enemies":"3 Sentries","floor":8,"turns":11},{"damage":0,"enemies":"Cultist","floor":10,"turns":3},{"damage":3,"enemies":"3 Louse","floor":12,"turns":6},{"damage":2,"enemies":"Exordium Wildlife","floor":13,"turns":7},{"damage":72,"enemies":"Hexaghost","floor":16,"turns":16},{"damage":40,"enemies":"Shell Parasite","floor":18,"turns":6},{"damage":31,"enemies":"2 Thieves","floor":19,"turns":4},{"damage":0,"enemies":"3 Cultists","floor":22,"turns":1}],"seed_played":"-8897495126678959008","potions_obtained":[{"floor":1,"key":"LiquidBronze"},{"floor":5,"key":"Regen Potion"},{"floor":6,"key":"DuplicationPotion"},{"floor":10,"key":"Weak Potion"}],"is_trial":false,"path_per_floor":["M","?","$","?","M","E","R","?","T","M","R","M","M","T","R","B",null,"M","M","?","$","M"],"character_chosen":"THE_SILENT","items_purchased":[],"campfire_rested":1,"item_purchase_floors":[],"current_hp_per_floor":[70,70,70,70,70,84,84,60,60,60,60,57,55,55,84,12,84,44,13,13,13,13,13],"gold":337,"neow_bonus":"THREE_ENEMY_KILL","is_daily":false,"chose_seed":false,"campfire_upgraded":2,"win_rate":0.0,"timestamp":1608510473,"path_taken":["M","?","$","?","?","E","R","?","T","M","R","M","M","?","R","BOSS","M","?","?","$","M"],"items_purchased_type":[],"build_version":"2020-12-13","purchased_purges":1,"victory":false,"max_hp_per_floor":[70,70,70,70,70,84,84,84,84,84,84,84,84,84,84,84,84,84,84,84,84,84,84],"card_choices":[{"not_picked":["Bouncing Flask","Dodge and Roll","Poisoned Stab"],"picked":"SKIP","floor":1},{"not_picked":["Acrobatics","Predator","Heel Hook"],"picked":"SKIP","floor":5},{"not_picked":["Terror","Infinite Blades","Slice"],"picked":"SKIP","floor":6},{"not_picked":["Backstab","Blade Dance","Skewer"],"picked":"SKIP","floor":10},{"not_picked":["Outmaneuver","Slice","Backflip"],"picked":"SKIP","floor":12},{"not_picked":["Tactician","Acrobatics","Backflip"],"picked":"SKIP","floor":13},{"not_picked":["Cloak And Dagger","Quick Slash","Acrobatics+1"],"picked":"SKIP","floor":18},{"not_picked":["Slice","All Out Attack","Blade Dance"],"picked":"SKIP","floor":19}],"player_experience":691829,"relics_obtained":[{"floor":6,"key":"Mango"},{"floor":9,"key":"Dream Catcher"},{"floor":9,"key":"Oddly Smooth Stone"},{"floor":14,"key":"Letter Opener"},{"floor":14,"key":"Regal Pillow"}],"event_choices":[{"cards_removed":["Defend_G"],"damage_healed":0,"gold_gain":0,"player_choice":"Card Removal","damage_taken":0,"max_hp_gain":0,"max_hp_loss":0,"event_name":"The Cleric","floor":2,"gold_loss":50},{"damage_healed":0,"gold_gain":100,"player_choice":"Pray","damage_taken":0,"max_hp_gain":0,"max_hp_loss":0,"event_name":"Golden Shrine","floor":4,"gold_loss":0},{"damage_healed":0,"gold_gain":0,"player_choice":"Searched \u00272\u0027 times","damage_taken":0,"relics_obtained":["Matryoshka"],"max_hp_gain":0,"max_hp_loss":0,"event_name":"Dead Adventurer","floor":8,"gold_loss":0},{"damage_healed":0,"gold_gain":0,"player_choice":"Ignored","damage_taken":0,"max_hp_gain":0,"max_hp_loss":0,"event_name":"Ghosts","floor":20,"gold_loss":0}],"is_beta":false,"boss_relics":[{"not_picked":["Ring of the Serpent","Philosopher\u0027s Stone"],"picked":"Runic Pyramid"}],"items_purged_floors":[21],"is_endless":false,"potions_floor_spawned":[1,5,6,10],"killed_by":"3 Cultists","ascension_level":0}}