{"host":"0azimyi6n3ugndj4","time":1608563992,"event":{"mods":["BaseMod","Bestiary","Conspire","Curses Come First","Defuse TimeMaze Blight","Hyrulean Relics","Infinite Spire","Minty Spire (QoL Compilation)","Relic Sorter","Relic Stats","Replay The Spire","StSLib","SuperFastMode","Uncapped","¡¼?Úª?ø«¡½REMEMod"],"gold_per_floor":[150,180,14,14,14,113,170,170,170],"floor_reached":8,"playtime":200,"items_purged":[],"score":187,"play_id":"a22ea31f-c713-49e3-becb-cf4ad5f9c860","local_time":"20201222001952","daily_mods":["Insanity","Chimera","Specialized","Vintage","ControlledChaos","Allstar","Diverse","Colorless Cards","Heirloom","Time Dilation","Binary","Elite Swarm","Lethality","Midas","Uncertain Future"],"is_ascension_mode":true,"campfire_choices":[],"circlet_count":0,"master_deck":["Demon Form","Wraith Form v2","Echo Form","DevaForm","AscendersBane","Bash","Survivor","Zap","Eruption","Strike_R","Strike_G","Strike_B","Defend_R","Defend_G","Defend_P","BasicCrystalCard","ThirdEye","BasicCrystalCard","WaveOfTheHand","SashWhip","Twin Strike","Replay:Anticipation","conspire:ExplosiveBarrier","Flex","Fasting2","Acrobatics","Deadly Poison","Flying Knee","ReachHeaven","Setup","Sucker Punch","Deflect","ForeignInfluence","Hidden Blade","FlyingSleeves","Genetic Algorithm","Clothesline","Blade Dance","Intimidate","Compile Driver","Ball Lightning","Stack","Cleave","Panic Button","FollowUp","Perfected Strike","Leap","Wild Strike","Wireheading","Flash of Steel","Twin Strike","Body Slam","Cleave","Heavy Blade","Cleave","Protect","Go for the Eyes","JustLucky","Clothesline","Dash","SashWhip","PathToVictory","Coolheaded","Rip and Tear","Dodge and Roll","Fusion","Fusion","Fusion","Fusion","Fusion","Chrysalis","Replay:Parry","REME_ProfessionalPlagiarism","The Bomb","Mayhem","REME_ProfessionalPlagiarism","ReplayTheSpireMod:Chaos Vortex","Hologram","Devotion"],"relics":["REME_HourglassOfDeath","Ring of Misfortune","Ring of Peace","Snecko Scales","WristBlade","Art of War","infinitespire:Chaos","zeldaRelics:BlueTunic","zeldaRelics:CouragePiece","Omamori"],"acts_visited":["Exordium"],"potions_floor_usage":[8,8],"damage_taken":[{"damage":13,"enemies":"Jaw Worm","floor":1,"turns":5},{"damage":0,"enemies":"Small Slimes","floor":2,"turns":2},{"damage":14,"enemies":"Small Slimes","floor":5,"turns":5},{"damage":9,"enemies":"3 Sentries","floor":6,"turns":4},{"damage":0,"enemies":"Cultist","floor":7,"turns":3},{"damage":12,"enemies":"Lagavulin","floor":8,"turns":3}],"seed_played":"5260790561321376688","potions_obtained":[{"floor":5,"key":"Ancient Potion"},{"floor":7,"key":"FearPotion"}],"is_trial":true,"path_per_floor":["M","M","$","?","?","E","M","E"],"character_chosen":"THE_SILENT","items_purchased":["infinitespire:Chaos"],"campfire_rested":0,"item_purchase_floors":[3],"current_hp_per_floor":[46,46,46,30,16,7,7,0,0],"gold":170,"neow_bonus":"","is_daily":false,"chose_seed":false,"campfire_upgraded":0,"win_rate":0.0,"timestamp":1608563992,"path_taken":["M","M","$","?","?","E","M","E"],"items_purchased_type":["Relic"],"build_version":"2020-12-13","purchased_purges":0,"victory":false,"max_hp_per_floor":[66,66,66,66,66,66,66,66,66],"relic_stats":{"counters":[6,21],"Art of War":[4],"obtain_stats":[{"zeldaRelics:BlueTunic":5,"infinitespire:EmptyRelic":3,"infinitespire:Joker Card":0,"Omamori":7,"Frozen Eye":0,"Dream Catcher":2,"HornCleat":1,"REME_HourglassOfDeath":3,"Snecko Scales":3,"WristBlade":3,"Ring of Misfortune":3,"Ring of Peace":3,"Art of War":3,"zeldaRelics:CouragePiece":6,"infinitespire:Chaos":3,"Ring of the Snake":0,"REME_ComplimentaryCards":0},{"zeldaRelics:BlueTunic":3,"infinitespire:EmptyRelic":2,"infinitespire:Joker Card":0,"Omamori":5,"Frozen Eye":0,"Dream Catcher":2,"HornCleat":1,"REME_HourglassOfDeath":2,"Snecko Scales":2,"WristBlade":2,"Ring of Misfortune":2,"Ring of Peace":2,"Art of War":2,"zeldaRelics:CouragePiece":4,"infinitespire:Chaos":2,"Ring of the Snake":0,"REME_ComplimentaryCards":0},{"zeldaRelics:BlueTunic":12,"infinitespire:EmptyRelic":7,"infinitespire:Joker Card":0,"Omamori":18,"Frozen Eye":0,"Dream Catcher":7,"HornCleat":5,"REME_HourglassOfDeath":7,"Snecko Scales":7,"WristBlade":7,"Ring of Misfortune":7,"Ring of Peace":7,"Art of War":7,"zeldaRelics:CouragePiece":16,"infinitespire:Chaos":7,"Ring of the Snake":0,"REME_ComplimentaryCards":0}]},"card_choices":[{"not_picked":["infinitespire:TheBestDefense","infinitespire:Menacing"],"picked":"ReplayTheSpireMod:Chaos Vortex","floor":4},{"not_picked":["Bane"],"picked":"Hologram","floor":5},{"not_picked":["Hemogenesis"],"picked":"Devotion","floor":6}],"player_experience":1488690,"relics_obtained":[{"floor":1,"key":"HornCleat"},{"floor":2,"key":"Dream Catcher"},{"floor":5,"key":"zeldaRelics:BlueTunic"},{"floor":6,"key":"zeldaRelics:CouragePiece"},{"floor":7,"key":"Omamori"}],"event_choices":[],"is_beta":false,"boss_relics":[],"items_purged_floors":[],"is_endless":false,"potions_floor_spawned":[5,7],"killed_by":"Lagavulin","ascension_level":20}}