{"host":"pew4fjlaqz7m1maf","time":1608589778,"event":{"mods":["AchievementEnabler","Act Like it!","Bartender","BaseMod","Bestiary","Better Match","Better Note","Block Reminder","Booster Modes","Colored Map","Colored Powertips","Curses Come First","DeckTracker","Duelist Mod","GifTheSpireLib","GungeonMod","Hallownest","Hero for Fun","Hyrulean Relics","Jedi Mod","LagranYue(ùfäiòNÅEåé)","Magitek Elite","MarisaÅiñ∂âJÅ@ñÇóùçπÅj","Melee Mod","Minty Spire (QoL Compilation)","Prisma Mod","Quick Restart","Random Character Button","Rare Cards Sparkle","Relic Stats","Replay The Spire","SOSÅiézîb?îVéqÅj","StSLib","Td1madao Mod","The Animator","The Blue Laboratory","The Bug Knight","The Mystic","The Servant 0.9.4","The Wild Card","TheHero","TheWitcher","Uncapped","Waifu the Spire","Åyå˜î\ModÅz?ñæìIç≈?Boss"],"gold_per_floor":[117,185,195,213,226,226,245,245,294,294,305,325,325,27,27,122,122,139,45,57,77,77,77,17,17,17,37,37,48,58,78,78,174,174,189,189,189,17,37,37,37],"floor_reached":40,"playtime":4576,"items_purged":["Strike_G"],"score":432,"play_id":"72e19001-7c26-49a3-bbd4-3f028c17e32f","local_time":"20201221152938","is_ascension_mode":false,"campfire_choices":[{"floor":6.0,"key":"REST"},{"data":"Flechettes","floor":13.0,"key":"SMITH"},{"floor":15.0,"key":"REST"},{"data":"Choke","floor":23.0,"key":"SMITH"},{"data":"Blade Dance","floor":25.0,"key":"SMITH"},{"data":"Survivor","floor":28.0,"key":"SMITH"},{"floor":32.0,"key":"REST"}],"circlet_count":0,"master_deck":["Defend_G+1","Defend_G","Defend_G","Defend_G","Defend_G","Survivor+1","Neutralize","Hidden Blade","Riddle With Holes","Flechettes+1","Hidden Blade","Blur","Flying Knee","Blade Dance+1","Terror","Backstab+1","Replay:Bag of Tricks","Blur+1","Poison Darts+1","Draining Mist+1","Blade Dance+1","Slice","Bane","Choke+1","Escape Plan","Blade Dance+1","Outmaneuver","Riddle With Holes","Blade Dance","Wraith Form v2","Deflect+1","Wraith","Madness","Madness","Outmaneuver","Backflip","Endless Agony","Slice"],"relics":["Ring of the Snake","LagranYue:RandomDrawCardRelic","NeowsBlessing","DemoMod:BlueGuonStone","Ring of Misfortune","Orichalcum","Gremlin Food","Astrolabe","Question Card","LagranYue:ContractPerformanceRelic"],"acts_visited":["Exordium","TheCity","TheBeyond"],"potions_floor_usage":[],"damage_taken":[{"damage":0.0,"enemies":"2 Louse","floor":1.0,"turns":1.0},{"damage":0.0,"enemies":"Jaw Worm","floor":3.0,"turns":1.0},{"damage":0.0,"enemies":"Cultist","floor":4.0,"turns":1.0},{"damage":0.0,"enemies":"Blue Slaver","floor":5.0,"turns":4.0},{"damage":6.0,"enemies":"Large Slime","floor":7.0,"turns":8.0},{"damage":0.0,"enemies":"Red Slaver","floor":11.0,"turns":6.0},{"damage":3.0,"enemies":"Exordium Wildlife","floor":12.0,"turns":3.0},{"damage":4.0,"enemies":"The Guardian","floor":16.0,"turns":11.0},{"damage":0.0,"enemies":"Chosen","floor":18.0,"turns":5.0},{"damage":3.0,"enemies":"Spheric Guardian","floor":20.0,"turns":5.0},{"damage":16.0,"enemies":"Shelled Parasite and Fungi","floor":21.0,"turns":5.0},{"damage":6.0,"enemies":"Snecko","floor":27.0,"turns":3.0},{"damage":1.0,"enemies":"Cultist and Chosen","floor":29.0,"turns":6.0},{"damage":4.0,"enemies":"Centurion and Healer","floor":30.0,"turns":4.0},{"damage":3.0,"enemies":"Shelled Parasite and Fungi","floor":31.0,"turns":5.0},{"damage":66.0,"enemies":"Champ","floor":33.0,"turns":20.0},{"damage":7.0,"enemies":"Orb Walker","floor":35.0,"turns":5.0},{"damage":22.0,"enemies":"3 Shapes","floor":39.0,"turns":3.0},{"damage":24,"enemies":"Giant Head","floor":40,"turns":10}],"seed_played":"-112109553395808308","potions_obtained":[{"floor":2.0,"key":"Languid Potion"},{"floor":3.0,"key":"Adrenaline Potion"},{"floor":4.0,"key":"BlessingOfTheForge"},{"floor":5.0,"key":"ColorlessPotion"},{"floor":11.0,"key":"AttackPotion"},{"floor":12.0,"key":"Regen Potion"},{"floor":18.0,"key":"blueLaboratory:LouseDecoction"},{"floor":27.0,"key":"blueLaboratory:AbyssPotion"},{"floor":29.0,"key":"Block Potion"},{"floor":31.0,"key":"SpeedPotion"},{"floor":35.0,"key":"Explosive Potion"}],"is_trial":false,"path_per_floor":["M","?","M","M","M","R","M","?","T","?","M","M","R","$","R_BF","B",null,"M","$","M","M","?","R","?","R","T","M","R","M","M","M","R","B",null,"M","?","?","$","M","E"],"character_chosen":"THE_SILENT","items_purchased":["Gremlin Food","Backstab","Slice","Bane","Outmaneuver","Backflip","Endless Agony"],"campfire_rested":3,"item_purchase_floors":[14,14,19,19,38,38,38],"current_hp_per_floor":[70,42,42,42,42,63,57,57,57,57,57,54,54,54,70,66,70,70,70,67,63,63,63,63,63,63,57,57,56,52,49,70,4,70,63,63,54,54,32,8,8],"gold":37,"neow_bonus":"THREE_ENEMY_KILL","is_daily":false,"chose_seed":false,"campfire_upgraded":4,"win_rate":0.0,"timestamp":1608589778,"path_taken":["M","?","M","?","M","R","M","?","T","?","M","M","R","$","R_BF","BOSS","M","$","M","M","?","R","?","R","T","M","R","M","M","M","R","BOSS","M","?","?","$","M","E"],"items_purchased_type":["Relic","Card","Card","Card","Card","Card","Card"],"build_version":"2020-12-13","purchased_purges":1,"victory":false,"max_hp_per_floor":[70,70,70,70,70,70,70,70,70,70,70,70,70,70,70,70,70,70,70,70,70,70,70,70,70,70,70,70,70,70,70,70,70,70,70,70,70,70,70,70,70],"relic_stats":{"counters":[19,106],"Astrolabe":["Blur","Poison Darts","Draining Mist"],"Orichalcum":[114],"Question Card":10,"obtain_stats":[{"Gremlin Food":14,"DemoMod:BlueGuonStone":2,"LagranYue:ContractPerformanceRelic":34,"LagranYue:RandomDrawCardRelic":0,"NeowsBlessing":0,"Ring of Misfortune":8,"Astrolabe":17,"DemoMod:GlassGuonStoneRelic":3,"Orichalcum":9,"Question Card":26,"Ring of the Snake":0},{"Gremlin Food":7,"DemoMod:BlueGuonStone":1,"LagranYue:ContractPerformanceRelic":16,"LagranYue:RandomDrawCardRelic":0,"NeowsBlessing":0,"Ring of Misfortune":5,"Astrolabe":8,"DemoMod:GlassGuonStoneRelic":2,"Orichalcum":5,"Question Card":11,"Ring of the Snake":0},{"Gremlin Food":24,"DemoMod:BlueGuonStone":1,"LagranYue:ContractPerformanceRelic":88,"LagranYue:RandomDrawCardRelic":0,"NeowsBlessing":0,"Ring of Misfortune":15,"Astrolabe":35,"DemoMod:GlassGuonStoneRelic":2,"Orichalcum":15,"Question Card":50,"Ring of the Snake":0}],"Ring of the Snake":[38]},"card_choices":[{"not_picked":["Replay:Poison Smokescreen","Backflip"],"picked":"Hidden Blade","floor":1.0},{"not_picked":["Catalyst","Well Laid Plans"],"picked":"Riddle With Holes","floor":2.0},{"not_picked":["Prepared","Leg Sweep"],"picked":"Flechettes","floor":3.0},{"not_picked":["Bane","ReplayTheSpireMod:Exploit Weakness"],"picked":"Hidden Blade","floor":4.0},{"not_picked":["Dodge and Roll","jedi:brewingpoison"],"picked":"Blur","floor":5.0},{"not_picked":["jedi:poisonivy","Quick Slash"],"picked":"Flying Knee","floor":7.0},{"not_picked":["Underhanded Strike","Dagger Spray"],"picked":"Blade Dance","floor":11.0},{"not_picked":["Dagger Spray","ReplayTheSpireMod:The Works"],"picked":"Terror","floor":12.0},{"not_picked":["Adrenaline","Tools of the Trade"],"picked":"Replay:Bag of Tricks","floor":16.0},{"not_picked":["Sucker Punch+1","jedi:collectorvenom"],"picked":"Blade Dance+1","floor":18.0},{"not_picked":["Hidden Blade+1","Dagger Spray"],"picked":"Choke","floor":20.0},{"not_picked":["Backflip+1","Acrobatics"],"picked":"Escape Plan","floor":21.0},{"not_picked":["Flechettes+1","jedi:pocketpoison","Outmaneuver"],"picked":"Blade Dance+1","floor":27.0},{"not_picked":["Slice","Dodge and Roll","Flying Knee"],"picked":"Outmaneuver","floor":29.0},{"not_picked":["Noxious Fumes+1","Toxin Wave","Dagger Throw+1"],"picked":"Riddle With Holes","floor":30.0},{"not_picked":["Outmaneuver","Toxin Wave","Dagger Throw+1"],"picked":"Blade Dance","floor":31.0},{"not_picked":["Adrenaline","ReplayTheSpireMod:From All Sides","Malaise"],"picked":"Wraith Form v2","floor":33.0},{"not_picked":["Noxious Fumes","Dodge and Roll","Bane+1"],"picked":"Deflect+1","floor":35.0},{"not_picked":["Bane+1","Backflip","Sucker Punch"],"picked":"Slice","floor":39.0}],"player_experience":86576,"relics_obtained":[{"floor":2.0,"key":"DemoMod:BlueGuonStone"},{"floor":8.0,"key":"Ring of Misfortune"},{"floor":9.0,"key":"Orichalcum"},{"floor":26.0,"key":"Question Card"}],"event_choices":[{"cards_removed":["Strike_G"],"damage_healed":0.0,"max_hp_gain":0.0,"max_hp_loss":0.0,"gold_gain":0.0,"event_name":"Bonfire Elementals","player_choice":"Offered Basic","floor":10.0,"gold_loss":0.0,"damage_taken":0.0},{"cards_removed":["Defend_G"],"damage_healed":0.0,"max_hp_gain":0.0,"max_hp_loss":0.0,"gold_gain":0.0,"event_name":"betterNote:BetterNote","player_choice":"Give","floor":22.0,"gold_loss":0.0,"damage_taken":0.0,"cards_obtained":["Injury"]},{"damage_healed":0.0,"max_hp_gain":0.0,"max_hp_loss":0.0,"gold_gain":0.0,"event_name":"OrinTheCat","player_choice":"Ignored","floor":36.0,"gold_loss":0.0,"damage_taken":0.0},{"damage_healed":0.0,"max_hp_gain":0.0,"max_hp_loss":0.0,"gold_gain":0.0,"event_name":"Winding Halls","player_choice":"Embrace Madness","floor":37.0,"gold_loss":0.0,"damage_taken":9.0,"cards_obtained":["Madness","Madness"]}],"is_beta":false,"boss_relics":[{"not_picked":["SacredBark","Busted Crown"],"picked":"Astrolabe"},{"not_picked":["Coffee Dripper","Ring of Chaos"],"picked":"LagranYue:ContractPerformanceRelic"}],"items_purged_floors":[14],"is_endless":false,"potions_floor_spawned":[3,4,5,11,12,18,27,29,31,35],"killed_by":"Giant Head","ascension_level":0}}