{"host":"5f8ute538gzudddu","time":1608517489,"event":{"mods":["BaseMod","Highlight Path","Minty Spire (QoL Compilation)","Relic Stats","StSLib"],"gold_per_floor":[111,124,21,33,33,33,63,74,98,112,139,157,187,199,199,274,274,285,185,197,215,215,246,246,77,125,125,125,153,168,194,194,268,268,279,279,82,82,99,99,130,143,168,179,209,209,227,259,259,259,259],"floor_reached":50,"playtime":6970,"items_purged":["Decay","Strike_R","Strike_R"],"score":1324,"play_id":"b1d8a5fb-c00d-453a-9fe8-416c10972f59","local_time":"20201220182449","is_ascension_mode":true,"campfire_choices":[{"data":"Perfected Strike","floor":6.0,"key":"SMITH"},{"data":"Fire Breathing","floor":15.0,"key":"SMITH"},{"data":"Disarm","floor":24.0,"key":"SMITH"},{"data":"Offering","floor":27.0,"key":"SMITH"},{"data":"Evolve","floor":32.0,"key":"SMITH"},{"data":"Power Through","floor":40.0,"key":"SMITH"},{"data":"Demon Form","floor":46.0,"key":"SMITH"},{"floor":49.0,"key":"RECALL"}],"circlet_count":0,"master_deck":["AscendersBane","Strike_R","Defend_R","Defend_R","Reaper","Fire Breathing+1","Combust","Shrug It Off","Infernal Blade","Power Through","Evolve","Disarm+1","Offering+1","Shrug It Off","Evolve+1","Brutality","Whirlwind","Reaper","CurseOfTheBell","Power Through+1","Disarm","Dark Embrace","Shrug It Off","Battle Trance+1","Battle Trance","Demon Form+1","True Grit+1","Burning Pact","Feel No Pain+1"],"relics":["Burning Blood","Strawberry","Anchor","Nunchaku","Red Skull","Mark of Pain","Prayer Wheel","Chemical X","Happy Flower","Bag of Preparation","The Courier","Calling Bell","Potion Belt","Mercury Hourglass","Turnip","Akabeko","PreservedInsect","Blood Vial"],"acts_visited":["Exordium","TheCity","TheBeyond"],"potions_floor_usage":[50],"damage_taken":[{"damage":12.0,"enemies":"Small Slimes","floor":1.0,"turns":3.0},{"damage":8.0,"enemies":"2 Louse","floor":2.0,"turns":3.0},{"damage":21.0,"enemies":"Jaw Worm","floor":4.0,"turns":6.0},{"damage":32.0,"enemies":"3 Sentries","floor":7.0,"turns":5.0},{"damage":14.0,"enemies":"Large Slime","floor":8.0,"turns":5.0},{"damage":5.0,"enemies":"2 Fungi Beasts","floor":10.0,"turns":3.0},{"damage":28.0,"enemies":"Gremlin Nob","floor":11.0,"turns":4.0},{"damage":13.0,"enemies":"Gremlin Gang","floor":12.0,"turns":5.0},{"damage":10.0,"enemies":"3 Sentries","floor":13.0,"turns":4.0},{"damage":29.0,"enemies":"Exordium Thugs","floor":14.0,"turns":7.0},{"damage":22.0,"enemies":"Slime Boss","floor":16.0,"turns":5.0},{"damage":6.0,"enemies":"Chosen","floor":18.0,"turns":3.0},{"damage":13.0,"enemies":"Spheric Guardian","floor":20.0,"turns":3.0},{"damage":18.0,"enemies":"Centurion and Healer","floor":21.0,"turns":4.0},{"damage":18.0,"enemies":"Slavers","floor":23.0,"turns":3.0},{"damage":12.0,"enemies":"Gremlin Leader","floor":29.0,"turns":6.0},{"damage":6.0,"enemies":"Cultist and Chosen","floor":30.0,"turns":3.0},{"damage":26.0,"enemies":"Book of Stabbing","floor":31.0,"turns":5.0},{"damage":57.0,"enemies":"Champ","floor":33.0,"turns":11.0},{"damage":14.0,"enemies":"Orb Walker","floor":35.0,"turns":3.0},{"damage":19.0,"enemies":"3 Darklings","floor":39.0,"turns":4.0},{"damage":6.0,"enemies":"Reptomancer","floor":41.0,"turns":6.0},{"damage":6.0,"enemies":"Sphere and 2 Shapes","floor":42.0,"turns":1.0},{"damage":36.0,"enemies":"Spire Growth","floor":44.0,"turns":6.0},{"damage":62.0,"enemies":"Giant Head","floor":45.0,"turns":9.0},{"damage":18.0,"enemies":"Writhing Mass","floor":47.0,"turns":7.0},{"damage":19.0,"enemies":"Reptomancer","floor":48.0,"turns":6.0},{"damage":83,"enemies":"Awakened One","floor":50,"turns":3}],"seed_played":"4705034977345086152","potions_obtained":[{"floor":2.0,"key":"ElixirPotion"},{"floor":7.0,"key":"DistilledChaos"},{"floor":10.0,"key":"GamblersBrew"},{"floor":12.0,"key":"Regen Potion"},{"floor":16.0,"key":"Explosive Potion"},{"floor":20.0,"key":"SteroidPotion"},{"floor":30.0,"key":"BlessingOfTheForge"},{"floor":33.0,"key":"DistilledChaos"},{"floor":35.0,"key":"PowerPotion"},{"floor":41.0,"key":"FearPotion"},{"floor":45.0,"key":"Fire Potion"}],"is_trial":false,"path_per_floor":["M","M","$","M","?","R","E","M","T","M","E","M","E","M","R","B",null,"M","$","M","M","?","E","R","$","T","R","?","E","M","E","R","B",null,"M","?","$","?","M","R","E","M","T","M","E","R","M","E","R","B"],"character_chosen":"IRONCLAD","items_purchased":["Shrug It Off","Chemical X","Disarm","Dark Embrace"],"campfire_rested":0,"item_purchase_floors":[3,25,37,37],"current_hp_per_floor":[62,68,68,57,50,50,43,43,43,44,26,35,43,27,27,31,69,73,73,66,62,62,68,68,68,68,68,68,74,74,58,58,13,65,61,61,61,61,48,48,78,78,78,52,25,25,47,78,78,0,0],"gold":259,"neow_bonus":"TRANSFORM_TWO_CARDS","is_daily":false,"chose_seed":false,"campfire_upgraded":7,"win_rate":0.0,"timestamp":1608517489,"path_taken":["M","M","$","M","?","R","E","M","T","M","E","M","E","M","R","BOSS","M","$","M","M","?","E","R","$","T","R","?","E","M","E","R","BOSS","BOSS","M","?","$","?","M","R","E","M","T","M","E","R","M","E","R","BOSS"],"items_purchased_type":["Card","Relic","Card","Card"],"build_version":"2020-12-13","purchased_purges":3,"victory":false,"max_hp_per_floor":[75,75,75,75,75,75,82,82,82,82,82,82,82,82,82,82,82,82,82,82,82,82,82,82,82,82,82,82,82,82,82,82,82,82,82,82,82,78,78,78,78,78,78,78,78,78,78,78,78,78,78],"relic_stats":{"Blood Vial":0,"Nunchaku":[12],"Happy Flower":[23],"counters":[28,131],"Prayer Wheel":6,"Turnip":[0],"PreservedInsect":63,"Bag of Preparation":[24],"Chemical X":[26],"obtain_stats":[{"Potion Belt":34,"Happy Flower":26,"The Courier":31,"PreservedInsect":45,"Bag of Preparation":29,"Burning Blood":0,"Akabeko":41,"Mercury Hourglass":34,"Calling Bell":34,"Blood Vial":48,"Anchor":9,"Nunchaku":11,"Strawberry":7,"Prayer Wheel":23,"Mark of Pain":17,"Turnip":34,"Chemical X":25,"Red Skull":13},{"Potion Belt":19,"Happy Flower":15,"The Courier":18,"PreservedInsect":25,"Bag of Preparation":16,"Burning Blood":0,"Akabeko":22,"Mercury Hourglass":19,"Calling Bell":19,"Blood Vial":27,"Anchor":5,"Nunchaku":7,"Strawberry":4,"Prayer Wheel":15,"Mark of Pain":11,"Turnip":19,"Chemical X":15,"Red Skull":9},{"Potion Belt":88,"Happy Flower":63,"The Courier":77,"PreservedInsect":115,"Bag of Preparation":69,"Burning Blood":0,"Akabeko":100,"Mercury Hourglass":88,"Calling Bell":88,"Blood Vial":128,"Anchor":22,"Nunchaku":29,"Strawberry":17,"Prayer Wheel":63,"Mark of Pain":50,"Turnip":88,"Chemical X":63,"Red Skull":38}],"Burning Blood":157,"Mercury Hourglass":[218]},"card_choices":[{"not_picked":["Havoc","Uppercut"],"picked":"Fire Breathing","floor":1.0},{"not_picked":["Cleave","Warcry"],"picked":"Combust","floor":2.0},{"not_picked":["Warcry","Thunderclap","Iron Wave"],"picked":"SKIP","floor":4.0},{"not_picked":["Warcry","Havoc","Entrench"],"picked":"SKIP","floor":7.0},{"not_picked":["Second Wind","Entrench"],"picked":"Infernal Blade","floor":8.0},{"not_picked":["Rage","Warcry","Dropkick"],"picked":"SKIP","floor":10.0},{"not_picked":["Fire Breathing","Shockwave"],"picked":"Power Through","floor":11.0},{"not_picked":["Twin Strike","Demon Form"],"picked":"Evolve","floor":12.0},{"not_picked":["Anger","True Grit","Fire Breathing"],"picked":"SKIP","floor":13.0},{"not_picked":["Fire Breathing","Cleave"],"picked":"Disarm","floor":14.0},{"not_picked":["Reaper","Double Tap"],"picked":"Offering","floor":16.0},{"not_picked":["Anger","Pommel Strike","Sever Soul"],"picked":"SKIP","floor":18.0},{"not_picked":["Combust","Sentinel"],"picked":"Shrug It Off","floor":20.0},{"not_picked":["Shrug It Off","Clothesline"],"picked":"Evolve","floor":21.0},{"not_picked":["Pummel","Anger","Headbutt"],"picked":"SKIP","floor":23.0},{"not_picked":["Warcry","Metallicize","Pummel"],"picked":"SKIP","floor":29.0},{"not_picked":["Warcry","Metallicize","Pummel"],"picked":"SKIP","floor":29.0},{"not_picked":["Warcry","Metallicize","Pummel"],"picked":"SKIP","floor":29.0},{"not_picked":["Whirlwind","Iron Wave","Armaments"],"picked":"SKIP","floor":30.0},{"not_picked":["Wild Strike","Shockwave","Sword Boomerang"],"picked":"SKIP","floor":30.0},{"not_picked":["Clash","Blood for Blood+1","Searing Blow"],"picked":"SKIP","floor":31.0},{"not_picked":["Berserk","Feed"],"picked":"Reaper","floor":33.0},{"not_picked":["Perfected Strike+1","Disarm"],"picked":"Power Through","floor":35.0},{"not_picked":["Flex","Pommel Strike","Uppercut"],"picked":"SKIP","floor":35.0},{"not_picked":["Searing Blow+1","Wild Strike+1"],"picked":"Shrug It Off","floor":39.0},{"not_picked":["Headbutt","Cleave+1","Bludgeon"],"picked":"SKIP","floor":39.0},{"not_picked":["Disarm+1","Metallicize"],"picked":"Battle Trance+1","floor":41.0},{"not_picked":["True Grit","Wild Strike"],"picked":"Battle Trance","floor":42.0},{"not_picked":["Thunderclap+1","Inflame","Havoc"],"picked":"SKIP","floor":42.0},{"not_picked":["Body Slam","Havoc+1"],"picked":"Demon Form","floor":44.0},{"not_picked":["Evolve","Anger+1"],"picked":"True Grit+1","floor":44.0},{"not_picked":["Iron Wave","Cleave","Rage"],"picked":"SKIP","floor":45.0},{"not_picked":["Thunderclap+1","Armaments"],"picked":"Burning Pact","floor":47.0},{"not_picked":["Anger","Power Through"],"picked":"Feel No Pain+1","floor":47.0},{"not_picked":["Wild Strike","Feel No Pain","Heavy Blade"],"picked":"SKIP","floor":48.0}],"player_experience":891890,"relics_obtained":[{"floor":7.0,"key":"Strawberry"},{"floor":9.0,"key":"Anchor"},{"floor":11.0,"key":"Nunchaku"},{"floor":13.0,"key":"Red Skull"},{"floor":23.0,"key":"Prayer Wheel"},{"floor":26.0,"key":"Happy Flower"},{"floor":29.0,"key":"Bag of Preparation"},{"floor":31.0,"key":"The Courier"},{"floor":34.0,"key":"Potion Belt"},{"floor":34.0,"key":"Mercury Hourglass"},{"floor":34.0,"key":"Turnip"},{"floor":41.0,"key":"Akabeko"},{"floor":45.0,"key":"PreservedInsect"},{"floor":48.0,"key":"Blood Vial"}],"event_choices":[{"cards_removed":["Defend_R"],"damage_healed":0.0,"max_hp_gain":0.0,"max_hp_loss":0.0,"gold_gain":0.0,"event_name":"Golden Wing","player_choice":"Card Removal","floor":5.0,"gold_loss":0.0,"damage_taken":7.0},{"damage_healed":0.0,"max_hp_gain":0.0,"max_hp_loss":0.0,"gold_gain":0.0,"cards_transformed":["Bash","Perfected Strike"],"event_name":"Drug Dealer","player_choice":"Became Test Subject","floor":22.0,"gold_loss":0.0,"damage_taken":0.0,"cards_obtained":["Brutality","Whirlwind"]},{"damage_healed":0.0,"max_hp_gain":0.0,"max_hp_loss":0.0,"gold_gain":0.0,"event_name":"The Mausoleum","player_choice":"Ignored","floor":28.0,"gold_loss":0.0,"damage_taken":0.0},{"cards_removed":["Strike_R"],"damage_healed":0.0,"max_hp_gain":0.0,"max_hp_loss":0.0,"gold_gain":0.0,"event_name":"Falling","player_choice":"Removed Attack","floor":36.0,"gold_loss":0.0,"damage_taken":0.0},{"damage_healed":0.0,"max_hp_gain":0.0,"max_hp_loss":4.0,"gold_gain":0.0,"event_name":"Winding Halls","player_choice":"Max HP","floor":38.0,"gold_loss":0.0,"damage_taken":0.0}],"is_beta":false,"boss_relics":[{"not_picked":["Runic Cube","Snecko Eye"],"picked":"Mark of Pain"},{"not_picked":["SacredBark","Runic Pyramid"],"picked":"Calling Bell"}],"items_purged_floors":[3,19,37],"is_endless":false,"potions_floor_spawned":[2,7,10,12,16,20,21,30,33,35,41,45],"killed_by":"Awakened One","ascension_level":20}}