{"host":"ue7jlgf7uv134an9","time":1608559738,"event":{"mods":["BaseMod","Better Third Choice","Defuse TimeMaze Blight","Minty Spire (QoL Compilation)","Quick Restart","Rare Cards Sparkle","Relic Stats","StSLib","UnlockEverythingMod"],"gold_per_floor":[117,117,42,58,58,58,88,163,163,163,75,75,100,100,100,179,179,197,197,210,43,55,5,5,5,5,5,5,22,38,38,38,112,112,128,147,147,147,147],"floor_reached":38,"playtime":1134,"items_purged":["Doubt","Tactician"],"score":785,"play_id":"674c2dea-7d3b-4e26-a836-33df8119e645","local_time":"20201221090858","is_ascension_mode":true,"campfire_choices":[{"data":"Apotheosis","floor":6.0,"key":"SMITH"},{"floor":10.0,"key":"REST"},{"data":"Leg Sweep","floor":12.0,"key":"SMITH"},{"floor":15.0,"key":"REST"},{"floor":24,"key":"REST"},{"floor":27,"key":"REST"},{"floor":32,"key":"REST"}],"circlet_count":0,"master_deck":["AscendersBane","Survivor","Neutralize","Die Die Die","Deadly Poison","Apotheosis+1","Leg Sweep+1","Deadly Poison","All Out Attack","Cloak And Dagger","Bullet Time+1","Envenom","After Image","Glass Knife","Backstab","Skewer","Deadly Poison","Skewer","Endless Agony","Backflip","Deadly Poison","Wraith Form v2","Footwork","Cloak And Dagger","Burst"],"relics":["Ring of the Snake","Art of War","Pen Nib","Letter Opener","Mummified Hand","Pandora\u0027s Box","Membership Card","Ancient Tea Set","Philosopher\u0027s Stone"],"acts_visited":["Exordium","TheCity","TheBeyond"],"potions_floor_usage":[20,31,36,38],"damage_taken":[{"damage":0.0,"enemies":"2 Louse","floor":1.0,"turns":2.0},{"damage":7.0,"enemies":"Small Slimes","floor":4.0,"turns":3.0},{"damage":8.0,"enemies":"Lagavulin","floor":7.0,"turns":7.0},{"damage":17.0,"enemies":"3 Sentries","floor":13.0,"turns":5.0},{"damage":17.0,"enemies":"The Guardian","floor":16.0,"turns":9.0},{"damage":19.0,"enemies":"2 Thieves","floor":18.0,"turns":3.0},{"damage":0,"enemies":"Chosen","floor":20,"turns":2},{"damage":24,"enemies":"Snake Plant","floor":22,"turns":4},{"damage":13,"enemies":"Shelled Parasite and Fungi","floor":29,"turns":3},{"damage":0,"enemies":"3 Cultists","floor":30,"turns":4},{"damage":0,"enemies":"Cultist and Chosen","floor":31,"turns":3},{"damage":29,"enemies":"Collector","floor":33,"turns":9},{"damage":2,"enemies":"3 Shapes","floor":35,"turns":4},{"damage":18,"enemies":"3 Darklings","floor":36,"turns":5},{"damage":37,"enemies":"Writhing Mass","floor":38,"turns":4}],"seed_played":"-3798290087116130866","potions_obtained":[{"floor":4.0,"key":"Swift Potion"},{"floor":7.0,"key":"FearPotion"},{"floor":16.0,"key":"SpeedPotion"},{"floor":22,"key":"SmokeBomb"},{"floor":35,"key":"SpeedPotion"},{"floor":36,"key":"CunningPotion"}],"is_trial":false,"path_per_floor":["M","?","$","M","?","R","E","?","T","R","$","R","E","T","R","B",null,"M","?","M","$","M","$","R","?","T","R","$","M","M","M","R","B",null,"M","M","?","M"],"character_chosen":"THE_SILENT","items_purchased":["All Out Attack","Membership Card"],"campfire_rested":5,"item_purchase_floors":[11,21],"current_hp_per_floor":[59,59,59,52,52,52,44,33,33,52,52,52,35,35,54,37,59,40,36,36,36,12,12,31,31,31,50,50,37,37,37,56,27,56,54,36,36,0,0],"gold":147,"neow_bonus":"THREE_RARE_CARDS","is_daily":false,"chose_seed":false,"campfire_upgraded":2,"win_rate":0.0,"timestamp":1608559738,"path_taken":["M","?","$","M","?","R","E","?","T","R","$","R","E","?","R","BOSS","M","?","M","?","M","$","R","?","T","R","$","M","M","M","R","BOSS","M","M","?","?"],"items_purchased_type":["Card","Relic"],"build_version":"2020-12-13","purchased_purges":2,"victory":false,"max_hp_per_floor":[66,66,66,66,66,66,66,66,66,66,66,66,66,66,66,66,66,66,66,66,66,66,66,66,66,66,66,66,66,66,66,66,66,66,66,66,66,66,66],"relic_stats":{"counters":[15,67],"Mummified Hand":[13],"Pandora\u0027s Box":["Envenom","Tactician","After Image","Glass Knife","Backstab","Skewer","Deadly Poison","Skewer","Endless Agony"],"Pen Nib":[11],"Art of War":[6],"Letter Opener":[102],"obtain_stats":[{"Mummified Hand":14,"Pandora\u0027s Box":17,"Philosopher\u0027s Stone":34,"Pen Nib":9,"Art of War":7,"Letter Opener":13,"Membership Card":21,"Ancient Tea Set":26,"Ring of the Snake":0},{"Mummified Hand":4,"Pandora\u0027s Box":5,"Philosopher\u0027s Stone":12,"Pen Nib":3,"Art of War":3,"Letter Opener":4,"Membership Card":7,"Ancient Tea Set":8,"Ring of the Snake":0},{"Mummified Hand":17,"Pandora\u0027s Box":26,"Philosopher\u0027s Stone":54,"Pen Nib":12,"Art of War":12,"Letter Opener":17,"Membership Card":31,"Ancient Tea Set":35,"Ring of the Snake":0}],"Ring of the Snake":[31]},"card_choices":[{"not_picked":["Envenom","Night Terror"],"picked":"Die Die Die","floor":0.0},{"not_picked":["Finisher","Catalyst"],"picked":"Deadly Poison","floor":1.0},{"not_picked":["Bouncing Flask","Escape Plan"],"picked":"Leg Sweep","floor":4.0},{"not_picked":["Dodge and Roll","Riddle With Holes","Grand Finale"],"picked":"SKIP","floor":7.0},{"not_picked":["Calculated Gamble","Flechettes"],"picked":"Cloak And Dagger","floor":13.0},{"not_picked":["Night Terror","A Thousand Cuts"],"picked":"Bullet Time","floor":16.0},{"not_picked":["Dodge and Roll","Prepared"],"picked":"Backflip","floor":18.0},{"not_picked":["Heel Hook+1","Cloak And Dagger"],"picked":"Deadly Poison","floor":20},{"not_picked":["Quick Slash","Underhanded Strike","Backflip"],"picked":"SKIP","floor":22},{"not_picked":["Underhanded Strike","Slice"],"picked":"Footwork","floor":29},{"not_picked":["Masterful Stab","Grand Finale"],"picked":"Cloak And Dagger","floor":30},{"not_picked":["Phantasmal Killer","Grand Finale"],"picked":"Burst","floor":33},{"not_picked":["Outmaneuver","Skewer+1","Underhanded Strike"],"picked":"SKIP","floor":35},{"not_picked":["Eviscerate","Caltrops","Sucker Punch"],"picked":"SKIP","floor":36}],"player_experience":15601,"relics_obtained":[{"floor":7.0,"key":"Art of War"},{"floor":9.0,"key":"Pen Nib"},{"floor":13.0,"key":"Letter Opener"},{"floor":14.0,"key":"Mummified Hand"},{"floor":26,"key":"Ancient Tea Set"}],"event_choices":[{"damage_healed":59.0,"max_hp_gain":0.0,"max_hp_loss":66.0,"gold_gain":0.0,"event_name":"betterThird:BetterShining","player_choice":"Embrace","floor":2.0,"gold_loss":0.0,"damage_taken":0.0},{"damage_healed":0.0,"max_hp_gain":0.0,"max_hp_loss":0.0,"gold_gain":0.0,"cards_transformed":["Defend_G"],"event_name":"Living Wall","player_choice":"Change","floor":5.0,"gold_loss":0.0,"damage_taken":0.0,"cards_obtained":["Deadly Poison"]},{"damage_healed":0.0,"max_hp_gain":0.0,"max_hp_loss":0.0,"gold_gain":75.0,"event_name":"betterThird:BetterGoop","player_choice":"Gold","floor":8.0,"gold_loss":0.0,"damage_taken":11.0},{"damage_healed":0.0,"max_hp_gain":0.0,"max_hp_loss":0.0,"gold_gain":0.0,"event_name":"The Woman in Blue","player_choice":"Bought 0 Potions","floor":19.0,"gold_loss":0.0,"damage_taken":0.0},{"damage_healed":0,"gold_gain":0,"player_choice":"Read","damage_taken":0,"max_hp_gain":0,"max_hp_loss":0,"event_name":"The Library","floor":25,"gold_loss":0,"cards_obtained":["Wraith Form v2"]},{"damage_healed":0,"gold_gain":0,"player_choice":"Forge","damage_taken":0,"max_hp_gain":0,"max_hp_loss":0,"event_name":"Accursed Blacksmith","floor":37,"gold_loss":0,"cards_upgraded":["Bullet Time"]}],"is_beta":false,"boss_relics":[{"not_picked":["Calling Bell","Astrolabe"],"picked":"Pandora\u0027s Box"},{"not_picked":["Runic Pyramid","Busted Crown"],"picked":"Philosopher\u0027s Stone"}],"items_purged_floors":[3,23],"is_endless":false,"potions_floor_spawned":[4,7,16,18,22,29,35,36],"killed_by":"Writhing Mass","ascension_level":20}}