{"host":"q6rs3in4l29iepap","time":1608561773,"event":{"mods":["Aspiration","BaseMod","Colored Map","Downfall","Hermit","Hubris","Infinite Spire","Jorbs\u0027s Wanderer Trilogy","Minty Spire (QoL Compilation)","Replay The Spire","Shade Mod","StSLib","The Construct","The Cursed","The Servant 0.9.4"],"gold_per_floor":[113,113,113,127,143,143,171,171,194,209,209,225,225,235,235,335,335,346,346,346,365,12,12,41,41,41,41,58,40,40,59,59,163,163,183,195,82,97,65,94,0,2,2,2,69,87,87,137,137,137],"floor_reached":51,"playtime":2346,"items_purged":[],"score":695,"play_id":"57b312db-5164-452c-9882-0e0f5596caa4","local_time":"20201221064253","is_ascension_mode":false,"campfire_choices":[{"data":"hubris:InfiniteBlow+10","floor":6,"key":"SMITH"},{"data":"hubris:InfiniteBlow+11","floor":8,"key":"SMITH"},{"data":"hubris:InfiniteBlow+12","floor":13,"key":"SMITH"},{"floor":15,"key":"DIG"},{"data":"hubris:InfiniteBlow+13","floor":23,"key":"SMITH"},{"data":"hubris:InfiniteBlow+14","floor":25,"key":"SMITH"},{"data":"hubris:InfiniteBlow+15","floor":32,"key":"SMITH"},{"floor":49,"key":"REST"}],"circlet_count":0,"master_deck":["hubris:InfiniteBlow+16","Defend_G","Defend_G+1","Defend_G","Defend_G","Defend_G+1","Survivor","Terror","Hidden Blade","Quick Slash","Slimebound:Tackle+1","Slimebound:Tackle+1","Slimebound:Tackle+1","hubris:InfiniteBlow+15","Backflip","Prepared+1","Adrenaline","Quick Slash+1","Predator+1","Secret Weapon","Hidden Blade","Predator+1","Expertise","infinitespire:DeathsTouch","Acrobatics","Replay:Bag of Tricks","Backflip+1","Replay:Fractal Strike","Corpse Explosion"],"relics":["infinitespire:Cupcake","Regal Pillow","PreservedInsect","Anchor","SlaversCollar","Nloth\u0027s Gift","Membership Card","hubris:SphereOfDissonance","Juzu Bracelet","infinitespire:Midas Blood","infinitespire:CheckeredPen","hubris:Icosahedron","Velvet Choker","Replay:Ringing Soul","Red Mask","hubris:FunFungus","Blue Doll","Ornamental Fan","infinitespire:Golems Mask"],"acts_visited":["Exordium","TheCity","TheBeyond"],"potions_floor_usage":[14,35],"damage_taken":[{"damage":0,"enemies":"2 Louse","floor":1,"turns":2},{"damage":0,"enemies":"Small Slimes","floor":4,"turns":3},{"damage":0,"enemies":"Cultist","floor":5,"turns":3},{"damage":0,"enemies":"Lagavulin","floor":7,"turns":3},{"damage":5,"enemies":"Looter","floor":10,"turns":3},{"damage":0,"enemies":"Red Slaver","floor":12,"turns":3},{"damage":0,"enemies":"Gremlin Gang","floor":14,"turns":2},{"damage":20,"enemies":"Hexaghost","floor":16,"turns":3},{"damage":0,"enemies":"Spheric Guardian","floor":18,"turns":1},{"damage":0,"enemies":"Chosen","floor":21,"turns":2},{"damage":13,"enemies":"Slavers","floor":24,"turns":3},{"damage":0,"enemies":"Centurion and Healer","floor":28,"turns":2},{"damage":0,"enemies":"Snecko","floor":31,"turns":2},{"damage":0,"enemies":"Champ","floor":33,"turns":3},{"damage":14,"enemies":"3 Darklings","floor":35,"turns":5},{"damage":0,"enemies":"Orb Walker","floor":36,"turns":1},{"damage":6,"enemies":"Transient","floor":38,"turns":5},{"damage":5,"enemies":"Jaw Worm Horde","floor":39,"turns":3},{"damage":0,"enemies":"R_Hoarder","floor":40,"turns":1},{"damage":0,"enemies":"Maw","floor":46,"turns":1},{"damage":0,"enemies":"Mind Bloom Boss Battle","floor":48,"turns":2},{"damage":0,"enemies":"Replay:Hell Engine","floor":50,"turns":3}],"seed_played":"-1531850295427916233","potions_obtained":[{"floor":5,"key":"Swift Potion"},{"floor":7,"key":"AttackPotion"},{"floor":10,"key":"Regen Potion"},{"floor":14,"key":"SpeedPotion"},{"floor":24,"key":"LiquidBronze"},{"floor":33,"key":"DistilledChaos"},{"floor":35,"key":"SteroidPotion"}],"is_trial":false,"path_per_floor":["M","?","?","M","M","R","E","R","T","M","?","M","R","M","R_BF","B",null,"M","?","?","M","$","R","E","R","T","?","M","$","?","M","R","B",null,"M","M","$","M","M","E","?","?","T","$","?","M","AVR","?","R","B",null],"character_chosen":"THE_SILENT","items_purchased":["Membership Card","hubris:SphereOfDissonance","Juzu Bracelet","Prepared+1","Secret Weapon","Hidden Blade"],"campfire_rested":1,"item_purchase_floors":[22,22,22,29,37,37],"current_hp_per_floor":[70,70,70,70,70,70,70,70,70,65,65,65,65,65,65,45,70,70,70,70,70,70,70,57,57,57,60,60,63,66,66,66,66,70,56,56,56,50,45,48,51,38,38,41,28,31,34,40,81,81],"gold":137,"neow_bonus":"BOSS_RELIC","is_daily":false,"chose_seed":false,"campfire_upgraded":6,"win_rate":0.0,"timestamp":1608561773,"path_taken":["M","?","?","M","?","R","E","R","T","M","?","M","R","M","R_BF","BOSS","M","?","?","M","$","R","E","R","T","?","M","?","?","M","R","BOSS","M","M","$","M","M","E","?","?","T","?","?","M","AVR","?","R","BOSS"],"items_purchased_type":["Relic","Relic","Relic","Card","Card","Card"],"build_version":"2020-12-13","purchased_purges":0,"victory":true,"max_hp_per_floor":[70,70,70,70,70,70,70,70,70,70,70,70,70,70,70,70,70,70,70,70,70,70,70,70,70,70,70,70,70,70,70,70,70,70,70,70,70,70,70,73,73,76,76,76,79,82,85,88,88,88],"card_choices":[{"not_picked":["Terror","Skewer"],"picked":"Sneak Up","floor":1},{"not_picked":["Quick Slash","Blade Dance","Dagger Spray"],"picked":"SKIP","floor":4},{"not_picked":["Footwork","Bane","Dagger Spray"],"picked":"SKIP","floor":5},{"not_picked":["Underhanded Strike","Infinite Blades"],"picked":"Hidden Blade","floor":7},{"not_picked":["Caltrops","Deadly Poison","PiercingWail"],"picked":"SKIP","floor":10},{"not_picked":["hubris:SlightOfHand","Bane","ReplayTheSpireMod:Tripwire"],"picked":"SKIP","floor":12},{"not_picked":["Dagger Spray","Dagger Throw"],"picked":"Quick Slash","floor":14},{"not_picked":["Slice+1","ReplayTheSpireMod:Exploit Weakness","Cloak And Dagger"],"picked":"SKIP","floor":18},{"not_picked":["Poisoned Stab","ReplayTheSpireMod:Tripwire","All Out Attack"],"picked":"SKIP","floor":21},{"not_picked":["Deflect","PiercingWail+1","ReplayTheSpireMod:Scrap Shanks"],"picked":"SKIP","floor":24},{"not_picked":["hubris:SlightOfHand","Dagger Throw"],"picked":"Backflip","floor":28},{"not_picked":["Burst","Dagger Spray","Finisher+1"],"picked":"SKIP","floor":31},{"not_picked":["Envenom","Unload"],"picked":"Adrenaline","floor":33},{"not_picked":["Noxious Fumes","Catalyst+1"],"picked":"Quick Slash+1","floor":35},{"not_picked":["Heel Hook","Crippling Poison"],"picked":"Predator+1","floor":36},{"not_picked":["Finisher+1","Dodge and Roll+1"],"picked":"Predator+1","floor":38},{"not_picked":["Sucker Punch+1","Underhanded Strike+1","Catalyst+1"],"picked":"SKIP","floor":39},{"not_picked":["ReplayTheSpireMod:From All Sides","Cloak And Dagger+1"],"picked":"Expertise","floor":40},{"not_picked":["infinitespire:Menacing","infinitespire:Execution"],"picked":"infinitespire:DeathsTouch","floor":42},{"not_picked":["Reflex","hubris:Sniper"],"picked":"Acrobatics","floor":45},{"not_picked":["Blade Dance+1","Sucker Punch"],"picked":"Replay:Bag of Tricks","floor":45},{"not_picked":["Outmaneuver","Predator+1"],"picked":"Backflip+1","floor":46},{"not_picked":["Choke","Blade Dance+1"],"picked":"Corpse Explosion","floor":48}],"player_experience":43813,"relics_obtained":[{"floor":7,"key":"Regal Pillow"},{"floor":9,"key":"Simple Rune"},{"floor":15,"key":"Anchor"},{"floor":24,"key":"infinitespire:Midas Blood"},{"floor":26,"key":"infinitespire:CheckeredPen"},{"floor":40,"key":"Replay:Ringing Soul"},{"floor":43,"key":"hubris:FunFungus"},{"floor":45,"key":"Blue Doll"},{"floor":48,"key":"infinitespire:Golems Mask"}],"event_choices":[{"cards_removed":["Neutralize"],"damage_healed":0,"gold_gain":0,"player_choice":"Took Card","damage_taken":0,"max_hp_gain":0,"max_hp_loss":0,"event_name":"NoteForYourself","floor":3,"gold_loss":0,"cards_obtained":["Strike_G"]},{"cards_removed":["Sneak Up"],"damage_healed":0,"gold_gain":0,"player_choice":"Gave Card","damage_taken":0,"relics_obtained":["PreservedInsect"],"max_hp_gain":0,"max_hp_loss":0,"event_name":"WeMeetAgain","floor":11,"gold_loss":0},{"damage_healed":0,"gold_gain":0,"player_choice":"Traded Relic","damage_taken":0,"relics_obtained":["Nloth\u0027s Gift"],"max_hp_gain":0,"max_hp_loss":0,"event_name":"N\u0027loth","floor":20,"relics_lost":["Simple Rune"],"gold_loss":0},{"damage_healed":0,"gold_gain":0,"player_choice":"Copied","damage_taken":0,"max_hp_gain":0,"max_hp_loss":0,"event_name":"Duplicator","floor":27,"gold_loss":0,"cards_obtained":["hubris:InfiniteBlow"]},{"damage_healed":0,"gold_gain":0,"player_choice":"Paid","damage_taken":0,"relics_obtained":["Red Mask"],"max_hp_gain":0,"max_hp_loss":0,"event_name":"Tomb of Lord Red Mask","floor":41,"gold_loss":94},{"damage_healed":0,"gold_gain":0,"player_choice":"Fight","damage_taken":0,"max_hp_gain":0,"max_hp_loss":0,"event_name":"MindBloom","floor":48,"gold_loss":0}],"is_beta":false,"boss_relics":[{"not_picked":["hubris:TerracottaHorce","Replay:Ancient Bell"],"picked":"SlaversCollar"},{"not_picked":["hubris:GrandSneckoEye","hubris:RunicObelisk"],"picked":"Velvet Choker"}],"items_purged_floors":[],"is_endless":false,"potions_floor_spawned":[5,7,10,14,24,28,33,35,36,40],"ascension_level":0}}