{"host":"tjq6rykv202u6iqx","time":1608538925,"event":{"mods":["AchievementEnabler","BaseMod","Minty Spire (QoL Compilation)","Rare Cards Sparkle","Relic Stats"],"gold_per_floor":[13,28,46,46,64,64,96,96,145,6,6,16,41,85,85,156,156,172,210,125,135,135,135,194,194,194,227,241,288,117,172,172,251,251,269,69,81,92,92,122,183,183,183,216,216,216,250,329,329,329,329,329,113,141,141],"floor_reached":56,"playtime":13730,"items_purged":["Defend_P","Judgement"],"score":2304,"play_id":"f7c07959-4287-4a3e-bde4-cef22ac8773a","local_time":"20201221022205","is_ascension_mode":true,"campfire_choices":[{"data":"Eruption","floor":6.0,"key":"SMITH"},{"data":"EmptyFist","floor":8.0,"key":"SMITH"},{"data":"TalkToTheHand","floor":15.0,"key":"SMITH"},{"data":"Wish","floor":23.0,"key":"SMITH"},{"data":"EmptyMind","floor":25.0,"key":"SMITH"},{"floor":32.0,"key":"REST"},{"data":"Worship","floor":42.0,"key":"SMITH"},{"floor":45.0,"key":"RECALL"},{"data":"TalkToTheHand","floor":46.0,"key":"SMITH"},{"floor":49.0,"key":"REST"},{"floor":52.0,"key":"REST"}],"circlet_count":0,"master_deck":["AscendersBane","Strike_P","Strike_P","Strike_P","Strike_P","Eruption+1","Vigilance","ForeignInfluence","InnerPeace","Wish+1","EmptyFist+1","TalkToTheHand+1","Crescendo","FlurryOfBlows","EmptyMind+1","Scrawl","WaveOfTheHand","SashWhip+1","TalkToTheHand+1","Wallop","Halt","Trip","FearNoEvil","SpiritShield","Indignation","FlurryOfBlows","Worship+1","Prostrate+1","Tantrum","Flash of Steel"],"relics":["PureWater","TeardropLocket","Bronze Scales","GremlinMask","MealTicket","Black Star","CloakClasp","Pocketwatch","WingedGreaves","StrikeDummy","StoneCalendar","Matryoshka","Damaru","Gambling Chip","Runic Dome","Frozen Eye","Meat on the Bone","Thread and Needle","Blue Candle","The Courier","Orichalcum","Strawberry","Omamori","Lizard Tail","Centennial Puzzle","Incense Burner","Vajra","Sundial"],"acts_visited":["Exordium","TheCity","TheBeyond","TheEnding"],"potions_floor_usage":[55,55],"damage_taken":[{"damage":3.0,"enemies":"Small Slimes","floor":1.0,"turns":3.0},{"damage":0.0,"enemies":"Cultist","floor":2.0,"turns":2.0},{"damage":9.0,"enemies":"Jaw Worm","floor":3.0,"turns":4.0},{"damage":7.0,"enemies":"3 Louse","floor":5.0,"turns":4.0},{"damage":14.0,"enemies":"Lagavulin","floor":7.0,"turns":5.0},{"damage":0.0,"enemies":"Red Slaver","floor":12.0,"turns":1.0},{"damage":0.0,"enemies":"Gremlin Nob","floor":13.0,"turns":2.0},{"damage":0.0,"enemies":"Exordium Thugs","floor":14.0,"turns":2.0},{"damage":8.0,"enemies":"The Guardian","floor":16.0,"turns":7.0},{"damage":6.0,"enemies":"2 Thieves","floor":18.0,"turns":2.0},{"damage":0.0,"enemies":"Chosen","floor":19.0,"turns":3.0},{"damage":12.0,"enemies":"Snecko","floor":21.0,"turns":4.0},{"damage":3.0,"enemies":"Slavers","floor":24.0,"turns":5.0},{"damage":14.0,"enemies":"Gremlin Leader","floor":27.0,"turns":4.0},{"damage":2.0,"enemies":"Centurion and Healer","floor":28.0,"turns":3.0},{"damage":7.0,"enemies":"Snake Plant","floor":29.0,"turns":4.0},{"damage":0.0,"enemies":"Book of Stabbing","floor":31.0,"turns":4.0},{"damage":13.0,"enemies":"Collector","floor":33.0,"turns":5.0},{"damage":7.0,"enemies":"3 Darklings","floor":35.0,"turns":7.0},{"damage":0.0,"enemies":"Orb Walker","floor":37.0,"turns":2.0},{"damage":36.0,"enemies":"3 Darklings","floor":38.0,"turns":4.0},{"damage":5.0,"enemies":"Giant Head","floor":40.0,"turns":4.0},{"damage":6.0,"enemies":"Nemesis","floor":41.0,"turns":5.0},{"damage":13.0,"enemies":"Giant Head","floor":44.0,"turns":7.0},{"damage":1.0,"enemies":"Nemesis","floor":47.0,"turns":5.0},{"damage":2.0,"enemies":"2 Orb Walkers","floor":48.0,"turns":4.0},{"damage":31.0,"enemies":"Time Eater","floor":50.0,"turns":8.0},{"damage":15.0,"enemies":"Shield and Spear","floor":54.0,"turns":5.0},{"damage":44,"enemies":"The Heart","floor":55,"turns":5}],"seed_played":"-5882750891686179031","potions_obtained":[{"floor":1.0,"key":"Fire Potion"},{"floor":3.0,"key":"GamblersBrew"},{"floor":12.0,"key":"SkillPotion"},{"floor":19.0,"key":"Explosive Potion"},{"floor":28.0,"key":"Energy Potion"},{"floor":29.0,"key":"PowerPotion"},{"floor":35.0,"key":"LiquidBronze"},{"floor":38.0,"key":"Strength Potion"},{"floor":48.0,"key":"DuplicationPotion"}],"is_trial":false,"path_per_floor":["M","M","M","?","M","R","E","R","T","$","?","M","E","M","R","B",null,"M","M","?","M","?","R","E","R","T","E","M","M","$","E","R","B",null,"M","$","M","M","?","E","E","R","T","E","R","R","E","?","R","B",null,"R","$","E","B",null],"character_chosen":"WATCHER","items_purchased":["TalkToTheHand","Crescendo","Trip","Indignation","Frozen Eye","Tantrum","Flash of Steel"],"campfire_rested":3,"item_purchase_floors":[10,10,30,36,36,53,53],"current_hp_per_floor":[58,58,49,49,42,42,28,28,28,28,28,28,28,28,28,20,56,50,50,50,38,38,38,35,35,35,21,19,12,27,27,47,34,60,53,68,68,32,32,27,33,33,33,39,39,39,38,48,70,39,66,75,75,60,28],"gold":141,"neow_bonus":"REMOVE_TWO","is_daily":false,"chose_seed":false,"campfire_upgraded":7,"win_rate":0.0,"timestamp":1608538925,"path_taken":["M","M","M","?","M","R","E","R","T","$","?","M","E","M","R","BOSS","M","?","?","M","?","R","E","R","T","E","?","M","?","E","R","BOSS","M","$","M","M","?","E","E","R","T","E","R","R","E","?","R","BOSS","R","$","E","BOSS"],"items_purchased_type":["Card","Card","Card","Card","Relic","Card","Card"],"build_version":"2020-12-13","purchased_purges":2,"victory":true,"max_hp_per_floor":[68,68,68,68,68,68,68,68,68,68,68,68,68,68,68,68,68,68,68,68,68,68,68,68,68,68,68,68,68,68,68,68,68,68,68,68,68,68,68,68,68,68,68,75,75,75,75,75,75,75,75,75,75,75,75],"relic_stats":{"counters":[29,120],"Blue Candle":[0],"StoneCalendar":[62],"CloakClasp":[227],"Orichalcum":[24],"Lizard Tail":0,"Centennial Puzzle":[12],"Sundial":[0],"Bronze Scales":[301],"Gambling Chip":[34],"MealTicket":30,"Black Star":8,"obtain_stats":[{"Vajra":54,"GremlinMask":11,"StoneCalendar":27,"CloakClasp":20,"Incense Burner":48,"TeardropLocket":7,"Frozen Eye":36,"Lizard Tail":47,"Centennial Puzzle":47,"Matryoshka":27,"Sundial":54,"Gambling Chip":31,"Strawberry":44,"MealTicket":13,"WingedGreaves":24,"Blue Candle":41,"Damaru":31,"Thread and Needle":40,"The Courier":41,"Omamori":44,"Orichalcum":43,"Runic Dome":34,"Bronze Scales":9,"Black Star":17,"PureWater":0,"StrikeDummy":26,"Pocketwatch":24,"Meat on the Bone":40},{"Vajra":28,"GremlinMask":5,"StoneCalendar":14,"CloakClasp":11,"Incense Burner":26,"TeardropLocket":5,"Frozen Eye":19,"Lizard Tail":25,"Centennial Puzzle":25,"Matryoshka":14,"Sundial":28,"Gambling Chip":17,"Strawberry":24,"MealTicket":7,"WingedGreaves":13,"Blue Candle":23,"Damaru":17,"Thread and Needle":22,"The Courier":23,"Omamori":24,"Orichalcum":23,"Runic Dome":18,"Bronze Scales":5,"Black Star":9,"PureWater":0,"StrikeDummy":13,"Pocketwatch":13,"Meat on the Bone":22},{"Vajra":115,"GremlinMask":18,"StoneCalendar":48,"CloakClasp":35,"Incense Burner":102,"TeardropLocket":18,"Frozen Eye":71,"Lizard Tail":98,"Centennial Puzzle":98,"Matryoshka":48,"Sundial":115,"Gambling Chip":59,"Strawberry":93,"MealTicket":21,"WingedGreaves":44,"Blue Candle":86,"Damaru":59,"Thread and Needle":81,"The Courier":86,"Omamori":93,"Orichalcum":86,"Runic Dome":64,"Bronze Scales":18,"Black Star":30,"PureWater":0,"StrikeDummy":44,"Pocketwatch":44,"Meat on the Bone":81}],"Pocketwatch":[27],"Meat on the Bone":48},"card_choices":[{"not_picked":["JustLucky","Prostrate"],"picked":"ForeignInfluence","floor":1.0},{"not_picked":["Prostrate","FlyingSleeves"],"picked":"InnerPeace","floor":2.0},{"not_picked":["CrushJoints","PathToVictory"],"picked":"Wish","floor":3.0},{"not_picked":["Worship","FlyingSleeves"],"picked":"EmptyFist","floor":5.0},{"not_picked":["JustLucky","PathToVictory"],"picked":"Judgement","floor":7.0},{"not_picked":["WaveOfTheHand","Halt"],"picked":"FlurryOfBlows","floor":12.0},{"not_picked":["InnerPeace","CarveReality"],"picked":"EmptyMind","floor":13.0},{"not_picked":["EmptyFist","Sanctity","Nirvana"],"picked":"SKIP","floor":14.0},{"not_picked":["Brilliance","Vault"],"picked":"Scrawl","floor":16.0},{"not_picked":["Collect","BowlingBash"],"picked":"WaveOfTheHand","floor":18.0},{"not_picked":["InnerPeace","CrushJoints+1","ClearTheMind"],"picked":"SKIP","floor":19.0},{"not_picked":["Fasting2","Protect"],"picked":"SashWhip+1","floor":21.0},{"not_picked":["SandsOfTime","Collect"],"picked":"TalkToTheHand","floor":24.0},{"not_picked":["Conclude","BattleHymn"],"picked":"Wallop","floor":27.0},{"not_picked":["FollowUp","Evaluate"],"picked":"Halt","floor":28.0},{"not_picked":["Fasting2","EmptyBody"],"picked":"ThirdEye","floor":29.0},{"not_picked":["SpiritShield","PathToVictory"],"picked":"FearNoEvil","floor":31.0},{"not_picked":["Alpha","Scrawl"],"picked":"SpiritShield","floor":33.0},{"not_picked":["BowlingBash","FearNoEvil","Protect"],"picked":"SKIP","floor":35.0},{"not_picked":["Prostrate","CrushJoints","WaveOfTheHand"],"picked":"SKIP","floor":37.0},{"not_picked":["Halt","FlyingSleeves","PathToVictory"],"picked":"SKIP","floor":38.0},{"not_picked":["MasterReality","Halt"],"picked":"FlurryOfBlows","floor":40.0},{"not_picked":["CutThroughFate","FearNoEvil+1"],"picked":"Worship","floor":41.0},{"not_picked":["FearNoEvil","CutThroughFate","Consecrate"],"picked":"SKIP","floor":44.0},{"not_picked":["CarveReality","WheelKick"],"picked":"Prostrate+1","floor":47.0},{"not_picked":["Perseverance+1","ClearTheMind+1","ConjureBlade"],"picked":"SKIP","floor":54.0}],"player_experience":749864,"relics_obtained":[{"floor":7.0,"key":"TeardropLocket"},{"floor":9.0,"key":"Bronze Scales"},{"floor":13.0,"key":"MealTicket"},{"floor":24.0,"key":"Pocketwatch"},{"floor":24.0,"key":"WingedGreaves"},{"floor":26.0,"key":"StrikeDummy"},{"floor":27.0,"key":"StoneCalendar"},{"floor":27.0,"key":"Matryoshka"},{"floor":31.0,"key":"Damaru"},{"floor":31.0,"key":"Gambling Chip"},{"floor":40.0,"key":"Meat on the Bone"},{"floor":40.0,"key":"Thread and Needle"},{"floor":41.0,"key":"Blue Candle"},{"floor":41.0,"key":"The Courier"},{"floor":43.0,"key":"Orichalcum"},{"floor":44.0,"key":"Strawberry"},{"floor":44.0,"key":"Omamori"},{"floor":47.0,"key":"Lizard Tail"},{"floor":47.0,"key":"Centennial Puzzle"},{"floor":48.0,"key":"Incense Burner"},{"floor":54.0,"key":"Vajra"},{"floor":54.0,"key":"Sundial"}],"event_choices":[{"damage_healed":0.0,"max_hp_gain":0.0,"max_hp_loss":0.0,"gold_gain":0.0,"event_name":"The Cleric","player_choice":"Leave","floor":4.0,"gold_loss":0.0,"damage_taken":0.0},{"damage_healed":0.0,"max_hp_gain":0.0,"max_hp_loss":0.0,"gold_gain":0.0,"event_name":"FaceTrader","player_choice":"Trade","floor":11.0,"gold_loss":0.0,"damage_taken":0.0,"relics_obtained":["GremlinMask"]},{"damage_healed":0.0,"max_hp_gain":0.0,"max_hp_loss":0.0,"gold_gain":0.0,"event_name":"Addict","player_choice":"Obtained Relic","floor":20.0,"gold_loss":85.0,"damage_taken":0.0,"relics_obtained":["CloakClasp"]},{"cards_removed":["Defend_P"],"damage_healed":0.0,"max_hp_gain":0.0,"max_hp_loss":0.0,"gold_gain":0.0,"event_name":"Purifier","player_choice":"Purged","floor":22.0,"gold_loss":0.0,"damage_taken":0.0},{"cards_removed":["ThirdEye"],"damage_healed":0.0,"max_hp_gain":0.0,"max_hp_loss":0.0,"gold_gain":0.0,"event_name":"Falling","player_choice":"Removed Skill","floor":39.0,"gold_loss":0.0,"damage_taken":0.0},{"damage_healed":0.0,"max_hp_gain":0.0,"max_hp_loss":0.0,"gold_gain":0.0,"event_name":"Mysterious Sphere","player_choice":"Fight","floor":48.0,"gold_loss":0.0,"damage_taken":0.0}],"is_beta":false,"boss_relics":[{"not_picked":["Velvet Choker","Coffee Dripper"],"picked":"Black Star"},{"not_picked":["Fusion Hammer","Tiny House"],"picked":"Runic Dome"}],"items_purged_floors":[30,53],"is_endless":false,"potions_floor_spawned":[1,3,12,13,14,19,28,29,35,38,48],"ascension_level":17}}