{"host":"0fmi5fguj5lvt8pf","time":1608533711,"event":{"mods":["BaseMod","Colored Map","Curses Come First","Downfall","Minty Spire (QoL Compilation)","Permanent Neow","StSLib","Waifu the Spire"],"gold_per_floor":[99,116,116,128,128,128,152,165,75,103,253,213,213,232,249,249,249],"floor_reached":16,"playtime":799,"items_purged":["sneckomod:Strike"],"score":100,"play_id":"0e1b1ba2-feea-401e-baea-d0f5a64cd8d0","local_time":"20201220225511","is_ascension_mode":false,"campfire_choices":[{"data":"sneckomod:TailWhip","floor":1.0,"key":"SMITH"}],"circlet_count":0,"master_deck":["sneckomod:Strike","sneckomod:Strike","sneckomod:Defend","sneckomod:Defend","sneckomod:Defend","sneckomod:TailWhip+1","sneckomod:SnekBite","sneckomod:Unknown","sneckomod:Unknown","sneckomod:DiceBoulder+1","sneckomod:IronFang","sneckomod:Restock","sneckomod:Unknown0Cost","Slimebound:Icky","sneckomod:UnlimitedRolls+1","sneckomod:IronFang","sneckomod:SnakeSap","sneckomod:IronFang"],"relics":["sneckomod:SneckoSoul","sneckomod:LoadedDie","Boot","Frozen Egg 2"],"acts_visited":["Exordium"],"potions_floor_usage":[9,12,16,16],"damage_taken":[{"damage":3.0,"enemies":"Jaw Worm","floor":2.0,"turns":2.0},{"damage":0.0,"enemies":"2 Louse","floor":4.0,"turns":2.0},{"damage":0,"enemies":"Cultist","floor":6,"turns":1},{"damage":22,"enemies":"Large Slime","floor":8,"turns":6},{"damage":4,"enemies":"downfall:FleeingMerchant","floor":9,"turns":4},{"damage":32,"enemies":"Lagavulin","floor":10,"turns":5},{"damage":10,"enemies":"downfall:FleeingMerchant","floor":12,"turns":4},{"damage":13,"enemies":"Exordium Thugs","floor":14,"turns":4},{"damage":2,"enemies":"3 Louse","floor":15,"turns":2},{"damage":17,"enemies":"downfall:Defect","floor":16,"turns":6}],"seed_played":"-2998874617844080033","potions_obtained":[{"floor":4.0,"key":"FearPotion"},{"floor":10,"key":"Swift Potion"},{"floor":14,"key":"PowerPotion"},{"floor":15,"key":"EssenceOfSteel"}],"is_trial":false,"path_per_floor":["R","M","?","M","?","M","T","M","$","E","?","$","?","M","M","B"],"character_chosen":"THE_SNECKO","items_purchased":["sneckomod:IronFang"],"campfire_rested":0,"item_purchase_floors":[12],"current_hp_per_floor":[90,87,87,87,87,87,87,65,66,40,40,30,30,17,15,0,0],"gold":249,"neow_bonus":"RANDOM_COMMON_RELIC","is_daily":false,"chose_seed":false,"campfire_upgraded":1,"win_rate":0.0,"timestamp":1608533711,"path_taken":["R","M","?","M","?","?","T","M","$","E","?","?","?","?","M","BOSS"],"items_purchased_type":["Card"],"build_version":"2020-12-13","purchased_purges":1,"victory":false,"max_hp_per_floor":[90,90,90,90,90,90,90,90,91,91,91,91,91,91,91,91,91],"card_choices":[{"not_picked":["sneckomod:UnknownStrength","sneckomod:Unknown2Cost","sneckomod:UnknownCommonSkill"],"picked":"SKIP","floor":2.0},{"not_picked":["sneckomod:Unknown2Cost","sneckomod:UnknownUncommonPower"],"picked":"sneckomod:DiceBoulder","floor":4.0},{"not_picked":["sneckomod:UnknownCommonAttack","sneckomod:WideSting"],"picked":"sneckomod:IronFang","floor":6},{"not_picked":["sneckomod:DiceCrush","sneckomod:Unknown1Cost"],"picked":"sneckomod:Restock","floor":8},{"not_picked":["sneckomod:UnknownStrike","sneckomod:DiceBlock"],"picked":"sneckomod:Unknown0Cost","floor":9},{"not_picked":["sneckomod:SoulRoll","sneckomod:Nope","sneckomod:QuickBite"],"picked":"SKIP","floor":10},{"not_picked":["sneckomod:QuickBite","sneckomod:UnknownVulnerable"],"picked":"sneckomod:UnlimitedRolls+1","floor":12},{"not_picked":["sneckomod:Nope","sneckomod:UnknownClassSLIMEBOUND"],"picked":"sneckomod:SnakeSap","floor":14},{"not_picked":["sneckomod:UnknownStrike","sneckomod:UnknownCommonAttack"],"picked":"sneckomod:IronFang","floor":15}],"player_experience":1218562,"relics_obtained":[{"floor":7,"key":"Boot"},{"floor":10,"key":"Frozen Egg 2"}],"event_choices":[{"damage_healed":0,"gold_gain":0,"player_choice":"Grow","damage_taken":0,"max_hp_gain":0,"max_hp_loss":0,"event_name":"Living Wall","floor":13,"gold_loss":0,"cards_upgraded":["sneckomod:DiceBoulder"]}],"is_beta":false,"boss_relics":[],"items_purged_floors":[9],"is_endless":false,"potions_floor_spawned":[4,10,14,15],"killed_by":"downfall:Defect","ascension_level":0}}