{"host":"fm9e0lfunjlbhzxv","time":1608530724,"event":{"mods":["Astrologer","BaseMod","Colored Map","Colored Powertips","Energized Spire","Gremlin Mod","Key Reminder","Lobotomy","LobotomyExtend","Minty Spire (QoL Compilation)","Permanent Neow","Rare Cards Sparkle","Relic Stats","Shedinja","StSLib","The Administrix","The Disciple","The Mystic","TheBandit"],"gold_per_floor":[118,128,128,138,150,165,165,10,59,92,92,104,104,104,104,204,204,193,203,213,233,533,533,533],"floor_reached":23,"playtime":2656,"items_purged":[],"score":220,"play_id":"fe1b28bd-5d7f-45e4-adf0-7aa72247d6b7","local_time":"20201220220524","is_ascension_mode":false,"campfire_choices":[{"data":"AdministrixMod:SealAway","floor":11,"key":"SMITH"},{"data":"AdministrixMod:ArmillarySphere","floor":13,"key":"SMITH"},{"data":"AdministrixMod:TouchOfCinnabar","floor":15,"key":"SMITH"}],"circlet_count":0,"master_deck":["AdministrixMod:Strike_Administrix","AdministrixMod:Strike_Administrix","AdministrixMod:Strike_Administrix","AdministrixMod:RedCloak","AdministrixMod:Defend_Administrix","AdministrixMod:Defend_Administrix","AdministrixMod:Defend_Administrix","AdministrixMod:Defend_Administrix","AdministrixMod:BlueCloak","AdministrixMod:SealAway+1","UniverseFragment","AdministrixMod:TouchOfCinnabar+1","Woodsman","AdministrixMod:BlueCloak","AdministrixMod:ImmortalClarity","AdministrixMod:PlateOfAntiquity","AdministrixMod:RebukeDesires","AdministrixMod:ArmillarySphere+1","AdministrixMod:ExtolVirtue","AdministrixMod:GirlsDoItBetter","AdministrixMod:MixOfMercury+1","AdministrixMod:ImmortalGrace","OSAHOGD","AdministrixMod:ImmortalPurity","DreamingCurrent","Pain"],"relics":["AdministrixMod:ConductorRitualBaton","CogitoBucket","RabbitCall","LetterFromLob","Medical Kit","Nunchaku","Bottled Tornado","AdjustmentMirror","Cursed Key","BackwardClock","Old Coin"],"acts_visited":["Exordium","TheCity"],"potions_floor_usage":[21,21,21],"damage_taken":[{"damage":1,"enemies":"Jaw Worm","floor":1,"turns":4},{"damage":0,"enemies":"Cultist","floor":2,"turns":4},{"damage":0,"enemies":"Small Slimes","floor":4,"turns":4},{"damage":0,"enemies":"3 Louse","floor":5,"turns":3},{"damage":24,"enemies":"Gremlin Gang","floor":6,"turns":6},{"damage":0,"enemies":"Lagavulin","floor":10,"turns":12},{"damage":21,"enemies":"Lots of Slimes","floor":12,"turns":7},{"damage":4,"enemies":"Slime Boss","floor":16,"turns":19},{"damage":11,"enemies":"2 Thieves","floor":18,"turns":5},{"damage":10,"enemies":"Chosen","floor":19,"turns":6},{"damage":2,"enemies":"Snecko","floor":20,"turns":8},{"damage":65,"enemies":"Snake Plant","floor":21,"turns":13},{"damage":70,"enemies":"Gremlin Leader","floor":23,"turns":6}],"seed_played":"-2078128465105137411","potions_obtained":[{"floor":1,"key":"LiquidMemories"},{"floor":4,"key":"BlessingOfTheForge"},{"floor":5,"key":"SkillPotion"},{"floor":10,"key":"Block Potion"},{"floor":12,"key":"LiquidMemories"}],"is_trial":false,"path_per_floor":["M","M","?","M","M","M","E","$","T","E","R","M","R","?","R","B",null,"M","M","M","M","T","E"],"character_chosen":"TheAdministrix","items_purchased":["Medical Kit"],"campfire_rested":0,"item_purchase_floors":[8],"current_hp_per_floor":[64,64,64,65,65,65,65,65,65,65,65,65,65,65,65,65,65,60,56,60,19,19,0,0],"gold":533,"neow_bonus":"","is_daily":false,"chose_seed":false,"campfire_upgraded":3,"win_rate":0.0,"timestamp":1608530724,"path_taken":["M","M","?","M","?","M","E","$","T","E","R","M","R","?","R","BOSS","M","M","?","M","?","E"],"items_purchased_type":["Relic"],"build_version":"2020-12-13","purchased_purges":0,"victory":false,"max_hp_per_floor":[65,65,65,65,65,65,65,65,65,65,65,65,65,65,65,65,65,65,65,65,65,65,65,65],"relic_stats":{"Nunchaku":[14],"counters":[15,99],"Medical Kit":[0],"Cursed Key":1,"obtain_stats":[{"RabbitCall":0,"BackwardClock":21,"CogitoBucket":0,"Nunchaku":9,"AdministrixMod:ConductorRitualBaton":0,"LetterFromLob":1,"Bottled Tornado":10,"AdjustmentMirror":12,"Medical Kit":8,"Cursed Key":17,"Old Coin":22},{"RabbitCall":0,"BackwardClock":14,"CogitoBucket":0,"Nunchaku":5,"AdministrixMod:ConductorRitualBaton":0,"LetterFromLob":1,"Bottled Tornado":6,"AdjustmentMirror":8,"Medical Kit":5,"Cursed Key":9,"Old Coin":14},{"RabbitCall":0,"BackwardClock":93,"CogitoBucket":0,"Nunchaku":21,"AdministrixMod:ConductorRitualBaton":0,"LetterFromLob":4,"Bottled Tornado":33,"AdjustmentMirror":41,"Medical Kit":21,"Cursed Key":60,"Old Coin":93}]},"card_choices":[{"not_picked":["AdministrixMod:NewWardrobe","AdministrixMod:DiversionaryTactic"],"picked":"AdministrixMod:SealAway","floor":1},{"not_picked":["BigBadWolf","SpiderBud"],"picked":"UniverseFragment","floor":1},{"not_picked":["AdministrixMod:NoblePath","AdministrixMod:TrickOfTheLight"],"picked":"AdministrixMod:TouchOfCinnabar","floor":2},{"not_picked":["Scorched","Wellcheers"],"picked":"Woodsman","floor":2},{"not_picked":["AdministrixMod:PassageOfAges","AdministrixMod:Wuji"],"picked":"AdministrixMod:ImmortalClarity","floor":4},{"not_picked":["BigBadWolf","MHz","CherryBlossoms"],"picked":"Singing Bowl","floor":4},{"not_picked":["AdministrixMod:JustRewards","AdministrixMod:SyncreticPlunge"],"picked":"AdministrixMod:PlateOfAntiquity","floor":5},{"not_picked":["VoidDream","OldLady","FairyFestival"],"picked":"Singing Bowl","floor":5},{"not_picked":["AdministrixMod:ExtolVirtue","AdministrixMod:NoblePath"],"picked":"AdministrixMod:RebukeDesires","floor":6},{"not_picked":["LittlePrince","CrumblingArmor","PunishingBird"],"picked":"Singing Bowl","floor":6},{"not_picked":["AdministrixMod:Convergence","AdministrixMod:RegentEdict"],"picked":"AdministrixMod:ArmillarySphere","floor":10},{"not_picked":["GalaxyChild","BodiesMountain","WhitesApple"],"picked":"Singing Bowl","floor":10},{"not_picked":["BigBird","Wellcheers","MHz"],"picked":"Singing Bowl","floor":12},{"not_picked":["AdministrixMod:HiddenPower","AdministrixMod:CenturiesAscent","AdministrixMod:RebukeDesires"],"picked":"SKIP","floor":12},{"not_picked":["AdministrixMod:LifeforceNet","AdministrixMod:HopeInTheDark"],"picked":"AdministrixMod:GirlsDoItBetter","floor":16},{"not_picked":["MHz","Murderer","Wellcheers"],"picked":"Singing Bowl","floor":16},{"not_picked":["AdministrixMod:NoblePath","AdministrixMod:NewWardrobe"],"picked":"AdministrixMod:MixOfMercury+1","floor":18},{"not_picked":["WallGazer","Alriune","CherryBlossoms"],"picked":"Singing Bowl","floor":18},{"not_picked":["AdministrixMod:CenturiesAscent","AdministrixMod:DiversionaryTactic"],"picked":"AdministrixMod:ImmortalGrace","floor":19},{"not_picked":["GalaxyChild","ShyLook"],"picked":"OSAHOGD","floor":19},{"not_picked":["AdministrixMod:CenturiesAscent+1","AdministrixMod:ShadowPlay"],"picked":"AdministrixMod:ImmortalPurity","floor":20},{"not_picked":["NakedNest","ShyLook","MeatLantern"],"picked":"Singing Bowl","floor":20},{"not_picked":["VoidDream","ShyLook","Scorched"],"picked":"Singing Bowl","floor":21},{"not_picked":["LongBird","Rudolta"],"picked":"DreamingCurrent","floor":21},{"not_picked":["AdministrixMod:PlateOfAntiquity","AdministrixMod:ChooseYourEnd","AdministrixMod:ArmillarySphere"],"picked":"SKIP","floor":21}],"player_experience":550788,"relics_obtained":[{"floor":1,"key":"LetterFromLob"},{"floor":9,"key":"Nunchaku"},{"floor":10,"key":"Bottled Tornado"},{"floor":22,"key":"Old Coin"}],"event_choices":[{"damage_healed":0,"gold_gain":0,"player_choice":"1 cards matched","damage_taken":0,"max_hp_gain":0,"max_hp_loss":0,"event_name":"Match and Keep!","floor":3,"gold_loss":0,"cards_obtained":["AdministrixMod:BlueCloak"]},{"damage_healed":0,"gold_gain":0,"cards_transformed":["AdministrixMod:Strike_Administrix"],"player_choice":"Transformed","damage_taken":0,"max_hp_gain":0,"max_hp_loss":0,"event_name":"Transmorgrifier","floor":14,"gold_loss":0,"cards_obtained":["AdministrixMod:ExtolVirtue"]}],"is_beta":false,"boss_relics":[{"not_picked":["Black Star","energizedSpire:OgreHead"],"picked":"Cursed Key"}],"items_purged_floors":[],"is_endless":false,"potions_floor_spawned":[1,4,5,10,12],"killed_by":"Gremlin Leader","ascension_level":0}}