{"host":"55ootvctf3yuzfpi","time":1608575871,"event":{"mods":["BaseMod","Colored Map","Downfall","Hermit","Highlight Path","Minty Spire (QoL Compilation)","StSLib"],"gold_per_floor":[117,137,147,167,187,213,213,224,303,303,318,336,371,371,371,468,468,488,498,511,250,262,262,287,287,311,311,343,358,372,57,57,159,159,179,195,85,96,96,126,126,161,161,191,0,0,29,44,44,44],"floor_reached":51,"playtime":3425,"items_purged":["Regret","Writhe"],"score":1400,"play_id":"291cc071-041f-4642-87c7-42b95804edb0","local_time":"20201221153751","is_ascension_mode":true,"campfire_choices":[{"floor":7,"key":"REST"},{"floor":10,"key":"REST"},{"floor":15,"key":"REST"},{"floor":23,"key":"REST"},{"floor":25,"key":"REST"},{"floor":32,"key":"REST"},{"floor":41,"key":"REST"},{"floor":46,"key":"REST"},{"floor":49,"key":"REST"}],"circlet_count":0,"master_deck":["AscendersBane","Strike_G","Strike_G","Strike_G","Strike_G","Strike_G","Defend_G","Defend_G","Defend_G","Defend_G","Defend_G","Survivor","Neutralize","Crippling Poison","Deadly Poison","Backflip","Catalyst","Escape Plan","Leg Sweep","Skewer","Corpse Explosion","Predator","Well Laid Plans","Backflip","Bouncing Flask","Catalyst","PiercingWail+1","Backflip+1","Burst","Malaise","Noxious Fumes","Deadly Poison+1","Footwork","PiercingWail+1","Catalyst+1","hexamod:Haunted","Footwork+1"],"relics":["Fusion Hammer","The Courier","Blue Candle","Dream Catcher","CaptainsWheel","Cursed Key","PreservedInsect","Vajra","Boot","Bag of Preparation","Lee\u0027s Waffle","SlaversCollar","Frozen Egg 2","Turnip","StoneCalendar","Darkstone Periapt","Red Mask","Pen Nib"],"acts_visited":["Exordium","TheCity","TheBeyond"],"potions_floor_usage":[6,6,12,13,13,28,42,48,50],"damage_taken":[{"damage":0,"enemies":"Small Slimes","floor":1,"turns":5},{"damage":0,"enemies":"Cultist","floor":2,"turns":4},{"damage":0,"enemies":"2 Louse","floor":3,"turns":3},{"damage":0,"enemies":"Exordium Wildlife","floor":4,"turns":5},{"damage":11,"enemies":"3 Louse","floor":5,"turns":4},{"damage":16,"enemies":"Lagavulin","floor":6,"turns":6},{"damage":9,"enemies":"2 Fungi Beasts","floor":8,"turns":4},{"damage":0,"enemies":"Exordium Wildlife","floor":11,"turns":3},{"damage":0,"enemies":"Exordium Thugs","floor":12,"turns":3},{"damage":33,"enemies":"3 Sentries","floor":13,"turns":11},{"damage":55,"enemies":"Slime Boss","floor":16,"turns":16},{"damage":2,"enemies":"Spheric Guardian","floor":18,"turns":4},{"damage":11,"enemies":"Chosen","floor":19,"turns":5},{"damage":10,"enemies":"Centurion and Healer","floor":20,"turns":5},{"damage":10,"enemies":"Snake Plant","floor":22,"turns":5},{"damage":0,"enemies":"Gremlin Leader","floor":24,"turns":7},{"damage":10,"enemies":"Slavers","floor":28,"turns":5},{"damage":8,"enemies":"3 Cultists","floor":29,"turns":3},{"damage":9,"enemies":"Cultist and Chosen","floor":30,"turns":3},{"damage":14,"enemies":"Collector","floor":33,"turns":5},{"damage":15,"enemies":"3 Darklings","floor":35,"turns":3},{"damage":12,"enemies":"Orb Walker","floor":36,"turns":4},{"damage":19,"enemies":"Sphere and 2 Shapes","floor":38,"turns":5},{"damage":0,"enemies":"Giant Head","floor":40,"turns":6},{"damage":8,"enemies":"Reptomancer","floor":42,"turns":6},{"damage":9,"enemies":"Giant Head","floor":44,"turns":7},{"damage":1,"enemies":"Nemesis","floor":47,"turns":3},{"damage":10,"enemies":"3 Darklings","floor":48,"turns":5},{"damage":49,"enemies":"Awakened One","floor":50,"turns":10}],"seed_played":"1374952596861214747","potions_obtained":[{"floor":1,"key":"SkillPotion"},{"floor":2,"key":"BlessingOfTheForge"},{"floor":8,"key":"AttackPotion"},{"floor":11,"key":"sneckomod:MuddlingPotion"},{"floor":12,"key":"SneckoOil"},{"floor":19,"key":"Fire Potion"},{"floor":20,"key":"Strength Potion"},{"floor":22,"key":"Energy Potion"},{"floor":30,"key":"SpeedPotion"},{"floor":42,"key":"sneckomod:MuddlingPotion"}],"is_trial":false,"path_per_floor":["M","M","M","M","M","E","R","M","T","R","M","M","E","?","R","B",null,"M","M","M","$","M","R","E","R","T","?","E","M","M","$","R","B",null,"M","M","$","M","?","E","R","E","T","E","?","R","E","M","R","B",null],"character_chosen":"THE_SILENT","items_purchased":["Well Laid Plans","Backflip","Bouncing Flask","Catalyst","Bag of Preparation","Lee\u0027s Waffle","Footwork","Footwork"],"campfire_rested":9,"item_purchase_floors":[21,21,21,21,31,31,37,37],"current_hp_per_floor":[63,63,63,63,52,36,57,48,48,69,69,69,36,36,57,2,53,51,40,30,30,20,41,41,62,62,62,52,44,35,77,77,63,74,59,47,47,28,28,28,51,43,43,34,34,57,56,46,69,20],"gold":44,"neow_bonus":"BOSS_RELIC","is_daily":false,"chose_seed":false,"campfire_upgraded":0,"win_rate":0.0,"timestamp":1608575871,"path_taken":["M","M","M","M","M","E","R","M","T","R","M","M","E","?","R","BOSS","M","M","M","$","M","R","E","R","T","?","E","M","?","$","R","BOSS","M","M","$","M","?","E","R","E","T","E","?","R","E","M","R","BOSS"],"items_purchased_type":["Card","Card","Card","Card","Relic","Relic","Card","Card"],"build_version":"2020-12-13","purchased_purges":2,"victory":true,"max_hp_per_floor":[70,70,70,70,70,70,70,70,70,70,70,70,70,70,70,70,70,70,70,70,70,70,70,70,70,70,70,70,70,70,77,77,77,77,77,77,77,77,77,77,77,77,77,77,77,77,77,77,77,77],"card_choices":[{"not_picked":["Blur","Distraction"],"picked":"Crippling Poison","floor":1},{"not_picked":["Terror","Flying Knee","Endless Agony"],"picked":"SKIP","floor":2},{"not_picked":["Backflip","Prepared"],"picked":"Deadly Poison","floor":3},{"not_picked":["Acrobatics","Caltrops"],"picked":"Backflip","floor":4},{"not_picked":["Riddle With Holes","Calculated Gamble","Deadly Poison"],"picked":"SKIP","floor":5},{"not_picked":["Prepared","PiercingWail"],"picked":"Catalyst","floor":6},{"not_picked":["Acrobatics","Dagger Throw","Flying Knee"],"picked":"SKIP","floor":8},{"not_picked":["Dodge and Roll","Underhanded Strike","Envenom"],"picked":"SKIP","floor":11},{"not_picked":["Outmaneuver","Cloak And Dagger"],"picked":"Escape Plan","floor":12},{"not_picked":["Deflect","Dagger Spray"],"picked":"Leg Sweep","floor":13},{"not_picked":["Cloak And Dagger","Blade Dance"],"picked":"Skewer","floor":15},{"not_picked":["Bullet Time","After Image"],"picked":"Corpse Explosion","floor":16},{"not_picked":["Underhanded Strike+1","Poisoned Stab+1"],"picked":"Predator","floor":18},{"not_picked":["Backflip","Dash+1","Leg Sweep"],"picked":"SKIP","floor":19},{"not_picked":["Heel Hook","Distraction","Concentrate"],"picked":"SKIP","floor":20},{"not_picked":["Deflect","Underhanded Strike+1"],"picked":"PiercingWail+1","floor":22},{"not_picked":["Poisoned Stab","Envenom","Slice"],"picked":"SKIP","floor":24},{"not_picked":["Poisoned Stab","Sucker Punch"],"picked":"Backflip+1","floor":25},{"not_picked":["Backflip","Dagger Spray"],"picked":"Burst","floor":28},{"not_picked":["Escape Plan","Well Laid Plans","Blur"],"picked":"SKIP","floor":29},{"not_picked":["Deflect+1","Tactician","Dagger Throw"],"picked":"SKIP","floor":30},{"not_picked":["Tools of the Trade","Envenom"],"picked":"Malaise","floor":33},{"not_picked":["Slice+1","Accuracy"],"picked":"Noxious Fumes","floor":35},{"not_picked":["Flying Knee","Dagger Throw"],"picked":"Deadly Poison+1","floor":36},{"not_picked":["Terror+1","Dagger Spray"],"picked":"PiercingWail+1","floor":38},{"not_picked":["Riddle With Holes+1","Accuracy+1","Outmaneuver+1"],"picked":"SKIP","floor":40},{"not_picked":["Masterful Stab","Slice"],"picked":"Catalyst+1","floor":42},{"not_picked":["Venomology","Dagger Spray+1","Riddle With Holes"],"picked":"SKIP","floor":44},{"not_picked":["Acrobatics+1","Dagger Throw"],"picked":"Footwork+1","floor":47},{"not_picked":["Quick Slash+1","Poisoned Stab+1","Blade Dance+1"],"picked":"SKIP","floor":48}],"player_experience":1270575,"relics_obtained":[{"floor":6,"key":"The Courier"},{"floor":9,"key":"Blue Candle"},{"floor":13,"key":"Dream Catcher"},{"floor":24,"key":"PreservedInsect"},{"floor":26,"key":"Vajra"},{"floor":28,"key":"Boot"},{"floor":40,"key":"Frozen Egg 2"},{"floor":42,"key":"Turnip"},{"floor":43,"key":"StoneCalendar"},{"floor":44,"key":"Darkstone Periapt"},{"floor":47,"key":"Pen Nib"}],"event_choices":[{"damage_healed":0,"gold_gain":0,"player_choice":"Box","damage_taken":0,"relics_obtained":["CaptainsWheel"],"max_hp_gain":0,"max_hp_loss":0,"event_name":"Big Fish","floor":14,"gold_loss":0,"cards_obtained":["Regret"]},{"damage_healed":0,"gold_gain":0,"player_choice":"Got Potions","damage_taken":0,"max_hp_gain":0,"max_hp_loss":0,"event_name":"Lab","floor":27,"gold_loss":0},{"cards_removed":["Footwork"],"damage_healed":0,"gold_gain":0,"player_choice":"Removed Power","damage_taken":0,"max_hp_gain":0,"max_hp_loss":0,"event_name":"Falling","floor":39,"gold_loss":0},{"damage_healed":0,"gold_gain":0,"player_choice":"Paid","damage_taken":0,"relics_obtained":["Red Mask"],"max_hp_gain":0,"max_hp_loss":0,"event_name":"Tomb of Lord Red Mask","floor":45,"gold_loss":191}],"is_beta":false,"boss_relics":[{"not_picked":["Coffee Dripper","WristBlade"],"picked":"Cursed Key"},{"not_picked":["Philosopher\u0027s Stone","Velvet Choker"],"picked":"SlaversCollar"}],"items_purged_floors":[21,31],"is_endless":false,"potions_floor_spawned":[1,2,4,8,11,12,19,20,22,30,33,38,42],"ascension_level":11}}