{"host":"xhamcave7q47vrco","time":1608537252,"event":{"mods":["BaseMod","Minty Spire (QoL Compilation)","Permanent Neow","Quick Restart","StSLib","TestMod"],"gold_per_floor":[118,133,83,83,94,94,108,134,134,151,151,180,191,206,206,310,310,330,345,364,364,364],"floor_reached":21,"playtime":979,"items_purged":[],"score":257,"play_id":"4e6cfd6b-8751-4f05-8cc6-4f8b3500d24c","local_time":"20201221155412","is_ascension_mode":true,"campfire_choices":[{"floor":6,"key":"RECALL"},{"data":"Whirlwind","floor":11,"key":"SMITH"},{"data":"Inflame","floor":15,"key":"SMITH"}],"circlet_count":0,"master_deck":["Strike_R","Strike_R","Strike_R","Defend_R","Defend_R","Defend_R","Bash","Clash","Shockwave+1","Shockwave","Whirlwind+1","Flex","Flex","Shrug It Off","Shrug It Off","Inflame+1","Inflame","Brutality","Armaments"],"relics":["Burning Blood","testmod-TestBox","testmod-IWantAll","Red Skull","Ice Cream","Sozu"],"acts_visited":["Exordium","TheCity"],"potions_floor_usage":[12,14,16,16,17],"damage_taken":[{"damage":1,"enemies":"Cultist","floor":1,"turns":3},{"damage":1,"enemies":"2 Louse","floor":2,"turns":3},{"damage":2,"enemies":"Small Slimes","floor":5,"turns":3},{"damage":8,"enemies":"Gremlin Gang","floor":7,"turns":4},{"damage":12,"enemies":"Gremlin Nob","floor":8,"turns":3},{"damage":8,"enemies":"2 Fungi Beasts","floor":10,"turns":3},{"damage":20,"enemies":"3 Sentries","floor":12,"turns":5},{"damage":0,"enemies":"3 Louse","floor":13,"turns":1},{"damage":0,"enemies":"Large Slime","floor":14,"turns":4},{"damage":0,"enemies":"Slime Boss","floor":16,"turns":3},{"damage":17,"enemies":"2 Thieves","floor":18,"turns":3},{"damage":0,"enemies":"3 Byrds","floor":19,"turns":2},{"damage":8,"enemies":"Centurion and Healer","floor":20,"turns":5},{"damage":26,"enemies":"Snecko","floor":21,"turns":5}],"seed_played":"-5351477760442102705","potions_obtained":[{"floor":5,"key":"ElixirPotion"},{"floor":8,"key":"PowerPotion"},{"floor":12,"key":"Explosive Potion"},{"floor":13,"key":"Fire Potion"},{"floor":14,"key":"Strength Potion"},{"floor":16,"key":"EntropicBrew"}],"is_trial":false,"path_per_floor":["M","M","?","?","M","R","M","E","T","M","R","E","M","M","R","B",null,"M","M","M","M"],"character_chosen":"IRONCLAD","items_purchased":[],"campfire_rested":0,"item_purchase_floors":[],"current_hp_per_floor":[61,66,66,66,70,70,68,62,62,60,60,46,52,58,58,64,80,69,75,73,47,47],"gold":364,"neow_bonus":"REMOVE_TWO","is_daily":false,"chose_seed":false,"campfire_upgraded":2,"win_rate":0.0,"timestamp":1608537252,"path_taken":["M","M","?","?","M","R","M","E","T","M","R","E","M","M","R","BOSS","M","M","M","?"],"items_purchased_type":[],"build_version":"2020-12-13","purchased_purges":0,"victory":false,"max_hp_per_floor":[80,80,80,80,80,80,80,80,80,80,80,80,80,80,80,80,80,80,80,80,80,80],"card_choices":[{"not_picked":["Anger","Hemokinesis"],"picked":"Clash","floor":1},{"not_picked":["Iron Wave","Burning Pact"],"picked":"Shockwave","floor":2},{"not_picked":["Iron Wave","Burning Pact"],"picked":"Shockwave","floor":2},{"not_picked":["Dark Embrace","Uppercut"],"picked":"Whirlwind","floor":5},{"not_picked":["Rampage","Dual Wield"],"picked":"Flex","floor":7},{"not_picked":["Rampage","Dual Wield"],"picked":"Flex","floor":7},{"not_picked":["Searing Blow","Clash","Combust"],"picked":"SKIP","floor":8},{"not_picked":["Dropkick","Fire Breathing"],"picked":"Shrug It Off","floor":10},{"not_picked":["Dropkick","Fire Breathing"],"picked":"Shrug It Off","floor":10},{"not_picked":["Clothesline","Headbutt","Anger"],"picked":"SKIP","floor":12},{"not_picked":["Warcry","Disarm","Thunderclap"],"picked":"SKIP","floor":13},{"not_picked":["Clothesline","Rupture"],"picked":"Inflame","floor":14},{"not_picked":["Clothesline","Rupture"],"picked":"Inflame","floor":14},{"not_picked":["Offering","Feed"],"picked":"Brutality","floor":16},{"not_picked":["Body Slam","Fire Breathing+1","Uppercut"],"picked":"SKIP","floor":18},{"not_picked":["Inflame+1","Flex"],"picked":"Armaments","floor":19},{"not_picked":["Body Slam+1","Shockwave","Anger"],"picked":"SKIP","floor":20}],"player_experience":31088,"relics_obtained":[{"floor":8,"key":"Red Skull"},{"floor":12,"key":"Ice Cream"}],"event_choices":[{"cards_removed":["Strike_R"],"damage_healed":0,"gold_gain":0,"player_choice":"Card Removal","damage_taken":0,"max_hp_gain":0,"max_hp_loss":0,"event_name":"The Cleric","floor":3,"gold_loss":50},{"damage_healed":0,"gold_gain":0,"player_choice":"Forge","damage_taken":0,"max_hp_gain":0,"max_hp_loss":0,"event_name":"Accursed Blacksmith","floor":4,"gold_loss":0,"cards_upgraded":["Shockwave"]}],"is_beta":false,"boss_relics":[{"not_picked":["Velvet Choker","Empty Cage"],"picked":"Sozu"}],"items_purged_floors":[],"is_endless":false,"potions_floor_spawned":[5,8,12,13,14,16,18],"killed_by":"Snecko","ascension_level":1}}