{"host":"27cnk69rbdk9vsnt","time":1608590253,"event":{"mods":["BaseMod","Beaked The Cultist","Duelist Mod","Ekko","Energized Spire","Glutton Mod","JesterMod","Jorbs\u0027s Wanderer Trilogy","Mimic Mod","Minty Spire (QoL Compilation)","Shop Mod","StSLib","The Elementalist","Thieving Mod"],"gold_per_floor":[140,140,153,153,42,73,73,106,106,6,37,60,81,156,156,156,156],"floor_reached":16,"playtime":1333,"items_purged":["Injury","theDuelist:CastleWalls"],"score":118,"play_id":"5a54896f-2e5e-4bb2-b6ff-59619fbe5e53","local_time":"20201221233733","is_ascension_mode":false,"campfire_choices":[{"data":"Panacea","floor":7,"key":"SMITH"},{"floor":15,"key":"REST"}],"circlet_count":0,"master_deck":["theDuelist:BeaverWarrior+1","theDuelist:BeaverWarrior","theDuelist:CastleWalls","theDuelist:FinalFlame","theDuelist:GiantSoldier","theDuelist:GiantSoldier","theDuelist:ScrapFactory+1","theDuelist:Sparks","theDuelist:Sparks","Panacea+1","theDuelist:DarklordSuperbia","theDuelist:GracefulCharity","theDuelist:PsychicShockwave","theDuelist:BattleOx","theDuelist:Spore","theDuelist:BotanicalLion","theDuelist:PlantFoodChain+1"],"relics":["theDuelist:MillenniumPuzzle","theDuelist:CardPoolRelic","theDuelist:CardPoolBasicRelic","theDuelist:BoosterPackPoolRelic","theDuelist:CardPoolAddRelic","theDuelist:CardPoolMinusRelic","theDuelist:CardPoolSaveRelic","theDuelist:CardPoolOptionsRelic","Golden Idol","theDuelist:BoosterPackTrapEgg","theDuelist:DuelistOrichalcum","Bottled Flame","Tiny Chest"],"acts_visited":["Exordium"],"potions_floor_usage":[6,16,16],"damage_taken":[{"damage":0,"enemies":"Small Slimes","floor":1,"turns":5},{"damage":10,"enemies":"Jaw Worm","floor":3,"turns":4},{"damage":9,"enemies":"Lagavulin","floor":6,"turns":7},{"damage":6,"enemies":"Gremlin Nob","floor":8,"turns":5},{"damage":13,"enemies":"3 Sentries","floor":11,"turns":8},{"damage":0,"enemies":"Cultist","floor":12,"turns":3},{"damage":0,"enemies":"2 Fungi Beasts","floor":13,"turns":3},{"damage":49,"enemies":"Slime Boss","floor":16,"turns":9}],"seed_played":"-2611646640112969873","potions_obtained":[{"floor":1,"key":"theDuelist:MegaupgradePotion"},{"floor":3,"key":"theDuelist:CoolBottle"},{"floor":6,"key":"LiquidMemories"}],"is_trial":false,"path_per_floor":["M","?","M","?","$","E","R","E","T","$","E","M","M","?","R","B"],"character_chosen":"THE_DUELIST","items_purchased":["theDuelist:GracefulCharity"],"campfire_rested":1,"item_purchase_floors":[5],"current_hp_per_floor":[88,88,78,60,60,51,51,45,45,45,32,32,32,21,47,0,0],"gold":156,"neow_bonus":"TEN_PERCENT_HP_BONUS","is_daily":false,"chose_seed":false,"campfire_upgraded":1,"win_rate":0.0,"timestamp":1608590253,"path_taken":["M","?","M","?","?","E","R","E","T","$","E","?","M","?","R","BOSS"],"items_purchased_type":["Card"],"build_version":"2020-12-13","purchased_purges":2,"victory":false,"max_hp_per_floor":[88,88,88,88,88,88,88,88,88,88,88,88,88,88,88,88,88],"card_choices":[{"not_picked":["Magnetism","Master of Strategy","Swift Strike"],"picked":"Panacea","floor":1},{"not_picked":["theDuelist:DestroyerGolem","theDuelist:DarkCreator","theDuelist:WormKing","theDuelist:StrayLambs"],"picked":"theDuelist:DarklordSuperbia","floor":3},{"not_picked":["theDuelist:RainbowNeos","theDuelist:Spore","theDuelist:WhiteNinja","theDuelist:BlueRoseDragon"],"picked":"theDuelist:PsychicShockwave","floor":6},{"not_picked":["theDuelist:GiantTrapHole","theDuelist:DummyGolem","theDuelist:FuryFire","theDuelist:RainbowBridge"],"picked":"theDuelist:BattleOx","floor":8},{"not_picked":["theDuelist:CoreBlaster","theDuelist:Inmato","theDuelist:JerryBeansMan","theDuelist:WhiteHowling+1"],"picked":"theDuelist:Spore","floor":11},{"not_picked":["theDuelist:CoreBlaster","theDuelist:CombinationAttack","theDuelist:BigFire","theDuelist:FusionWeapon"],"picked":"theDuelist:BotanicalLion","floor":12},{"not_picked":["theDuelist:GravityLash","theDuelist:BeastFangs"],"picked":"theDuelist:PlantFoodChain+1","floor":13}],"player_experience":498508,"relics_obtained":[{"floor":6,"key":"theDuelist:BoosterPackTrapEgg"},{"floor":8,"key":"theDuelist:DuelistOrichalcum"},{"floor":9,"key":"Bottled Flame"},{"floor":11,"key":"Tiny Chest"}],"event_choices":[{"damage_healed":0,"gold_gain":0,"player_choice":"Take Wound","damage_taken":0,"relics_obtained":["Golden Idol"],"max_hp_gain":0,"max_hp_loss":0,"event_name":"Golden Idol","floor":2,"gold_loss":0,"cards_obtained":["Injury"]},{"damage_healed":0,"gold_gain":0,"player_choice":"Entered Light","damage_taken":18,"max_hp_gain":0,"max_hp_loss":0,"event_name":"Shining Light","floor":4,"gold_loss":0,"cards_upgraded":["theDuelist:ScrapFactory","theDuelist:BeaverWarrior"]},{"damage_healed":0,"gold_gain":75,"player_choice":"Gather Gold","damage_taken":11,"max_hp_gain":0,"max_hp_loss":0,"event_name":"World of Goop","floor":14,"gold_loss":0}],"is_beta":false,"boss_relics":[],"items_purged_floors":[5,10],"is_endless":false,"potions_floor_spawned":[1,3,6],"killed_by":"Slime Boss","ascension_level":0}}