{"host":"12","time":1608544139,"event":{"mods":["Act Like it!","BaseMod","Colored Powertips","Minty Spire (QoL Compilation)","StSLib","【功能Mod】混沌之环修复补丁"],"gold_per_floor":[118,130,43,43,63,63,81,81,163,183,214,214,224,240,240,313,313,333,343,268,268,283,283,283,283],"floor_reached":24,"playtime":723,"items_purged":["Strike_G"],"score":400,"play_id":"5e3028b6-68fc-47ac-a28d-1343f9e321ca","local_time":"20201221174859","is_ascension_mode":true,"campfire_choices":[{"data":"Noxious Fumes","floor":6.0,"key":"SMITH"},{"data":"Cloak And Dagger","floor":8.0,"key":"SMITH"},{"data":"Prepared","floor":12.0,"key":"SMITH"},{"data":"Neutralize","floor":15.0,"key":"SMITH"},{"floor":23,"key":"REST"}],"circlet_count":0,"master_deck":["AscendersBane","Strike_G","Strike_G","Strike_G","Strike_G","Defend_G","Defend_G","Defend_G","Defend_G","Defend_G","Survivor","Neutralize+1","Acrobatics","Calculated Gamble","Accuracy","Noxious Fumes+1","Cloak And Dagger+1","Prepared+1","Venomology","Backflip+1","Escape Plan"],"relics":["Ring of the Snake","NeowsBlessing","Snake Skull","Mercury Hourglass","Bronze Scales","SlaversCollar"],"acts_visited":["Exordium","TheCity"],"potions_floor_usage":[24,24],"damage_taken":[{"damage":0.0,"enemies":"2 Louse","floor":1.0,"turns":1.0},{"damage":0.0,"enemies":"Cultist","floor":2.0,"turns":1.0},{"damage":0.0,"enemies":"Jaw Worm","floor":5.0,"turns":1.0},{"damage":14.0,"enemies":"3 Louse","floor":7.0,"turns":4.0},{"damage":0.0,"enemies":"2 Fungi Beasts","floor":10.0,"turns":3.0},{"damage":15.0,"enemies":"Lagavulin","floor":11.0,"turns":8.0},{"damage":10.0,"enemies":"Gremlin Gang","floor":13.0,"turns":3.0},{"damage":3.0,"enemies":"Looter","floor":14.0,"turns":3.0},{"damage":26.0,"enemies":"Slime Boss","floor":16.0,"turns":9.0},{"damage":24.0,"enemies":"Chosen","floor":18.0,"turns":4.0},{"damage":1.0,"enemies":"3 Byrds","floor":19.0,"turns":3.0},{"damage":20,"enemies":"Snecko","floor":22,"turns":6},{"damage":24,"enemies":"Shelled Parasite and Fungi","floor":24,"turns":6}],"seed_played":"3601151509017442505","potions_obtained":[{"floor":2.0,"key":"Regen Potion"},{"floor":7.0,"key":"Regen Potion"},{"floor":14.0,"key":"BlessingOfTheForge"},{"floor":16.0,"key":"PowerPotion"}],"is_trial":false,"path_per_floor":["M","M","$","?","M","R","M","R","T","M","E","R","M","M","R","B",null,"M","M","$","?","M","R","M"],"character_chosen":"THE_SILENT","items_purchased":["Accuracy"],"campfire_rested":1,"item_purchase_floors":[3],"current_hp_per_floor":[59,59,59,59,59,59,45,45,45,45,30,30,32,29,29,3,50,26,25,25,25,5,24,0,0],"gold":283,"neow_bonus":"THREE_ENEMY_KILL","is_daily":false,"chose_seed":false,"campfire_upgraded":4,"win_rate":0.0,"timestamp":1608544139,"path_taken":["M","M","$","?","?","R","M","R","T","M","E","R","M","M","R","BOSS","M","M","$","?","M","R","M"],"items_purchased_type":["Card"],"build_version":"2020-12-18","purchased_purges":1,"victory":false,"max_hp_per_floor":[66,66,66,66,66,66,66,66,66,66,66,66,66,66,66,66,66,66,66,66,66,66,66,66,66],"card_choices":[{"not_picked":["Deflect","Flying Knee"],"picked":"Acrobatics","floor":1.0},{"not_picked":["Caltrops","Quick Slash"],"picked":"Calculated Gamble","floor":2.0},{"not_picked":["Deflect","Quick Slash"],"picked":"Noxious Fumes","floor":5.0},{"not_picked":["Bane","Deflect"],"picked":"Cloak And Dagger","floor":7.0},{"not_picked":["Quick Slash","Masterful Stab"],"picked":"Prepared","floor":10.0},{"not_picked":["Deadly Poison","Quick Slash","Prepared"],"picked":"SKIP","floor":11.0},{"not_picked":["Deadly Poison","Underhanded Strike","Acrobatics"],"picked":"SKIP","floor":13.0},{"not_picked":["Die Die Die","Dagger Spray","Dash"],"picked":"SKIP","floor":14.0},{"not_picked":["Storm of Steel","Bullet Time"],"picked":"Venomology","floor":16.0},{"not_picked":["Distraction","Quick Slash"],"picked":"Backflip+1","floor":18.0},{"not_picked":["Dagger Throw","Caltrops"],"picked":"Escape Plan","floor":19.0},{"not_picked":["Riddle With Holes","Finisher+1","Quick Slash"],"picked":"SKIP","floor":22}],"player_experience":550055,"relics_obtained":[{"floor":9.0,"key":"Mercury Hourglass"},{"floor":11.0,"key":"Bronze Scales"}],"event_choices":[{"damage_healed":0.0,"max_hp_gain":0.0,"max_hp_loss":0.0,"gold_gain":0.0,"event_name":"WeMeetAgain","player_choice":"Gave Potion","floor":4.0,"gold_loss":0.0,"damage_taken":0.0,"relics_obtained":["Snake Skull"]},{"damage_healed":0,"gold_gain":0,"player_choice":"Ignored","damage_taken":0,"max_hp_gain":0,"max_hp_loss":0,"event_name":"The Mausoleum","floor":21,"gold_loss":0}],"is_beta":true,"boss_relics":[{"not_picked":["Fusion Hammer","Snecko Eye"],"picked":"SlaversCollar"}],"items_purged_floors":[20],"is_endless":false,"potions_floor_spawned":[2,7,14,16,22],"killed_by":"Shelled Parasite and Fungi","ascension_level":20}}