{"host":"April","time":1608537214,"event":{"mods":["BaseMod","Minty Spire (QoL Compilation)"],"gold_per_floor":[144,189,189,234,50,50,140,185,197,209,311,418,520,577,589,901,913,970,932,977,1022,1067,1067,1157,1202,1227,1376,1421,1471,1516,922,922,1222,1222,1267,817,867,567,617,707,752,952,977,1027,1077,1122,1172,1262,1262,1262],"floor_reached":51,"playtime":2818,"items_purged":["Decay"],"score":1072,"play_id":"50529136-464c-4332-932f-f9bd9ead5521","local_time":"20201220235334","daily_mods":["Shiny","Vintage","Midas"],"is_ascension_mode":false,"campfire_choices":[{"floor":6.0,"key":"REST"},{"floor":10.0,"key":"REST"},{"floor":15.0,"key":"REST"},{"floor":23,"key":"REST"},{"floor":32,"key":"REST"},{"floor":49,"key":"REST"}],"circlet_count":0,"master_deck":["Double Tap+1","Demon Form","Bludgeon","Feed","Limit Break+1","Corruption","Barricade","Fiend Fire","Impervious","Juggernaut","Brutality","Reaper","Exhume","Offering","Immolate","Dark Embrace","Impervious","CurseOfTheBell","Reckless Charge","Panacea+1","Rupture+1","True Grit+1","Impervious+1","Warcry+1","Berserk+1","Sword Boomerang+1","Bash","Fire Breathing+1","Madness+1","Madness+1","Bloodletting+1","Flame Barrier+1"],"relics":["Burning Blood","Bottled Flame","Pen Nib","SsserpentHead","Tiny Chest","Strange Spoon","Singing Bowl","MawBank","Anchor","StoneCalendar","Bag of Preparation","Torii","PreservedInsect","Calling Bell","Bronze Scales","Ornamental Fan","Charon\u0027s Ashes","Juzu Bracelet","MealTicket","Paper Frog","Frozen Egg 2","Toxic Egg 2","Art of War","Strawberry","Mummified Hand","Mercury Hourglass","Oddly Smooth Stone","Happy Flower","Astrolabe","Regal Pillow","Turnip","Bag of Marbles","Meat on the Bone","Thread and Needle","Omamori","Bottled Lightning","Prayer Wheel","Orichalcum","White Beast Statue","Centennial Puzzle","War Paint"],"acts_visited":["Exordium","TheCity","TheBeyond"],"potions_floor_usage":[20,25,35,42,48,50],"damage_taken":[{"damage":12.0,"enemies":"Jaw Worm","floor":1.0,"turns":1.0},{"damage":12.0,"enemies":"Cultist","floor":2.0,"turns":1.0},{"damage":0.0,"enemies":"Small Slimes","floor":4.0,"turns":1.0},{"damage":7.0,"enemies":"3 Sentries","floor":7.0,"turns":3.0},{"damage":22.0,"enemies":"Exordium Thugs","floor":8.0,"turns":3.0},{"damage":16.0,"enemies":"Gremlin Nob","floor":11.0,"turns":3.0},{"damage":0.0,"enemies":"Looter","floor":12.0,"turns":2.0},{"damage":16.0,"enemies":"Lagavulin","floor":13.0,"turns":5.0},{"damage":6.0,"enemies":"2 Fungi Beasts","floor":14.0,"turns":2.0},{"damage":27.0,"enemies":"Slime Boss","floor":16.0,"turns":5.0},{"damage":12.0,"enemies":"Shell Parasite","floor":18.0,"turns":7.0},{"damage":8,"enemies":"Spheric Guardian","floor":20,"turns":3},{"damage":13,"enemies":"Snake Plant","floor":21,"turns":4},{"damage":18,"enemies":"Centurion and Healer","floor":22,"turns":6},{"damage":21,"enemies":"Book of Stabbing","floor":24,"turns":4},{"damage":28,"enemies":"3 Cultists","floor":25,"turns":4},{"damage":21,"enemies":"Sentry and Sphere","floor":28,"turns":3},{"damage":14,"enemies":"Shelled Parasite and Fungi","floor":30,"turns":3},{"damage":18,"enemies":"Champ","floor":33,"turns":8},{"damage":8,"enemies":"3 Darklings","floor":35,"turns":3},{"damage":12,"enemies":"Giant Head","floor":40,"turns":4},{"damage":0,"enemies":"Orb Walker","floor":41,"turns":1},{"damage":34,"enemies":"Mind Bloom Boss Battle","floor":42,"turns":4},{"damage":14,"enemies":"Spire Growth","floor":46,"turns":3},{"damage":29,"enemies":"Reptomancer","floor":48,"turns":2},{"damage":17,"enemies":"Time Eater","floor":50,"turns":5}],"seed_played":"7329645460642280970","potions_obtained":[{"floor":1.0,"key":"Energy Potion"},{"floor":2.0,"key":"FearPotion"},{"floor":4.0,"key":"ColorlessPotion"},{"floor":12.0,"key":"SkillPotion"},{"floor":13.0,"key":"FearPotion"},{"floor":18.0,"key":"Swift Potion"},{"floor":20,"key":"LiquidBronze"},{"floor":24,"key":"SmokeBomb"},{"floor":25,"key":"Dexterity Potion"},{"floor":30,"key":"BlessingOfTheForge"},{"floor":41,"key":"SmokeBomb"},{"floor":42,"key":"Regen Potion"},{"floor":46,"key":"Explosive Potion"},{"floor":48,"key":"Block Potion"}],"is_trial":false,"path_per_floor":["M","M","?","M","$","R","E","M","T","R","E","M","E","M","R","B",null,"M","$","M","M","M","R","E","M","T","?","M","?","M","$","R","B",null,"M","$","T","$","?","E","M","?","T","?","T","M","?","E","R","B",null],"character_chosen":"IRONCLAD","items_purchased":["Dark Embrace","Strange Spoon","Shrug It Off","Oddly Smooth Stone","Happy Flower","Panacea+1","Rupture+1","True Grit+1","Turnip","Bag of Marbles","Thread and Needle"],"campfire_rested":6,"item_purchase_floors":[5,5,19,31,31,31,31,31,36,36,38],"current_hp_per_floor":[81,75,75,81,81,83,85,72,72,89,79,85,78,83,92,94,94,88,88,86,79,97,97,82,94,101,101,86,86,78,93,110,98,110,108,110,110,110,110,104,110,91,91,77,77,83,83,72,112,112],"gold":1262,"neow_bonus":"","is_daily":true,"chose_seed":false,"campfire_upgraded":0,"win_rate":0.0,"timestamp":1608537214,"path_taken":["M","M","?","M","$","R","E","M","T","R","E","?","E","M","R","BOSS","M","$","M","M","M","R","E","M","T","?","M","?","M","$","R","BOSS","M","$","?","$","?","E","M","?","T","?","?","M","?","E","R","BOSS"],"items_purchased_type":["Card","Relic","Card","Relic","Relic","Card","Card","Card","Relic","Relic","Relic"],"build_version":"2020-12-18","purchased_purges":1,"victory":true,"max_hp_per_floor":[83,83,83,83,83,83,86,89,89,89,89,89,92,92,92,94,94,94,94,94,94,97,97,97,103,110,110,110,110,110,110,110,110,110,110,110,110,110,110,110,110,112,112,112,112,112,112,112,112,112],"card_choices":[{"not_picked":["Armaments","Body Slam"],"picked":"Impervious","floor":7.0},{"not_picked":["Wild Strike","Sword Boomerang"],"picked":"Inflame","floor":11.0},{"not_picked":["Iron Wave","Fiend Fire"],"picked":"Pummel","floor":13.0},{"not_picked":["Fiend Fire","Berserk","Immolate"],"picked":"Singing Bowl","floor":16.0},{"not_picked":["Body Slam+1","Thunderclap+1"],"picked":"Reckless Charge","floor":24},{"not_picked":["Corruption+1","Juggernaut+1"],"picked":"Impervious+1","floor":33},{"not_picked":["Battle Trance+1","Headbutt"],"picked":"Fire Breathing+1","floor":40},{"not_picked":["Whirlwind","Cleave+1","Clash+1"],"picked":"Singing Bowl","floor":42},{"not_picked":["Cleave","True Grit+1"],"picked":"Flame Barrier+1","floor":48}],"player_experience":2520592,"relics_obtained":[{"floor":1.0,"key":"Bottled Flame"},{"floor":2.0,"key":"Pen Nib"},{"floor":4.0,"key":"Tiny Chest"},{"floor":7.0,"key":"Singing Bowl"},{"floor":8.0,"key":"MawBank"},{"floor":9.0,"key":"Anchor"},{"floor":11.0,"key":"StoneCalendar"},{"floor":12.0,"key":"Bag of Preparation"},{"floor":13.0,"key":"Torii"},{"floor":14.0,"key":"PreservedInsect"},{"floor":17.0,"key":"Bronze Scales"},{"floor":17.0,"key":"Ornamental Fan"},{"floor":17.0,"key":"Charon\u0027s Ashes"},{"floor":18.0,"key":"Juzu Bracelet"},{"floor":20,"key":"MealTicket"},{"floor":21,"key":"Paper Frog"},{"floor":22,"key":"Frozen Egg 2"},{"floor":24,"key":"Toxic Egg 2"},{"floor":25,"key":"Art of War"},{"floor":26,"key":"Strawberry"},{"floor":28,"key":"Mummified Hand"},{"floor":30,"key":"Mercury Hourglass"},{"floor":35,"key":"Regal Pillow"},{"floor":37,"key":"Meat on the Bone"},{"floor":40,"key":"Omamori"},{"floor":41,"key":"Bottled Lightning"},{"floor":42,"key":"Prayer Wheel"},{"floor":43,"key":"Orichalcum"},{"floor":45,"key":"White Beast Statue"},{"floor":46,"key":"Centennial Puzzle"},{"floor":48,"key":"War Paint"}],"event_choices":[{"damage_healed":0.0,"max_hp_gain":0.0,"max_hp_loss":0.0,"gold_gain":0.0,"event_name":"FaceTrader","player_choice":"Trade","floor":3.0,"gold_loss":0.0,"damage_taken":0.0,"relics_obtained":["SsserpentHead"]},{"damage_healed":0,"gold_gain":99,"player_choice":"Stole From Cult","damage_taken":0,"max_hp_gain":0,"max_hp_loss":0,"event_name":"Nest","floor":27,"gold_loss":0},{"damage_healed":0,"gold_gain":0,"player_choice":"Cursed","damage_taken":0,"max_hp_gain":0,"max_hp_loss":0,"event_name":"Wheel of Change","floor":29,"gold_loss":0,"cards_obtained":["Decay"]},{"damage_healed":0,"gold_gain":0,"player_choice":"1 cards matched","damage_taken":0,"max_hp_gain":0,"max_hp_loss":0,"event_name":"Match and Keep!","floor":39,"gold_loss":0,"cards_obtained":["Bash"]},{"damage_healed":0,"gold_gain":0,"player_choice":"Fight","damage_taken":0,"max_hp_gain":0,"max_hp_loss":0,"event_name":"MindBloom","floor":42,"gold_loss":0},{"damage_healed":0,"gold_gain":0,"player_choice":"Embrace Madness","damage_taken":14,"max_hp_gain":0,"max_hp_loss":0,"event_name":"Winding Halls","floor":44,"gold_loss":0,"cards_obtained":["Madness","Madness"]},{"damage_healed":0,"gold_gain":0,"cards_transformed":["Berserk"],"player_choice":"Transformed","damage_taken":0,"max_hp_gain":0,"max_hp_loss":0,"event_name":"Transmorgrifier","floor":47,"gold_loss":0,"cards_obtained":["Bloodletting"]}],"is_beta":true,"boss_relics":[{"not_picked":["Runic Dome","Black Star"],"picked":"Calling Bell"},{"not_picked":["Philosopher\u0027s Stone","Runic Pyramid"],"picked":"Astrolabe"}],"items_purged_floors":[31],"is_endless":false,"potions_floor_spawned":[1,2,4,12,13,18,20,24,25,30,41,42,46,48],"ascension_level":0}}