{"host":"Fun","time":1608591014,"event":{"mods":["BaseMod","Colored Map","Filter the Spire","Minty Spire (QoL Compilation)","Relic Stats","StSLib"],"gold_per_floor":[118,118,48,72,95,95,133,133,133,158,192,192,12,50,50,176,176,200,224,224,243,266,300,300,314,341,355,270,301,326,367,367,495,495,515,515,533,552,577,613,613,646,646,419,419,444,444,479,479,479],"floor_reached":51,"playtime":1879,"items_purged":["Strike_B"],"score":1162,"play_id":"c3c47f48-53aa-4e6e-a5af-d249a653d128","local_time":"20201221175014","is_ascension_mode":true,"campfire_choices":[{"data":"Electrodynamics","floor":6,"key":"SMITH"},{"data":"Go for the Eyes","floor":8,"key":"SMITH"},{"floor":15,"key":"REST"},{"floor":24,"key":"RECALL"},{"floor":32,"key":"REST"},{"floor":41,"key":"REST"},{"floor":47,"key":"REST"},{"floor":49,"key":"REST"}],"circlet_count":0,"master_deck":["Strike_B","Strike_B+1","Strike_B","Defend_B","Defend_B","Defend_B","Defend_B","Zap+1","Dualcast","Electrodynamics+1","Cold Snap+1","Auto Shields","Go for the Eyes+1","White Noise","Reboot","White Noise","Defragment+1","Cold Snap","Cold Snap","Storm","Defragment+1","Core Surge","Storm+1","Madness","Madness","Seek","White Noise+1","Self Repair","Buffer","Chill","Reinforced Body"],"relics":["Cracked Core","Golden Idol","Regal Pillow","WarpedTongs","Whetstone","Sundial","Orichalcum","Oddly Smooth Stone","Omamori","Fusion Hammer","Ancient Tea Set","Bag of Preparation","Kunai","DataDisk","Pocketwatch","Black Star","Question Card","Ornamental Fan","Art of War","Strawberry","Singing Bowl","Lantern","Gremlin Horn"],"acts_visited":["Exordium","TheCity","TheBeyond"],"potions_floor_usage":[11,23,35,37,42,50],"damage_taken":[{"damage":1,"enemies":"Small Slimes","floor":1,"turns":2},{"damage":0,"enemies":"Cultist","floor":4,"turns":3},{"damage":0,"enemies":"2 Louse","floor":5,"turns":3},{"damage":21,"enemies":"Lagavulin","floor":7,"turns":8},{"damage":5,"enemies":"Exordium Wildlife","floor":10,"turns":4},{"damage":1,"enemies":"3 Sentries","floor":11,"turns":4},{"damage":12,"enemies":"Gremlin Nob","floor":14,"turns":4},{"damage":10,"enemies":"Slime Boss","floor":16,"turns":7},{"damage":0,"enemies":"Chosen","floor":18,"turns":3},{"damage":0,"enemies":"3 Byrds","floor":19,"turns":4},{"damage":0,"enemies":"3 Cultists","floor":21,"turns":2},{"damage":0,"enemies":"Shelled Parasite and Fungi","floor":22,"turns":5},{"damage":9,"enemies":"Gremlin Leader","floor":23,"turns":5},{"damage":0,"enemies":"Snecko","floor":25,"turns":4},{"damage":0,"enemies":"3 Cultists","floor":27,"turns":4},{"damage":25,"enemies":"Slavers","floor":29,"turns":5},{"damage":0,"enemies":"Centurion and Healer","floor":30,"turns":5},{"damage":16,"enemies":"Gremlin Leader","floor":31,"turns":4},{"damage":5,"enemies":"Collector","floor":33,"turns":10},{"damage":4,"enemies":"3 Darklings","floor":35,"turns":4},{"damage":1,"enemies":"Orb Walker","floor":37,"turns":3},{"damage":4,"enemies":"Transient","floor":38,"turns":5},{"damage":5,"enemies":"4 Shapes","floor":39,"turns":3},{"damage":36,"enemies":"Reptomancer","floor":40,"turns":5},{"damage":31,"enemies":"Giant Head","floor":42,"turns":10},{"damage":0,"enemies":"Sphere and 2 Shapes","floor":46,"turns":4},{"damage":15,"enemies":"Nemesis","floor":48,"turns":5},{"damage":23,"enemies":"Time Eater","floor":50,"turns":11}],"seed_played":"-7840925290844954799","potions_obtained":[{"floor":10,"key":"SkillPotion"},{"floor":11,"key":"Energy Potion"},{"floor":16,"key":"CultistPotion"},{"floor":21,"key":"Dexterity Potion"},{"floor":22,"key":"FocusPotion"},{"floor":23,"key":"SpeedPotion"},{"floor":33,"key":"ColorlessPotion"},{"floor":35,"key":"Energy Potion"},{"floor":38,"key":"Ancient Potion"},{"floor":42,"key":"ColorlessPotion"}],"is_trial":false,"path_per_floor":["M","?","?","M","M","R","E","R","T","M","E","?","$","E","R","B",null,"M","M","?","M","M","E","R","M","T","M","?","E","M","E","R","B",null,"M","?","M","M","M","E","R","E","T","$","?","M","R","E","R","B",null],"character_chosen":"DEFECT","items_purchased":["Oddly Smooth Stone","White Noise","Chill","Reinforced Body"],"campfire_rested":5,"item_purchase_floors":[13,13,44,44],"current_hp_per_floor":[67,67,67,67,67,67,46,46,46,41,40,40,40,28,63,53,65,65,65,65,65,65,56,56,56,56,56,56,31,31,15,50,45,63,59,50,49,45,40,4,39,22,22,22,22,31,69,63,80,64],"gold":479,"neow_bonus":"ONE_RANDOM_RARE_CARD","is_daily":false,"chose_seed":false,"campfire_upgraded":2,"win_rate":0.0,"timestamp":1608591014,"path_taken":["M","?","?","M","M","R","E","R","T","?","E","?","$","E","R","BOSS","M","M","?","M","M","E","R","?","T","M","?","E","M","E","R","BOSS","M","?","M","M","M","E","R","E","T","$","?","?","R","E","R","BOSS"],"items_purchased_type":["Relic","Card","Card","Card"],"build_version":"2020-12-18","purchased_purges":1,"victory":true,"max_hp_per_floor":[75,69,69,69,69,69,69,69,69,69,69,69,69,69,69,69,69,69,69,69,69,69,69,69,69,69,69,69,69,69,69,69,69,69,69,69,69,69,69,69,69,76,76,76,76,78,78,80,80,80],"relic_stats":{"Regal Pillow":60,"Singing Bowl":4,"Gremlin Horn":[0,0],"counters":[28,136],"Golden Idol":209,"Bag of Preparation":[28],"Whetstone":["Strike_B","Cold Snap"],"Orichalcum":[174],"Question Card":3,"WarpedTongs":[123],"Sundial":[20],"Ornamental Fan":[28],"Black Star":3,"Art of War":[5],"Kunai":[23],"obtain_stats":[{"Regal Pillow":3,"Lantern":48,"Singing Bowl":43,"Gremlin Horn":48,"Golden Idol":2,"Oddly Smooth Stone":13,"Omamori":14,"Bag of Preparation":26,"Whetstone":7,"Orichalcum":11,"Ancient Tea Set":23,"Question Card":40,"WarpedTongs":7,"DataDisk":29,"Sundial":9,"Ornamental Fan":40,"Strawberry":42,"Fusion Hammer":17,"Black Star":34,"Art of War":42,"Kunai":28,"Cracked Core":0,"Pocketwatch":31},{"Regal Pillow":1,"Lantern":27,"Singing Bowl":25,"Gremlin Horn":27,"Golden Idol":1,"Oddly Smooth Stone":6,"Omamori":7,"Bag of Preparation":14,"Whetstone":4,"Orichalcum":6,"Ancient Tea Set":13,"Question Card":24,"WarpedTongs":4,"DataDisk":16,"Sundial":4,"Ornamental Fan":24,"Strawberry":25,"Fusion Hammer":8,"Black Star":19,"Art of War":25,"Kunai":15,"Cracked Core":0,"Pocketwatch":18},{"Regal Pillow":2,"Lantern":125,"Singing Bowl":116,"Gremlin Horn":125,"Golden Idol":2,"Oddly Smooth Stone":24,"Omamori":28,"Bag of Preparation":58,"Whetstone":16,"Orichalcum":24,"Ancient Tea Set":54,"Question Card":106,"WarpedTongs":12,"DataDisk":67,"Sundial":16,"Ornamental Fan":106,"Strawberry":116,"Fusion Hammer":35,"Black Star":86,"Art of War":116,"Kunai":62,"Cracked Core":0,"Pocketwatch":76}],"Pocketwatch":[15]},"card_choices":[{"not_picked":["Coolheaded","Beam Cell"],"picked":"Cold Snap","floor":1},{"not_picked":["Scrape","Hologram"],"picked":"Auto Shields","floor":4},{"not_picked":["Steam","Turbo"],"picked":"Go for the Eyes","floor":5},{"not_picked":["Blizzard","Gash","Hologram"],"picked":"SKIP","floor":7},{"not_picked":["Beam Cell","Fission","Sweeping Beam"],"picked":"SKIP","floor":10},{"not_picked":["Barrage","Double Energy","Thunder Strike"],"picked":"SKIP","floor":11},{"not_picked":["Sweeping Beam","Streamline","Steam Power"],"picked":"SKIP","floor":14},{"not_picked":["Sweeping Beam","Streamline","Steam Power"],"picked":"SKIP","floor":14},{"not_picked":["Electrodynamics","Hyperbeam"],"picked":"Reboot","floor":16},{"not_picked":["BootSequence","Go for the Eyes","Rebound+1"],"picked":"SKIP","floor":18},{"not_picked":["Rip and Tear","Scrape","Beam Cell"],"picked":"SKIP","floor":19},{"not_picked":["Beam Cell","Recycle","Barrage"],"picked":"SKIP","floor":21},{"not_picked":["Consume+1","Seek"],"picked":"Defragment+1","floor":22},{"not_picked":["Turbo+1","Stack","Streamline+1"],"picked":"SKIP","floor":23},{"not_picked":["Conserve Battery+1","Self Repair+1"],"picked":"Cold Snap","floor":25},{"not_picked":["Scrape+1","Ball Lightning"],"picked":"Cold Snap","floor":27},{"not_picked":["FTL","Steam+1","Stack"],"picked":"SKIP","floor":29},{"not_picked":["Go for the Eyes","White Noise"],"picked":"Storm","floor":30},{"not_picked":["Skim","Rebound"],"picked":"Defragment","floor":31},{"not_picked":["Thunder Strike","Seek"],"picked":"Core Surge","floor":33},{"not_picked":["Turbo","Consume"],"picked":"Storm+1","floor":35},{"not_picked":["Steam","Redo","Streamline"],"picked":"SKIP","floor":37},{"not_picked":["Barrage","Go for the Eyes"],"picked":"Seek","floor":38},{"not_picked":["Conserve Battery","Redo"],"picked":"White Noise+1","floor":39},{"not_picked":["Ball Lightning","Static Discharge"],"picked":"Self Repair","floor":40},{"not_picked":["Streamline+1","Machine Learning","Redo+1"],"picked":"Buffer","floor":42},{"not_picked":["Coolheaded","Sunder","Turbo+1","Consume+1"],"picked":"Singing Bowl","floor":46},{"not_picked":["Cold Snap","Gash","Fission","Conserve Battery"],"picked":"Singing Bowl","floor":48}],"player_experience":74704,"relics_obtained":[{"floor":7,"key":"Whetstone"},{"floor":9,"key":"Sundial"},{"floor":11,"key":"Orichalcum"},{"floor":14,"key":"Omamori"},{"floor":23,"key":"Ancient Tea Set"},{"floor":26,"key":"Bag of Preparation"},{"floor":29,"key":"DataDisk"},{"floor":31,"key":"Pocketwatch"},{"floor":40,"key":"Question Card"},{"floor":40,"key":"Ornamental Fan"},{"floor":42,"key":"Art of War"},{"floor":42,"key":"Strawberry"},{"floor":43,"key":"Singing Bowl"},{"floor":48,"key":"Lantern"},{"floor":48,"key":"Gremlin Horn"}],"event_choices":[{"damage_healed":0,"gold_gain":0,"player_choice":"Lose Max HP","damage_taken":0,"relics_obtained":["Golden Idol"],"max_hp_gain":0,"max_hp_loss":6,"event_name":"Golden Idol","floor":2,"gold_loss":0},{"damage_healed":0,"gold_gain":0,"player_choice":"Paid Gold","damage_taken":0,"relics_obtained":["Regal Pillow"],"max_hp_gain":0,"max_hp_loss":0,"event_name":"WeMeetAgain","floor":3,"gold_loss":70},{"damage_healed":0,"gold_gain":0,"player_choice":"Grow","damage_taken":0,"max_hp_gain":0,"max_hp_loss":0,"event_name":"Living Wall","floor":12,"gold_loss":0,"cards_upgraded":["Zap"]},{"damage_healed":0,"gold_gain":0,"player_choice":"Copied","damage_taken":0,"max_hp_gain":0,"max_hp_loss":0,"event_name":"Duplicator","floor":20,"gold_loss":0,"cards_obtained":["White Noise"]},{"damage_healed":0,"gold_gain":0,"player_choice":"Obtained Relic","damage_taken":0,"relics_obtained":["Kunai"],"max_hp_gain":0,"max_hp_loss":0,"event_name":"Addict","floor":28,"gold_loss":85},{"damage_healed":0,"gold_gain":0,"player_choice":"Embrace Madness","damage_taken":9,"max_hp_gain":0,"max_hp_loss":0,"event_name":"Winding Halls","floor":36,"gold_loss":0,"cards_obtained":["Madness","Madness"]},{"damage_healed":0,"gold_gain":0,"player_choice":"Upgraded","damage_taken":0,"max_hp_gain":0,"max_hp_loss":0,"event_name":"Upgrade Shrine","floor":45,"gold_loss":0,"cards_upgraded":["Defragment"]}],"is_beta":true,"boss_relics":[{"not_picked":["SlaversCollar","Runic Dome"],"picked":"Fusion Hammer"},{"not_picked":["Pandora\u0027s Box","Coffee Dripper"],"picked":"Black Star"}],"items_purged_floors":[44],"is_endless":false,"potions_floor_spawned":[10,11,16,21,22,23,29,33,35,38,42,48],"ascension_level":9}}