{"host":"21h5e52imz35vo8g","time":1608535598,"event":{"mods":["AchievementEnabler","BaseMod","Colored Map","Colored Powertips","Googly Eyes","Minty Spire (QoL Compilation)","Quick Restart","Rare Cards Sparkle","Replay The Spire","StSLib"],"gold_per_floor":[113,181,201,112,112,141,141,171,194,194,219,219,16,33,33,138,138,123,123,123],"floor_reached":19,"playtime":619,"items_purged":["Clash","Defend_R"],"score":281,"play_id":"daac643c-db2b-49fb-8de8-3c5a65b35a23","local_time":"20201221152638","is_ascension_mode":true,"campfire_choices":[{"data":"Searing Blow+1","floor":7.0,"key":"SMITH"},{"data":"Searing Blow+2","floor":10.0,"key":"SMITH"},{"data":"Searing Blow+3","floor":12.0,"key":"SMITH"},{"data":"Searing Blow+4","floor":15.0,"key":"SMITH"}],"circlet_count":0,"master_deck":["Strike_R","Strike_R","Strike_R","Strike_R","Strike_R","Defend_R","Defend_R","Defend_R","Bash","Searing Blow+5","Evolve","Armaments+1","Heavy Blade","Pot Of Greed","Pot Of Greed","Limit Break","Rampage","Reaper"],"relics":["Burning Blood","NeowsBlessing","Smiling Mask","Juzu Bracelet","Oddly Smooth Stone","Grinning Jar","Omamori","Mark of Pain"],"acts_visited":["Exordium","TheCity"],"potions_floor_usage":[16,16],"damage_taken":[{"damage":0.0,"enemies":"Small Slimes","floor":1.0,"turns":1.0},{"damage":0.0,"enemies":"Jaw Worm","floor":3.0,"turns":1.0},{"damage":0.0,"enemies":"3 Sentries","floor":6.0,"turns":1.0},{"damage":45.0,"enemies":"Lagavulin","floor":8.0,"turns":6.0},{"damage":22.0,"enemies":"3 Sentries","floor":11.0,"turns":8.0},{"damage":0.0,"enemies":"Cultist","floor":14.0,"turns":2.0},{"damage":9,"enemies":"Slime Boss","floor":16,"turns":5},{"damage":32,"enemies":"2 Thieves","floor":18,"turns":4},{"damage":0,"enemies":"3 Byrds","floor":19,"turns":1}],"seed_played":"-361636464954831038","potions_obtained":[{"floor":3.0,"key":"Toxic Potion"},{"floor":6.0,"key":"Strength Potion"},{"floor":14.0,"key":"FearPotion"},{"floor":16,"key":"Reflective Coating"}],"is_trial":false,"path_per_floor":["M","?","M","$","?","E","R","E","T","R","E","R","$","M","R","B",null,"M","M"],"character_chosen":"IRONCLAD","items_purchased":["Armaments+1","Limit Break"],"campfire_rested":0,"item_purchase_floors":[4,13],"current_hp_per_floor":[78,78,80,80,80,80,80,41,41,41,25,25,25,31,31,28,67,51,51,51],"gold":123,"neow_bonus":"THREE_ENEMY_KILL","is_daily":false,"chose_seed":false,"campfire_upgraded":4,"win_rate":0.0,"timestamp":1608535598,"path_taken":["M","?","?","$","?","E","R","E","T","R","E","R","$","M","R","BOSS","M","M"],"items_purchased_type":["Card","Card"],"build_version":"2020-12-13","purchased_purges":2,"victory":false,"max_hp_per_floor":[80,80,80,80,80,80,80,80,80,80,80,80,80,80,80,80,80,80,80,80],"card_choices":[{"not_picked":["Pommel Strike","ReplayTheSpireMod:Strike From Hell"],"picked":"Searing Blow","floor":1.0},{"not_picked":["ReplayTheSpireMod:Strike From Hell","Blood for Blood"],"picked":"Clash","floor":2.0},{"not_picked":["Warcry","Twin Strike"],"picked":"Evolve","floor":3.0},{"not_picked":["Armaments","Power Through","Spot Weakness"],"picked":"SKIP","floor":6.0},{"not_picked":["Defy Death","Clash"],"picked":"Heavy Blade","floor":8.0},{"not_picked":["ReplayTheSpireMod:LeadingStrike","Havoc","Flame Barrier"],"picked":"SKIP","floor":11.0},{"not_picked":["Perfected Strike","Pommel Strike"],"picked":"Rampage","floor":14.0},{"not_picked":["Immolate","Barricade"],"picked":"Reaper","floor":16},{"not_picked":["Pommel Strike","Rupture","Pummel+1"],"picked":"SKIP","floor":18}],"player_experience":302531,"relics_obtained":[{"floor":2.0,"key":"Smiling Mask"},{"floor":6.0,"key":"Juzu Bracelet"},{"floor":8.0,"key":"Oddly Smooth Stone"},{"floor":9.0,"key":"Grinning Jar"},{"floor":11.0,"key":"Omamori"}],"event_choices":[],"is_beta":false,"boss_relics":[{"not_picked":["Busted Crown","Fusion Hammer"],"picked":"Mark of Pain"}],"items_purged_floors":[4,13],"is_endless":false,"potions_floor_spawned":[3,6,14,16],"killed_by":"3 Byrds","ascension_level":7}}