{"host":"6pgtslebjnyv5xmi","time":1608545744,"event":{"mods":["AchievementEnabler","BaseMod","Colored Map","Minty Spire (QoL Compilation)","Rare Cards Sparkle","SuperFastMode","everything is the same but u backflip on backflip"],"gold_per_floor":[109,127,38,56,70,70,97,97,97,97,73,73,98,98,98,197,197,213,229,154,165,165,195,195,222,222,222,237,237,251,251,251,346,346,356,373,373,383,401,401,430,133,133,162,162,197,215,234,234,234],"floor_reached":51,"playtime":3415,"items_purged":["Strike_B"],"score":905,"play_id":"2ab8b71b-6960-40e3-89f9-cd41b14ab996","local_time":"20201221191544","is_ascension_mode":true,"campfire_choices":[{"data":"Zap","floor":6,"key":"SMITH"},{"data":"Electrodynamics","floor":8,"key":"SMITH"},{"data":"Defragment","floor":10,"key":"SMITH"},{"data":"Dualcast","floor":12,"key":"SMITH"},{"floor":15,"key":"REST"},{"data":"Double Energy","floor":24,"key":"SMITH"},{"data":"Turbo","floor":27,"key":"SMITH"},{"data":"Echo Form","floor":29,"key":"SMITH"},{"floor":32,"key":"REST"},{"data":"Thunder Strike","floor":40,"key":"SMITH"},{"floor":45,"key":"RECALL"},{"floor":49,"key":"REST"}],"circlet_count":0,"master_deck":["Strike_B","Strike_B","Defend_B","Defend_B","Defend_B","Defend_B","Zap+1","Dualcast+1","Go for the Eyes","Defragment+1","Self Repair","Turbo+1","Double Energy+1","Electrodynamics+1","Ball Lightning","Storm","Echo Form+1","BootSequence","Thunder Strike+1","Double Energy+1","Reinforced Body+1","Lockon+1"],"relics":["Cracked Core","DataDisk","HornCleat","Odd Mushroom","Dead Branch","Runic Pyramid","Anchor","Dream Catcher","Meat on the Bone","Enchiridion","Black Star","StrikeDummy","Ginger","Happy Flower","InkBottle","Bronze Scales","TungstenRod","Bag of Marbles"],"acts_visited":["Exordium","TheCity","TheBeyond"],"potions_floor_usage":[5,16,25,28,30,33,33,47,47,50],"damage_taken":[{"damage":2,"enemies":"Jaw Worm","floor":1,"turns":3},{"damage":2,"enemies":"Small Slimes","floor":2,"turns":4},{"damage":0,"enemies":"Cultist","floor":4,"turns":4},{"damage":20,"enemies":"Looter","floor":5,"turns":5},{"damage":46,"enemies":"Lagavulin","floor":7,"turns":7},{"damage":5,"enemies":"The Mushroom Lair","floor":13,"turns":3},{"damage":13,"enemies":"Slime Boss","floor":16,"turns":5},{"damage":7,"enemies":"Chosen","floor":18,"turns":3},{"damage":0,"enemies":"3 Byrds","floor":19,"turns":2},{"damage":0,"enemies":"3 Cultists","floor":21,"turns":3},{"damage":19,"enemies":"Slavers","floor":23,"turns":2},{"damage":6,"enemies":"Book of Stabbing","floor":25,"turns":4},{"damage":0,"enemies":"Cultist and Chosen","floor":28,"turns":3},{"damage":10,"enemies":"Snake Plant","floor":30,"turns":4},{"damage":0,"enemies":"Collector","floor":33,"turns":4},{"damage":0,"enemies":"3 Darklings","floor":35,"turns":2},{"damage":0,"enemies":"3 Shapes","floor":36,"turns":4},{"damage":0,"enemies":"Spire Growth","floor":38,"turns":3},{"damage":3,"enemies":"Maw","floor":39,"turns":4},{"damage":62,"enemies":"Reptomancer","floor":41,"turns":5},{"damage":5,"enemies":"Giant Head","floor":44,"turns":6},{"damage":2,"enemies":"Nemesis","floor":46,"turns":5},{"damage":0,"enemies":"Transient","floor":47,"turns":5},{"damage":0,"enemies":"3 Darklings","floor":48,"turns":2},{"damage":19,"enemies":"Donu and Deca","floor":50,"turns":4}],"seed_played":"6696078380042571834","potions_obtained":[{"floor":2,"key":"ColorlessPotion"},{"floor":13,"key":"Ancient Potion"},{"floor":16,"key":"DuplicationPotion"},{"floor":18,"key":"Energy Potion"},{"floor":23,"key":"Energy Potion"},{"floor":25,"key":"PowerPotion"},{"floor":28,"key":"SteroidPotion"},{"floor":41,"key":"Block Potion"},{"floor":46,"key":"AttackPotion"},{"floor":47,"key":"Weak Potion"},{"floor":48,"key":"BlessingOfTheForge"}],"is_trial":false,"path_per_floor":["M","M","$","M","M","R","E","R","T","R","$","R","?","?","R","B",null,"M","M","?","M","?","E","R","E","T","R","M","R","M","?","R","B",null,"M","M","?","M","M","R","E","$","T","E","R","E","M","M","R","B",null],"character_chosen":"DEFECT","items_purchased":["Self Repair","Turbo","Ball Lightning","DuplicationPotion","Happy Flower"],"campfire_rested":3,"item_purchase_floors":[3,3,11,42,42],"current_hp_per_floor":[80,78,78,82,69,69,30,30,30,30,30,30,32,29,53,40,82,82,82,82,82,66,54,54,62,62,62,69,69,66,50,76,76,87,87,87,83,83,83,83,40,40,40,54,54,66,73,73,83,74],"gold":234,"neow_bonus":"TEN_PERCENT_HP_BONUS","is_daily":false,"chose_seed":false,"campfire_upgraded":8,"win_rate":0.0,"timestamp":1608545744,"path_taken":["M","M","$","M","M","R","E","R","T","R","$","R","?","?","R","BOSS","M","M","?","M","?","E","R","E","T","R","M","R","M","?","R","BOSS","M","M","?","M","M","R","E","$","T","E","R","E","M","M","R","BOSS"],"items_purchased_type":["Card","Card","Card","Potion","Relic"],"build_version":"2020-12-13","purchased_purges":1,"victory":true,"max_hp_per_floor":[82,82,82,82,82,82,82,82,82,82,82,82,82,82,82,82,82,82,82,82,82,87,87,87,87,87,87,87,87,87,87,87,87,87,87,87,83,83,83,83,83,83,83,83,83,83,83,83,83,83],"card_choices":[{"not_picked":["Cold Snap","Stack"],"picked":"Go for the Eyes","floor":1},{"not_picked":["Ball Lightning","Reprogram"],"picked":"Defragment","floor":2},{"not_picked":["Turbo","Compile Driver"],"picked":"Double Energy","floor":4},{"not_picked":["Heatsinks","Recycle"],"picked":"Electrodynamics","floor":5},{"not_picked":["Doom and Gloom","Stack","Skim"],"picked":"SKIP","floor":7},{"not_picked":["Leap","Sweeping Beam"],"picked":"Storm","floor":13},{"not_picked":["Rainbow","All For One"],"picked":"Echo Form","floor":16},{"not_picked":["Gash","Stack"],"picked":"BootSequence","floor":18},{"not_picked":["Storm","Redo","Echo Form"],"picked":"SKIP","floor":19},{"not_picked":["Beam Cell","Ball Lightning","Chaos+1"],"picked":"SKIP","floor":21},{"not_picked":["Gash+1","Cold Snap","Barrage"],"picked":"SKIP","floor":23},{"not_picked":["Steam","Sweeping Beam","Skim"],"picked":"SKIP","floor":25},{"not_picked":["Scrape","Force Field","Auto Shields+1"],"picked":"SKIP","floor":28},{"not_picked":["Redo+1","Force Field+1","Turbo"],"picked":"SKIP","floor":30},{"not_picked":["Creative AI","Core Surge"],"picked":"Thunder Strike","floor":33},{"not_picked":["Steam","Rebound+1","Compile Driver"],"picked":"SKIP","floor":35},{"not_picked":["Coolheaded","Go for the Eyes+1","Darkness"],"picked":"SKIP","floor":36},{"not_picked":["Conserve Battery","Stack"],"picked":"Double Energy+1","floor":38},{"not_picked":["Turbo+1","Coolheaded","Stack+1"],"picked":"SKIP","floor":39},{"not_picked":["Leap+1","Barrage+1","Self Repair"],"picked":"SKIP","floor":41},{"not_picked":["Compile Driver+1","Biased Cognition","Glacier+1"],"picked":"SKIP","floor":44},{"not_picked":["Leap+1","Force Field"],"picked":"Reinforced Body+1","floor":46},{"not_picked":["Ball Lightning","Glacier+1","Turbo"],"picked":"SKIP","floor":47},{"not_picked":["Fusion","Streamline+1"],"picked":"Lockon+1","floor":48}],"player_experience":323390,"relics_obtained":[{"floor":7,"key":"DataDisk"},{"floor":9,"key":"HornCleat"},{"floor":13,"key":"Odd Mushroom"},{"floor":23,"key":"Anchor"},{"floor":25,"key":"Dream Catcher"},{"floor":26,"key":"Meat on the Bone"},{"floor":31,"key":"Enchiridion"},{"floor":41,"key":"StrikeDummy"},{"floor":41,"key":"Ginger"},{"floor":44,"key":"InkBottle"},{"floor":44,"key":"Bronze Scales"},{"floor":46,"key":"TungstenRod"},{"floor":46,"key":"Bag of Marbles"}],"event_choices":[{"damage_healed":0,"gold_gain":0,"player_choice":"Fought Mushrooms","damage_taken":0,"max_hp_gain":0,"max_hp_loss":0,"event_name":"Mushrooms","floor":13,"gold_loss":0},{"damage_healed":0,"gold_gain":0,"player_choice":"Success","damage_taken":3,"relics_obtained":["Dead Branch"],"max_hp_gain":0,"max_hp_loss":0,"event_name":"Scrap Ooze","floor":14,"gold_loss":0},{"cards_removed":["Strike_B"],"damage_healed":0,"gold_gain":0,"player_choice":"Gave Gold","damage_taken":0,"max_hp_gain":0,"max_hp_loss":0,"event_name":"Beggar","floor":20,"gold_loss":75},{"damage_healed":0,"gold_gain":0,"player_choice":"Shed Blood","damage_taken":21,"max_hp_gain":5,"max_hp_loss":0,"event_name":"Forgotten Altar","floor":22,"gold_loss":0},{"damage_healed":0,"gold_gain":0,"player_choice":"Obtained Book","damage_taken":16,"max_hp_gain":0,"max_hp_loss":0,"event_name":"Cursed Tome","floor":31,"gold_loss":0},{"damage_healed":0,"gold_gain":0,"player_choice":"Max HP","damage_taken":0,"max_hp_gain":0,"max_hp_loss":4,"event_name":"Winding Halls","floor":37,"gold_loss":0}],"is_beta":false,"boss_relics":[{"not_picked":["Ectoplasm","SacredBark"],"picked":"Runic Pyramid"},{"not_picked":["Pandora\u0027s Box","Snecko Eye"],"picked":"Black Star"}],"items_purged_floors":[42],"is_endless":false,"potions_floor_spawned":[2,13,16,18,23,25,28,41,46,47,48],"ascension_level":2}}