{"host":"fne7yx97fnz7kq05","time":1608569596,"event":{"mods":["BaseMod","Colored Map","Colored Powertips","Highlight Path","Minty Spire (QoL Compilation)","Relic Stats"],"gold_per_floor":[115,128,207,45,55,55,88,88,112,138,158,158,178,178,178,272,272,288,288,301,36,36,63,63,63,90,90,107,121,121,150,150,226,226,241,260,260,260,260,291,291,319,319,331,347,366,397,412,412,412,412,412,8,40,40],"floor_reached":56,"playtime":3669,"items_purged":["Flex"],"score":2264,"play_id":"a16ae7ed-842c-4363-8b30-3c22962e3689","local_time":"20201221105316","is_ascension_mode":true,"campfire_choices":[{"data":"Uppercut","floor":6,"key":"SMITH"},{"data":"Carnage","floor":8,"key":"SMITH"},{"floor":15,"key":"REST"},{"data":"Whirlwind","floor":24,"key":"SMITH"},{"data":"Impervious","floor":27,"key":"SMITH"},{"data":"Feel No Pain","floor":32,"key":"SMITH"},{"floor":41,"key":"RECALL"},{"floor":49,"key":"DIG"},{"floor":52,"key":"DIG"}],"circlet_count":0,"master_deck":["AscendersBane","Bash","Uppercut+1","Pommel Strike","Carnage+1","Feel No Pain+1","Cleave","Impervious+1","Impervious","Cleave","Infernal Blade","Reaper","Reaper","Whirlwind+1","Burning Pact","Pommel Strike+1","Impervious","Fiend Fire","Demon Form","Shrug It Off+1","Shrug It Off+1","Dark Embrace+1","True Grit+1","Corruption","Dark Embrace"],"relics":["Snecko Eye","Orichalcum","Pen Nib","Potion Belt","Dream Catcher","Bloody Idol","Pandora\u0027s Box","Orrery","Oddly Smooth Stone","Vajra","Prayer Wheel","Cursed Key","Shovel","Shuriken","Nunchaku","Bag of Marbles","Kunai","Membership Card","Centennial Puzzle","Blood Vial","Bottled Tornado"],"acts_visited":["Exordium","TheCity","TheBeyond","TheEnding"],"potions_floor_usage":[12,13,33,55],"damage_taken":[{"damage":6,"enemies":"Small Slimes","floor":1,"turns":2},{"damage":9,"enemies":"2 Louse","floor":2,"turns":3},{"damage":0,"enemies":"Cultist","floor":5,"turns":2},{"damage":15,"enemies":"Lagavulin","floor":7,"turns":5},{"damage":6,"enemies":"3 Sentries","floor":10,"turns":5},{"damage":6,"enemies":"3 Louse","floor":11,"turns":4},{"damage":0,"enemies":"Looter","floor":13,"turns":1},{"damage":14,"enemies":"The Guardian","floor":16,"turns":9},{"damage":0,"enemies":"Spheric Guardian","floor":18,"turns":1},{"damage":10,"enemies":"2 Thieves","floor":20,"turns":3},{"damage":6,"enemies":"Slavers","floor":23,"turns":3},{"damage":0,"enemies":"Snecko","floor":28,"turns":2},{"damage":3,"enemies":"Centurion and Healer","floor":29,"turns":3},{"damage":0,"enemies":"Book of Stabbing","floor":31,"turns":3},{"damage":117,"enemies":"Collector","floor":33,"turns":10},{"damage":3,"enemies":"3 Darklings","floor":35,"turns":3},{"damage":0,"enemies":"Orb Walker","floor":36,"turns":2},{"damage":2,"enemies":"Nemesis","floor":40,"turns":5},{"damage":26,"enemies":"Reptomancer","floor":42,"turns":5},{"damage":0,"enemies":"Jaw Worm Horde","floor":44,"turns":1},{"damage":9,"enemies":"4 Shapes","floor":45,"turns":5},{"damage":4,"enemies":"Sphere and 2 Shapes","floor":46,"turns":5},{"damage":0,"enemies":"Nemesis","floor":47,"turns":7},{"damage":0,"enemies":"Transient","floor":48,"turns":6},{"damage":30,"enemies":"Time Eater","floor":50,"turns":8},{"damage":57,"enemies":"Shield and Spear","floor":54,"turns":5},{"damage":74,"enemies":"The Heart","floor":55,"turns":8}],"seed_played":"-4869446888675385635","potions_obtained":[{"floor":1,"key":"BloodPotion"},{"floor":5,"key":"Fire Potion"},{"floor":11,"key":"DuplicationPotion"},{"floor":29,"key":"DuplicationPotion"},{"floor":31,"key":"Ancient Potion"},{"floor":35,"key":"Dexterity Potion"},{"floor":44,"key":"Energy Potion"},{"floor":48,"key":"BloodPotion"}],"is_trial":false,"path_per_floor":["M","M","?","$","M","R","E","R","T","E","M","?","M","?","R","B",null,"M","?","M","$","?","E","R","?","T","R","M","M","?","E","R","B",null,"M","M","?","?","?","E","R","E","T","M","M","M","E","M","R","B",null,"R","$","E","B",null],"character_chosen":"IRONCLAD","items_purchased":["Orichalcum","Orrery","FairyPotion","Membership Card","PowerPotion","Centennial Puzzle","Blood Vial"],"campfire_rested":1,"item_purchase_floors":[4,21,21,53,53,53,53],"current_hp_per_floor":[62,53,53,53,53,53,38,38,38,32,26,23,23,23,43,29,58,62,62,68,68,68,67,67,67,68,68,68,68,68,68,68,25,57,59,64,64,64,64,65,65,44,44,49,65,65,65,65,65,56,63,63,63,56,44],"gold":40,"neow_bonus":"BOSS_RELIC","is_daily":false,"chose_seed":false,"campfire_upgraded":5,"win_rate":0.0,"timestamp":1608569596,"path_taken":["M","M","?","$","M","R","E","R","T","E","M","?","M","?","R","BOSS","M","?","M","$","?","E","R","?","T","R","M","?","?","E","R","BOSS","M","M","?","?","?","E","R","E","T","M","M","M","E","M","R","BOSS","R","$","E","BOSS"],"items_purchased_type":["Relic","Relic","Potion","Relic","Potion","Relic","Relic"],"build_version":"2020-12-13","purchased_purges":1,"victory":true,"max_hp_per_floor":[75,75,75,75,75,75,75,75,75,75,75,75,75,68,68,68,68,68,68,68,68,68,68,68,68,68,68,68,68,68,68,68,68,68,68,68,68,68,65,65,65,65,65,65,65,65,65,65,65,65,65,65,65,65,65],"relic_stats":{"counters":[27,116],"Pen Nib":[23],"Orichalcum":[240],"Cursed Key":0,"Blood Vial":4,"Dream Catcher":1,"Nunchaku":[7],"Centennial Puzzle":[6],"Shovel":2,"Shuriken":[18],"Bloody Idol":46,"Snecko Eye":[224,221,210,192],"Pandora\u0027s Box":["Wild Strike","Cleave","Infernal Blade","Flex","Infernal Blade","Reaper","Reaper","Whirlwind","Burning Pact"],"Prayer Wheel":6,"Kunai":[8],"obtain_stats":[{"Potion Belt":10,"Golden Idol":14,"Oddly Smooth Stone":23,"Vajra":26,"Pen Nib":7,"Orichalcum":4,"Bottled Tornado":54,"Cursed Key":34,"Burning Blood":0,"Blood Vial":53,"Dream Catcher":12,"Nunchaku":47,"Centennial Puzzle":53,"Shovel":40,"Shuriken":42,"Bloody Idol":19,"Snecko Eye":0,"Orrery":21,"Pandora\u0027s Box":17,"Prayer Wheel":31,"Bag of Marbles":49,"Kunai":52,"Membership Card":53},{"Potion Belt":5,"Golden Idol":7,"Oddly Smooth Stone":11,"Vajra":11,"Pen Nib":4,"Orichalcum":2,"Bottled Tornado":26,"Cursed Key":15,"Burning Blood":0,"Blood Vial":25,"Dream Catcher":6,"Nunchaku":23,"Centennial Puzzle":25,"Shovel":18,"Shuriken":19,"Bloody Idol":9,"Snecko Eye":0,"Orrery":10,"Pandora\u0027s Box":8,"Prayer Wheel":14,"Bag of Marbles":24,"Kunai":25,"Membership Card":25},{"Potion Belt":17,"Golden Idol":22,"Oddly Smooth Stone":38,"Vajra":38,"Pen Nib":12,"Orichalcum":5,"Bottled Tornado":108,"Cursed Key":56,"Burning Blood":0,"Blood Vial":103,"Dream Catcher":21,"Nunchaku":89,"Centennial Puzzle":103,"Shovel":66,"Shuriken":71,"Bloody Idol":32,"Snecko Eye":0,"Orrery":35,"Pandora\u0027s Box":31,"Prayer Wheel":46,"Bag of Marbles":95,"Kunai":103,"Membership Card":103}]},"card_choices":[{"not_picked":["Fire Breathing","Bloodletting"],"picked":"Uppercut","floor":1},{"not_picked":["Twin Strike","Battle Trance"],"picked":"Pommel Strike","floor":2},{"not_picked":["Havoc","Flame Barrier"],"picked":"Carnage","floor":5},{"not_picked":["Blood for Blood","Clash"],"picked":"Feel No Pain","floor":7},{"not_picked":["Heavy Blade","Pummel"],"picked":"Cleave","floor":10},{"not_picked":["Searing Blow","Wild Strike","Flex"],"picked":"SKIP","floor":11},{"not_picked":["Havoc","Metallicize"],"picked":"Impervious","floor":13},{"not_picked":["Berserk","Reaper"],"picked":"Impervious","floor":16},{"not_picked":["Warcry","Anger","Perfected Strike"],"picked":"SKIP","floor":18},{"not_picked":["Carnage","Warcry","Entrench"],"picked":"SKIP","floor":20},{"not_picked":["Iron Wave","Clothesline"],"picked":"Pommel Strike+1","floor":21},{"not_picked":["Evolve","Perfected Strike+1","Armaments"],"picked":"SKIP","floor":23},{"not_picked":["Pommel Strike","Perfected Strike","Sentinel"],"picked":"SKIP","floor":28},{"not_picked":["Shrug It Off","Sword Boomerang"],"picked":"Fiend Fire","floor":29},{"not_picked":["Sentinel","Power Through","Flex"],"picked":"SKIP","floor":31},{"not_picked":["Bludgeon","Berserk"],"picked":"Demon Form","floor":33},{"not_picked":["Clothesline","Second Wind"],"picked":"Shrug It Off+1","floor":35},{"not_picked":["Cleave","Combust","Wild Strike"],"picked":"SKIP","floor":35},{"not_picked":["Burning Pact","Dual Wield","Cleave"],"picked":"SKIP","floor":36},{"not_picked":["Anger","Havoc","Spot Weakness"],"picked":"SKIP","floor":36},{"not_picked":["Flex","Reaper","Hemokinesis"],"picked":"SKIP","floor":40},{"not_picked":["Twin Strike","Thunderclap"],"picked":"Shrug It Off+1","floor":42},{"not_picked":["Flex","Dual Wield"],"picked":"Dark Embrace+1","floor":44},{"not_picked":["Thunderclap","Flex"],"picked":"True Grit+1","floor":44},{"not_picked":["Flex+1","Wild Strike","Headbutt"],"picked":"SKIP","floor":45},{"not_picked":["Warcry","Whirlwind","Armaments"],"picked":"SKIP","floor":45},{"not_picked":["Sentinel+1","Heavy Blade"],"picked":"Corruption","floor":46},{"not_picked":["Thunderclap","Twin Strike+1","True Grit"],"picked":"SKIP","floor":46},{"not_picked":["Rupture+1","Flex","Fire Breathing+1"],"picked":"SKIP","floor":47},{"not_picked":["Rupture","Dark Embrace","Iron Wave"],"picked":"SKIP","floor":48},{"not_picked":["Wild Strike","Burning Pact","Anger"],"picked":"SKIP","floor":48},{"not_picked":["Rampage","Armaments+1"],"picked":"Dark Embrace","floor":54}],"player_experience":116633,"relics_obtained":[{"floor":7,"key":"Pen Nib"},{"floor":10,"key":"Potion Belt"},{"floor":23,"key":"Oddly Smooth Stone"},{"floor":26,"key":"Vajra"},{"floor":31,"key":"Prayer Wheel"},{"floor":40,"key":"Shovel"},{"floor":42,"key":"Shuriken"},{"floor":47,"key":"Nunchaku"},{"floor":49,"key":"Bag of Marbles"},{"floor":52,"key":"Kunai"},{"floor":54,"key":"Bottled Tornado"}],"event_choices":[{"damage_healed":0,"gold_gain":79,"player_choice":"Gained Gold","damage_taken":0,"max_hp_gain":0,"max_hp_loss":0,"event_name":"Golden Wing","floor":3,"gold_loss":0},{"damage_healed":0,"gold_gain":0,"player_choice":"Success","damage_taken":18,"relics_obtained":["Dream Catcher"],"max_hp_gain":0,"max_hp_loss":0,"event_name":"Scrap Ooze","floor":12,"gold_loss":0},{"damage_healed":0,"gold_gain":0,"player_choice":"Lose Max HP","damage_taken":0,"relics_obtained":["Golden Idol"],"max_hp_gain":0,"max_hp_loss":7,"event_name":"Golden Idol","floor":14,"gold_loss":0},{"damage_healed":0,"gold_gain":0,"player_choice":"Gave Idol","damage_taken":0,"relics_obtained":["Bloody Idol"],"max_hp_gain":0,"max_hp_loss":0,"event_name":"Forgotten Altar","floor":19,"relics_lost":["Golden Idol"],"gold_loss":0},{"damage_healed":0,"gold_gain":0,"player_choice":"Read","damage_taken":0,"max_hp_gain":0,"max_hp_loss":0,"event_name":"The Library","floor":22,"gold_loss":0,"cards_obtained":["Impervious"]},{"cards_removed":["Wild Strike"],"damage_healed":0,"gold_gain":0,"player_choice":"Purged","damage_taken":0,"max_hp_gain":0,"max_hp_loss":0,"event_name":"Purifier","floor":25,"gold_loss":0},{"damage_healed":0,"gold_gain":0,"player_choice":"Ignored","damage_taken":0,"max_hp_gain":0,"max_hp_loss":0,"event_name":"Vampires","floor":30,"gold_loss":0},{"cards_removed":["Infernal Blade"],"damage_healed":0,"gold_gain":0,"player_choice":"Removed Skill","damage_taken":0,"max_hp_gain":0,"max_hp_loss":0,"event_name":"Falling","floor":37,"gold_loss":0},{"damage_healed":0,"gold_gain":0,"player_choice":"Ignored","damage_taken":0,"max_hp_gain":0,"max_hp_loss":0,"event_name":"Tomb of Lord Red Mask","floor":38,"gold_loss":0},{"damage_healed":0,"gold_gain":0,"player_choice":"Max HP","damage_taken":0,"max_hp_gain":0,"max_hp_loss":3,"event_name":"Winding Halls","floor":39,"gold_loss":0}],"is_beta":false,"boss_relics":[{"not_picked":["Calling Bell","Coffee Dripper"],"picked":"Pandora\u0027s Box"},{"not_picked":["Busted Crown","Fusion Hammer"],"picked":"Cursed Key"}],"items_purged_floors":[53],"is_endless":false,"potions_floor_spawned":[1,5,11,29,31,35,44,46,48],"ascension_level":18}}