{"host":"78zdngn0u28jm0pp","time":1608526042,"event":{"mods":["BaseMod","Jorbs\u0027s Wanderer Trilogy","Minty Spire (QoL Compilation)","Permanent Neow","Quick Restart","Relic Stats","StSLib","Unceasing Turn Reminder"],"gold_per_floor":[118,118,130,53,65,65,85,115,115,20,33,33,33,43,43,43,43],"floor_reached":16,"playtime":943,"items_purged":[],"score":204,"play_id":"2a2229db-63a6-4417-8c14-5c199944acf4","local_time":"20201220214722","is_ascension_mode":true,"campfire_choices":[{"data":"Acrobatics","floor":6,"key":"SMITH"},{"floor":12,"key":"REST"},{"floor":15,"key":"REST"}],"circlet_count":0,"master_deck":["AscendersBane","Strike_G","Strike_G","Strike_G","Strike_G","Strike_G","Defend_G","Defend_G","Defend_G","Defend_G","Defend_G","Survivor","Neutralize","Acrobatics+1","Envenom","Dagger Throw","Dash","Dash","Adrenaline","Footwork","Blade Dance"],"relics":["Snecko Eye","Bottled Lightning","Ornamental Fan","Matryoshka"],"acts_visited":["Exordium"],"potions_floor_usage":[8,8,11],"damage_taken":[{"damage":3,"enemies":"2 Louse","floor":1,"turns":3},{"damage":12,"enemies":"Cultist","floor":3,"turns":6},{"damage":7,"enemies":"Jaw Worm","floor":5,"turns":5},{"damage":0,"enemies":"Gremlin Gang","floor":7,"turns":5},{"damage":17,"enemies":"Gremlin Nob","floor":8,"turns":4},{"damage":14,"enemies":"Exordium Wildlife","floor":11,"turns":5},{"damage":7,"enemies":"3 Louse","floor":14,"turns":4},{"damage":36,"enemies":"Slime Boss","floor":16,"turns":10}],"seed_played":"7438084347954822653","potions_obtained":[{"floor":1,"key":"Energy Potion"},{"floor":7,"key":"Poison Potion"},{"floor":8,"key":"PowerPotion"},{"floor":11,"key":"Poison Potion"}],"is_trial":false,"path_per_floor":["M","?","M","$","M","R","M","E","T","$","M","R","?","M","R","B"],"character_chosen":"THE_SILENT","items_purchased":["Dash","Footwork","Blade Dance"],"campfire_rested":2,"item_purchase_floors":[4,10,10],"current_hp_per_floor":[56,56,44,44,37,37,37,20,20,20,6,25,25,18,37,1,1],"gold":43,"neow_bonus":"BOSS_RELIC","is_daily":false,"chose_seed":false,"campfire_upgraded":1,"win_rate":0.0,"timestamp":1608526042,"path_taken":["M","?","M","$","M","R","M","E","T","$","?","R","?","M","R","BOSS"],"items_purchased_type":["Card","Card","Card"],"build_version":"2020-12-13","purchased_purges":0,"victory":false,"max_hp_per_floor":[66,66,66,66,66,66,66,66,66,66,66,66,66,66,66,66,66],"relic_stats":{"counters":[8,42],"Ornamental Fan":[32],"Snecko Eye":[69,75,91,97],"obtain_stats":[{"Matryoshka":13,"Ornamental Fan":9,"Snecko Eye":0,"Bottled Lightning":8,"Ring of the Snake":0},{"Matryoshka":6,"Ornamental Fan":5,"Snecko Eye":0,"Bottled Lightning":5,"Ring of the Snake":0},{"Matryoshka":28,"Ornamental Fan":23,"Snecko Eye":0,"Bottled Lightning":23,"Ring of the Snake":0}]},"card_choices":[{"not_picked":["All Out Attack","Dagger Spray"],"picked":"Acrobatics","floor":1},{"not_picked":["Poisoned Stab","Bane"],"picked":"Dagger Throw","floor":3},{"not_picked":["Quick Slash","Flechettes","All Out Attack"],"picked":"SKIP","floor":5},{"not_picked":["Quick Slash","Flechettes","All Out Attack"],"picked":"SKIP","floor":5},{"not_picked":["Quick Slash","Flechettes","All Out Attack"],"picked":"SKIP","floor":5},{"not_picked":["All Out Attack","Skewer"],"picked":"Dash","floor":7},{"not_picked":["Dodge and Roll","Finisher"],"picked":"Adrenaline","floor":8},{"not_picked":["Endless Agony","Blade Dance","Catalyst"],"picked":"SKIP","floor":11},{"not_picked":["Outmaneuver","Endless Agony","Quick Slash"],"picked":"SKIP","floor":14}],"player_experience":660567,"relics_obtained":[{"floor":8,"key":"Bottled Lightning"},{"floor":9,"key":"Ornamental Fan"}],"event_choices":[{"damage_healed":0,"gold_gain":0,"player_choice":"1 cards matched","damage_taken":0,"max_hp_gain":0,"max_hp_loss":0,"event_name":"Match and Keep!","floor":2,"gold_loss":0,"cards_obtained":["Envenom"]},{"damage_healed":0,"gold_gain":0,"player_choice":"Gave Potion","damage_taken":0,"relics_obtained":["Matryoshka"],"max_hp_gain":0,"max_hp_loss":0,"event_name":"WeMeetAgain","floor":13,"gold_loss":0}],"is_beta":false,"boss_relics":[],"items_purged_floors":[],"is_endless":false,"potions_floor_spawned":[1,7,8,11],"killed_by":"Slime Boss","ascension_level":20}}