{"host":"hfvpa4llnnjpeawn","time":1608592038,"event":{"mods":["2.2 Compatiblity","AchievementEnabler","Act Like it!","Aspiration","Bard","BaseMod","Beaked The Cultist","Better Sensory Stone","Better Skull","Better Third Choice","BetterRewards","CapriCore","Conspire","Downfall","Elementarium","Energized Spire","Hubris","Infinite Spire","Jorbs\u0027s Wanderer Trilogy","Lobotomy","LobotomyExtend","Minty Spire (QoL Compilation)","Replay The Spire","Shade Mod","Spicy Shops","StSLib","The Bladedancer","The Factory","The Gatherer","The Jungle","Waifu the Spire","Wandering Minibosses"],"gold_per_floor":[117,134,65,80,80,113,113,113,78,107,107,107],"floor_reached":12,"playtime":562,"items_purged":[],"score":95,"play_id":"0193e7fb-f405-4d07-af80-8838190c3a0c","local_time":"20201221180718","is_ascension_mode":true,"campfire_choices":[],"circlet_count":0,"master_deck":["Strike_G","Strike_G","Strike_G","Strike_G","Strike_G","Defend_G","Defend_G","Defend_G","Defend_G","Defend_G","Survivor","Neutralize","Guardian:Defend_Guardian","Shade:Strike_Shade","Prepared","Crippling Poison","Dash","Riddle With Holes","Sneak Up","Poisoned Stab"],"relics":["Ring of the Snake","hubris:Zylophone","Pet Ghost","hubris:Teleporter"],"acts_visited":["Exordium"],"potions_floor_usage":[6,12],"damage_taken":[{"damage":12,"enemies":"Jaw Worm","floor":1,"turns":6},{"damage":0,"enemies":"Small Slimes","floor":2,"turns":4},{"damage":2,"enemies":"Cultist","floor":4,"turns":4},{"damage":15,"enemies":"3 Sentries","floor":6,"turns":15},{"damage":54,"enemies":"Lagavulin","floor":10,"turns":12},{"damage":4,"enemies":"3 Sentries","floor":12,"turns":2}],"seed_played":"-4157176127169527041","potions_obtained":[{"floor":4,"key":"Fire Potion"},{"floor":10,"key":"SkillPotion"}],"is_trial":false,"path_per_floor":["M","M","$","M","?","E","PTL","PTL","?","E","E"],"character_chosen":"THE_SILENT","items_purchased":["Dash"],"campfire_rested":0,"item_purchase_floors":[3],"current_hp_per_floor":[58,58,58,56,56,41,41,41,58,4,0,0],"gold":107,"neow_bonus":"ONE_RARE_RELIC","is_daily":false,"chose_seed":false,"campfire_upgraded":0,"win_rate":0.0,"timestamp":1608592038,"path_taken":["M","M","$","M","?","E","PTL","PTL","?","E","E"],"items_purchased_type":["Card"],"build_version":"2020-12-13","purchased_purges":0,"victory":false,"max_hp_per_floor":[70,70,70,70,70,70,70,70,70,70,70,70],"card_choices":[{"not_picked":["PiercingWail","Deflect"],"picked":"Prepared","floor":1},{"not_picked":["Blade Dance","Dagger Spray"],"picked":"Crippling Poison","floor":2},{"not_picked":["Dagger Spray","Sucker Punch"],"picked":"Riddle With Holes","floor":4},{"not_picked":["hubris:TrickCloak","Outmaneuver"],"picked":"Sneak Up","floor":6},{"not_picked":["Dagger Spray","Acrobatics"],"picked":"Poisoned Stab","floor":10}],"player_experience":310833,"relics_obtained":[{"floor":6,"key":"Pet Ghost"},{"floor":10,"key":"hubris:Teleporter"}],"event_choices":[{"damage_healed":0,"gold_gain":0,"player_choice":"Disagree","damage_taken":0,"max_hp_gain":0,"max_hp_loss":0,"event_name":"conspire:LoneGhost","floor":5,"gold_loss":0},{"damage_healed":17,"gold_gain":0,"player_choice":"Healed","damage_taken":0,"max_hp_gain":0,"max_hp_loss":0,"event_name":"The Cleric","floor":9,"gold_loss":35}],"is_beta":false,"boss_relics":[],"items_purged_floors":[],"is_endless":false,"potions_floor_spawned":[4,10],"killed_by":"3 Sentries","ascension_level":2}}