{"host":"e8rlfedn69rz2s07","time":1608594989,"event":{"mods":["Act Like it!","BaseMod","Conspire","Hubris","Infinite Spire","Minty Spire (QoL Compilation)","Permanent Neow","Relic Stats","Replay The Spire","Shop Mod","StSLib","The Jungle"],"gold_per_floor":[364,6,21,21,21,32,60,40,40,53,53,82,82,82,82,154,154,171,187,130,155,165,165,192,192,192,234,246,290,329,368,380,392,392],"floor_reached":33,"playtime":2129,"items_purged":["Strike_G","hubris:Envy"],"score":726,"play_id":"d1463b7a-b108-4583-9c4e-85ac68c3a7e1","local_time":"20201222015629","is_ascension_mode":true,"campfire_choices":[{"data":"Footwork","floor":13,"key":"SMITH"},{"floor":15,"key":"REST"},{"data":"Noxious Fumes","floor":23,"key":"SMITH"},{"data":"Bouncing Flask","floor":25,"key":"SMITH"},{"data":"Adrenaline","floor":28,"key":"SMITH"},{"data":"Pot Of Greed","floor":32,"key":"SMITH"}],"circlet_count":0,"master_deck":["AscendersBane","Strike_G","Strike_G","Strike_G","Strike_G","Defend_G","Defend_G","Defend_G","Defend_G","Defend_G","Survivor","Neutralize","Poisoned Stab","Backflip","Noxious Fumes+1","Deadly Poison","Pot Of Greed","Pot Of Greed","Escape Plan","Deadly Poison","Footwork+1","Adrenaline+1","Backflip","Bouncing Flask+1","Bane","Pot Of Greed+1","Noxious Fumes+1","hubris:Compulsion","infinitespire:Pacifist","infinitespire:Execution","Deflect"],"relics":["Ring of the Snake","Membership Card","MealTicket","hubris:PeanutButter","Grinning Jar","StoneCalendar","Garlic","Replay:Rubber Ducky","Coffee Dripper","ReplayTheSpireMod:CursedCoin","ReplayTheSpireMod:TigerMarble","InkBottle","MawBank","Lantern","CeramicFish"],"acts_visited":["Exordium","Exordium"],"potions_floor_usage":[8,27,33],"damage_taken":[{"damage":2,"enemies":"Small Slimes","floor":1,"turns":6},{"damage":0,"enemies":"Jaw Worm","floor":3,"turns":5},{"damage":0,"enemies":"Cultist","floor":6,"turns":3},{"damage":4,"enemies":"Lagavulin","floor":7,"turns":6},{"damage":3,"enemies":"Exordium Thugs","floor":8,"turns":4},{"damage":0,"enemies":"Large Slime","floor":10,"turns":7},{"damage":22,"enemies":"3 Sentries","floor":12,"turns":7},{"damage":23,"enemies":"Fading Forest","floor":16,"turns":13},{"damage":1,"enemies":"Shell Parasite","floor":18,"turns":5},{"damage":0,"enemies":"theJungle:MUSHROOMGANG","floor":19,"turns":5},{"damage":0,"enemies":"theJungle:SlimyTreeVines","floor":22,"turns":6},{"damage":0,"enemies":"theJungle:2_Phrogs","floor":24,"turns":7},{"damage":12,"enemies":"theJungle:MamaSnecko","floor":27,"turns":5},{"damage":0,"enemies":"theJungle:Cassacara","floor":29,"turns":4},{"damage":0,"enemies":"theJungle:Lyon","floor":31,"turns":4},{"damage":60,"enemies":"theJungle:TotemBoss","floor":33,"turns":10}],"seed_played":"7548805972294000093","potions_obtained":[{"floor":6,"key":"SpeedPotion"},{"floor":7,"key":"Adrenaline Potion"},{"floor":10,"key":"Strength Potion"},{"floor":27,"key":"Strength Potion"},{"floor":31,"key":"Reflective Coating"}],"is_trial":false,"path_per_floor":["M","$","M","?","T","M","E","M","T","M","?","E","R","?","R","B",null,"M","M","$","T","M","R","E","R","T","E","R","E","?","M","R","B"],"character_chosen":"THE_SILENT","items_purchased":["Membership Card","MealTicket","Backflip","Noxious Fumes","ReplayTheSpireMod:CursedCoin","Block Potion","Bouncing Flask","ReplayTheSpireMod:TigerMarble"],"campfire_rested":1,"item_purchase_floors":[2,2,2,2,20,20,20,20],"current_hp_per_floor":[57,57,57,52,52,52,48,45,45,45,45,23,23,14,32,23,51,50,50,60,60,60,60,60,60,60,48,48,48,48,52,52,0,0],"gold":392,"neow_bonus":"TWO_FIFTY_GOLD","is_daily":false,"chose_seed":false,"campfire_upgraded":5,"win_rate":0.0,"timestamp":1608594989,"path_taken":["M","$","M","?","?","M","E","M","T","?","?","E","R","?","R","BOSS","M","M","$","?","M","R","E","R","T","E","R","E","?","M","R","BOSS"],"items_purchased_type":["Relic","Relic","Card","Card","Relic","Potion","Card","Relic"],"build_version":"2020-12-13","purchased_purges":2,"victory":false,"max_hp_per_floor":[60,60,60,60,60,60,60,60,60,60,60,60,60,60,60,60,60,60,60,60,60,60,60,60,60,60,60,60,60,60,60,60,60,60],"relic_stats":{"counters":[16,97],"CeramicFish":36,"MealTicket":10,"StoneCalendar":[247],"MawBank":84,"obtain_stats":[{"Lantern":27,"ReplayTheSpireMod:CursedCoin":20,"CeramicFish":29,"StoneCalendar":7,"MawBank":26,"Replay:Rubber Ducky":12,"MealTicket":2,"hubris:PeanutButter":4,"Garlic":9,"Coffee Dripper":17,"ReplayTheSpireMod:TigerMarble":20,"Membership Card":2,"Grinning Jar":5,"InkBottle":24,"Ring of the Snake":0},{"Lantern":13,"ReplayTheSpireMod:CursedCoin":10,"CeramicFish":14,"StoneCalendar":4,"MawBank":12,"Replay:Rubber Ducky":7,"MealTicket":1,"hubris:PeanutButter":2,"Garlic":5,"Coffee Dripper":8,"ReplayTheSpireMod:TigerMarble":10,"Membership Card":1,"Grinning Jar":2,"InkBottle":12,"Ring of the Snake":0},{"Lantern":79,"ReplayTheSpireMod:CursedCoin":61,"CeramicFish":83,"StoneCalendar":20,"MawBank":74,"Replay:Rubber Ducky":38,"MealTicket":6,"hubris:PeanutButter":11,"Garlic":24,"Coffee Dripper":51,"ReplayTheSpireMod:TigerMarble":61,"Membership Card":6,"Grinning Jar":11,"InkBottle":74,"Ring of the Snake":0}],"InkBottle":[11],"Ring of the Snake":[32]},"card_choices":[{"not_picked":["Concentrate","Setup"],"picked":"Poisoned Stab","floor":1},{"not_picked":["Bane","Escape Plan"],"picked":"Deadly Poison","floor":3},{"not_picked":["Poisoned Stab","Finisher"],"picked":"Escape Plan","floor":6},{"not_picked":["Acrobatics","Fluid Movement"],"picked":"Deadly Poison","floor":7},{"not_picked":["Blade Dance","hubris:Sniper"],"picked":"Footwork","floor":8},{"not_picked":["Heel Hook","Flechettes","Expertise"],"picked":"SKIP","floor":10},{"not_picked":["Heel Hook","Flechettes","Expertise"],"picked":"SKIP","floor":10},{"not_picked":["Flying Knee","Underhanded Strike","Cloak And Dagger"],"picked":"SKIP","floor":12},{"not_picked":["Envenom","Glass Knife"],"picked":"Adrenaline","floor":16},{"not_picked":["Bane","Concentrate"],"picked":"Backflip","floor":18},{"not_picked":["ReplayTheSpireMod:Scrap Shanks+1","Dagger Spray","Sucker Punch"],"picked":"SKIP","floor":19},{"not_picked":["Setup","Grand Finale"],"picked":"Bane","floor":22},{"not_picked":["Accuracy","Deflect","Quick Slash+1"],"picked":"SKIP","floor":24},{"not_picked":["Expertise+1","ReplayTheSpireMod:Tripwire"],"picked":"Noxious Fumes+1","floor":27},{"not_picked":["Eviscerate+1","ReplayTheSpireMod:Scrap Shanks","hubris:TrickCloak"],"picked":"SKIP","floor":29},{"not_picked":["Replay:Fractal Strike","infinitespire:TheBestDefense"],"picked":"infinitespire:Execution","floor":30},{"not_picked":["Flying Knee","Deadly Poison"],"picked":"Deflect","floor":31}],"player_experience":907469,"relics_obtained":[{"floor":5,"key":"Grinning Jar"},{"floor":7,"key":"StoneCalendar"},{"floor":9,"key":"Garlic"},{"floor":12,"key":"Replay:Rubber Ducky"},{"floor":24,"key":"InkBottle"},{"floor":26,"key":"MawBank"},{"floor":27,"key":"Lantern"},{"floor":29,"key":"CeramicFish"}],"event_choices":[{"damage_healed":0,"gold_gain":0,"player_choice":"Success","damage_taken":5,"relics_obtained":["hubris:PeanutButter"],"max_hp_gain":0,"max_hp_loss":0,"event_name":"Scrap Ooze","floor":4,"gold_loss":0},{"damage_healed":0,"gold_gain":0,"player_choice":"Leave","damage_taken":0,"max_hp_gain":0,"max_hp_loss":0,"event_name":"The Cleric","floor":11,"gold_loss":0},{"damage_healed":0,"gold_gain":0,"player_choice":"Damaged","damage_taken":9,"max_hp_gain":0,"max_hp_loss":0,"event_name":"Wheel of Change","floor":14,"gold_loss":0}],"is_beta":false,"boss_relics":[{"not_picked":["Snecko Heart","hubris:RunicObelisk"],"picked":"Coffee Dripper"}],"items_purged_floors":[2,20],"is_endless":false,"potions_floor_spawned":[6,7,10,16,22,24,27,31],"killed_by":"theJungle:TotemBoss","ascension_level":20}}