{"host":"18wi9kpcl4eah7pe","time":1608571042,"event":{"mods":["BaseMod","Colored Powertips","Downfall","Minty Spire (QoL Compilation)","StSLib"],"gold_per_floor":[99,127,127,160,160,170,170,180,215,15,0,10,0,15,25,130,130,80,105,121,121,71,71,71,71,71,71],"floor_reached":25,"playtime":1051,"items_purged":[],"score":301,"play_id":"daf6eba9-403d-4037-8877-898eae5fd45f","local_time":"20201221111722","is_ascension_mode":true,"campfire_choices":[{"floor":1,"key":"RECALL"},{"floor":10,"key":"REST"},{"data":"Slimebound:Split","floor":18,"key":"SMITH"},{"floor":22,"key":"REST"}],"circlet_count":0,"master_deck":["Slimebound:Strike_Slimebound","Slimebound:Strike_Slimebound","Slimebound:Strike_Slimebound","Slimebound:Tackle","Slimebound:Defend_Slimebound","Slimebound:Defend_Slimebound","Slimebound:Defend_Slimebound","Slimebound:Defend_Slimebound","Slimebound:Split+1","Slimebound:CorrosiveSpit","Slimebound:GoopSpray","Slimebound:SlimeSpikes","Slimebound:RainOfGoop","Slimebound:LeechEnergy","Slimebound:SplitMire","Slimebound:AcidTongue","Slimebound:SpikyOuterGoop","Slimebound:GrowthPunch","Slimebound:Replication","Slimebound:FinishingTackle","Slimebound:ComboTackle","Slimebound:OozeBath","Slimebound:FlameTackle","Slimebound:ProtectTheBoss","Slimebound:RollThrough","Slimebound:CheckThePlaybook"],"relics":["Slimebound:AbsorbEndCombatUpgraded","downfall:HeartsMalice","Bag of Marbles","Slimebound:GreedOozeRelic","Ornamental Fan","Torii","PreservedInsect","downfall:HeartBlessingRed","downfall:HeartBlessingGreen","Turnip"],"acts_visited":["Exordium","TheCity"],"potions_floor_usage":[9,13,16,16],"damage_taken":[{"damage":0,"enemies":"Gremlin Nob","floor":2,"turns":1},{"damage":0,"enemies":"3 Sentries","floor":4,"turns":1},{"damage":0,"enemies":"2 Louse","floor":5,"turns":1},{"damage":5,"enemies":"Small Slimes","floor":6,"turns":3},{"damage":6,"enemies":"Jaw Worm","floor":8,"turns":3},{"damage":31,"enemies":"Lagavulin","floor":9,"turns":4},{"damage":15,"enemies":"downfall:FleeingMerchant","floor":11,"turns":4},{"damage":11,"enemies":"2 Fungi Beasts","floor":12,"turns":3},{"damage":13,"enemies":"downfall:FleeingMerchant","floor":13,"turns":4},{"damage":20,"enemies":"Red Slaver","floor":14,"turns":3},{"damage":0,"enemies":"3 Louse","floor":15,"turns":2},{"damage":25,"enemies":"downfall:Watcher","floor":16,"turns":8},{"damage":50,"enemies":"Slavers","floor":19,"turns":4},{"damage":12,"enemies":"Spheric Guardian","floor":20,"turns":4},{"damage":69,"enemies":"Gremlin Leader","floor":25,"turns":6}],"seed_played":"2758476629412979212","potions_obtained":[{"floor":6,"key":"DuplicationPotion"},{"floor":9,"key":"ColorlessPotion"},{"floor":14,"key":"Dexterity Potion"},{"floor":15,"key":"FearPotion"}],"is_trial":false,"path_per_floor":["R","E","?","E","M","M","T","M","E","R","$","M","$","M","M","B",null,"R","E","M","?","R","?","T","E"],"character_chosen":"SLIMEBOUND","items_purchased":[],"campfire_rested":2,"item_purchase_floors":[],"current_hp_per_floor":[60,60,60,60,60,60,60,60,43,60,56,51,50,46,50,45,60,60,33,41,41,59,38,38,0,0,0],"gold":71,"neow_bonus":"THREE_ENEMY_KILL","is_daily":false,"chose_seed":false,"campfire_upgraded":1,"win_rate":0.0,"timestamp":1608571042,"path_taken":["R","E","?","E","M","M","T","M","E","R","$","M","$","M","M","BOSS","R","E","M","?","R","?","T","E"],"items_purchased_type":[],"build_version":"2020-12-13","purchased_purges":0,"victory":false,"max_hp_per_floor":[60,60,60,60,60,60,60,60,60,60,60,60,60,60,60,60,60,60,60,60,60,60,60,60,60,60,60],"card_choices":[{"not_picked":["Slimebound:ForwardTackle","Slimebound:FinishingTackle"],"picked":"Slimebound:GoopSpray","floor":2},{"not_picked":["Slimebound:HauntingLick","Slimebound:SplitLeeching"],"picked":"Slimebound:SlimeSpikes","floor":4},{"not_picked":["Slimebound:SplitLeeching","Slimebound:SlimeSpikes"],"picked":"Slimebound:RainOfGoop","floor":5},{"not_picked":["Slimebound:ForwardTackle","Slimebound:SlimeSpikes"],"picked":"Slimebound:LeechEnergy","floor":6},{"not_picked":["Slimebound:SlimeSpikes","Slimebound:Replication"],"picked":"Slimebound:SplitMire","floor":8},{"not_picked":["Slimebound:SlimeSlap","Slimebound:LeechingTouch"],"picked":"Slimebound:AcidTongue","floor":9},{"not_picked":["Slimebound:SlimeSpikes","Slimebound:BestDefense"],"picked":"Slimebound:SpikyOuterGoop","floor":11},{"not_picked":["Slimebound:SamplingLick","Slimebound:Schlurp"],"picked":"Slimebound:GrowthPunch","floor":12},{"not_picked":["Slimebound:ComboTackle","Slimebound:SamplingLick"],"picked":"Slimebound:Replication","floor":13},{"not_picked":["Slimebound:ServeAndProtect","Slimebound:ViciousTackle"],"picked":"Slimebound:FinishingTackle","floor":14},{"not_picked":["Slimebound:FirmFortitude","Slimebound:FinishingTackle"],"picked":"Slimebound:ComboTackle","floor":15},{"not_picked":["Slimebound:RallyTheTroops","Slimebound:Darklings"],"picked":"Slimebound:OozeBath","floor":16},{"not_picked":["Slimebound:GoopSpray","Slimebound:GrowthPunch+1"],"picked":"Slimebound:FlameTackle","floor":19},{"not_picked":["Slimebound:ViciousTackle","Slimebound:DisruptingSlam"],"picked":"Slimebound:ProtectTheBoss","floor":20}],"player_experience":819575,"relics_obtained":[{"floor":2,"key":"Bag of Marbles"},{"floor":4,"key":"Ornamental Fan"},{"floor":7,"key":"Torii"},{"floor":9,"key":"PreservedInsect"},{"floor":19,"key":"Turnip"}],"event_choices":[{"damage_healed":0,"gold_gain":0,"player_choice":"Read","damage_taken":0,"max_hp_gain":0,"max_hp_loss":0,"event_name":"The Library","floor":21,"gold_loss":0,"cards_obtained":["Slimebound:RollThrough"]}],"is_beta":false,"boss_relics":[{"not_picked":["Sozu","Runic Pyramid"],"picked":"Slimebound:AbsorbEndCombatUpgraded"}],"items_purged_floors":[],"is_endless":false,"potions_floor_spawned":[6,9,14,15],"killed_by":"Gremlin Leader","ascension_level":1}}