{"host":"9ndbo4kgsfoemf7y","time":1608562525,"event":{"mods":["AchievementEnabler","BaseMod","Colored Map","DeckTracker","Keyboard Shortcuts","Minty Spire (QoL Compilation)","Permanent Neow","Quick Restart","Relic Stats","StSLib","SuperFastMode"],"gold_per_floor":[12,32,43,60,71,102,102,134,158,173,201,201,222,245,245,245,245],"floor_reached":16,"playtime":775,"items_purged":[],"score":261,"play_id":"6879887b-85dd-4619-921e-50cfc732b6a0","local_time":"20201221235525","is_ascension_mode":true,"campfire_choices":[{"data":"Uppercut","floor":7.0,"key":"SMITH"},{"floor":12.0,"key":"REST"},{"data":"Barricade","floor":15,"key":"SMITH"}],"circlet_count":0,"master_deck":["AscendersBane","Strike_R","Strike_R","Strike_R","Strike_R","Strike_R","Defend_R","Defend_R","Defend_R","Defend_R","Bash","Feed","Uppercut+1","Shrug It Off","Flex","Battle Trance","Barricade+1","Feel No Pain","Ghostly Armor","Cleave","Twin Strike"],"relics":["Burning Blood","Happy Flower","Question Card","CeramicFish"],"acts_visited":["Exordium"],"potions_floor_usage":[13],"damage_taken":[{"damage":18.0,"enemies":"Cultist","floor":1.0,"turns":6.0},{"damage":1.0,"enemies":"2 Louse","floor":2.0,"turns":3.0},{"damage":1.0,"enemies":"Small Slimes","floor":3.0,"turns":7.0},{"damage":18.0,"enemies":"2 Fungi Beasts","floor":4.0,"turns":5.0},{"damage":4.0,"enemies":"Looter","floor":5.0,"turns":4.0},{"damage":14.0,"enemies":"Lagavulin","floor":6.0,"turns":7.0},{"damage":45.0,"enemies":"3 Sentries","floor":8.0,"turns":12.0},{"damage":15.0,"enemies":"Large Slime","floor":10.0,"turns":6.0},{"damage":11.0,"enemies":"Exordium Thugs","floor":11.0,"turns":5.0},{"damage":11,"enemies":"Lots of Slimes","floor":13,"turns":5},{"damage":11,"enemies":"Looter","floor":14,"turns":5},{"damage":46,"enemies":"Hexaghost","floor":16,"turns":12}],"seed_played":"-3758270057851569234","potions_obtained":[{"floor":1.0,"key":"CultistPotion"},{"floor":2.0,"key":"SteroidPotion"},{"floor":10.0,"key":"Strength Potion"},{"floor":13,"key":"SteroidPotion"}],"is_trial":false,"path_per_floor":["M","M","M","M","M","E","R","E","T","M","M","R","M","M","R","B"],"character_chosen":"IRONCLAD","items_purchased":[],"campfire_rested":1,"item_purchase_floors":[],"current_hp_per_floor":[59,67,75,66,71,66,66,30,30,24,22,52,50,45,45,0,0],"gold":245,"neow_bonus":"THREE_RARE_CARDS","is_daily":false,"chose_seed":false,"campfire_upgraded":2,"win_rate":0.0,"timestamp":1608562525,"path_taken":["M","M","M","M","M","E","R","E","T","?","M","R","M","M","R","BOSS"],"items_purchased_type":[],"build_version":"2020-12-13","purchased_purges":0,"victory":false,"max_hp_per_floor":[78,81,84,87,90,93,93,96,96,99,102,102,105,105,105,105,105],"relic_stats":{"Happy Flower":[15],"counters":[12,77],"CeramicFish":27,"Question Card":4,"obtain_stats":[{"Happy Flower":6,"CeramicFish":9,"Question Card":8,"Burning Blood":0},{"Happy Flower":6,"CeramicFish":7,"Question Card":7,"Burning Blood":0},{"Happy Flower":32,"CeramicFish":44,"Question Card":44,"Burning Blood":0}],"Burning Blood":66},"card_choices":[{"not_picked":["Exhume","Fiend Fire"],"picked":"Feed","floor":0.0},{"not_picked":["Twin Strike","Heavy Blade"],"picked":"Uppercut","floor":1.0},{"not_picked":["Rupture","Sword Boomerang"],"picked":"Shrug It Off","floor":2.0},{"not_picked":["Whirlwind","Sentinel","Armaments"],"picked":"SKIP","floor":3.0},{"not_picked":["Havoc","Anger"],"picked":"Flex","floor":4.0},{"not_picked":["Inflame","Spot Weakness"],"picked":"Battle Trance","floor":5.0},{"not_picked":["Rage","Warcry"],"picked":"Barricade","floor":6.0},{"not_picked":["Warcry","Cleave"],"picked":"Feel No Pain","floor":8.0},{"not_picked":["Clash","Headbutt","Hemokinesis","Infernal Blade"],"picked":"SKIP","floor":10.0},{"not_picked":["Twin Strike","Whirlwind","Fire Breathing"],"picked":"Ghostly Armor","floor":11.0},{"not_picked":["Seeing Red","Bloodletting","Flex"],"picked":"Cleave","floor":13},{"not_picked":["Warcry","Anger","Wild Strike"],"picked":"Twin Strike","floor":14}],"player_experience":730162,"relics_obtained":[{"floor":6.0,"key":"Happy Flower"},{"floor":8.0,"key":"Question Card"},{"floor":9.0,"key":"CeramicFish"}],"event_choices":[],"is_beta":false,"boss_relics":[],"items_purged_floors":[],"is_endless":false,"potions_floor_spawned":[1,2,4,10,13],"killed_by":"Hexaghost","ascension_level":20}}