{"host":"d4km6p8r92tm3vpl","time":1608551562,"event":{"mods":["BaseMod","Hermit","Jorbs Mod","Marisa????????","Minty Spire (QoL Compilation)","StSLib","The Cursed","The Servant 0.9.4"],"gold_per_floor":[117,117,131,32,32,32,32,65,102,114,126,167,197,242,254,400,412,451,537,549,561,573,614,670,696,696],"floor_reached":25,"playtime":765,"items_purged":["Strike_MRS"],"score":253,"play_id":"66d77dac-b022-4859-aef0-68fd208bb47b","local_time":"20201221065242","is_ascension_mode":false,"campfire_choices":[{"data":"NonDirectionalLaser","floor":6,"key":"SMITH"},{"data":"GrandCross","floor":10,"key":"SMITH"},{"data":"EnergyFlow","floor":15,"key":"SMITH"}],"circlet_count":0,"master_deck":["Strike_MRS","Strike_MRS","Strike_MRS","Defend_MRS","Defend_MRS","Defend_MRS","Defend_MRS","MasterSpark","UpSweep","EnergyFlow+1","Robbery","NonDirectionalLaser+1","GrandCross+1","SporeBomb","GalacticHalo","BinaryStars","EnergyFlow"],"relics":["MiniHakkero","NeowsBlessing","Bloody Idol","StoneCalendar","MawBank","Omamori","Runic Pyramid"],"acts_visited":["Exordium","TheCity"],"potions_floor_usage":[],"damage_taken":[{"damage":0,"enemies":"Jaw Worm","floor":1,"turns":1},{"damage":0,"enemies":"2 Louse","floor":3,"turns":1},{"damage":0,"enemies":"Gremlin Nob","floor":8,"turns":2},{"damage":0,"enemies":"Cultist","floor":12,"turns":2},{"damage":0,"enemies":"Looter","floor":13,"turns":2},{"damage":0,"enemies":"Large Slime","floor":14,"turns":4},{"damage":17,"enemies":"The Guardian","floor":16,"turns":7},{"damage":18,"enemies":"3 Byrds","floor":18,"turns":5},{"damage":0,"enemies":"Chosen","floor":19,"turns":4},{"damage":33,"enemies":"Sentry and Sphere","floor":23,"turns":7},{"damage":46,"enemies":"Snake Plant","floor":24,"turns":6},{"damage":26,"enemies":"3 Cultists","floor":25,"turns":4}],"seed_played":"8090946772225290827","potions_obtained":[{"floor":1,"key":"ColorlessPotion"},{"floor":12,"key":"Block Potion"},{"floor":14,"key":"FearPotion"}],"is_trial":false,"path_per_floor":["M","?","M","$","?","R","$","E","T","R","?","M","M","M","R","B",null,"M","M","?","?","?","M","M","M"],"character_chosen":"MARISA","items_purchased":["NonDirectionalLaser"],"campfire_rested":0,"item_purchase_floors":[4],"current_hp_per_floor":[75,69,69,69,57,57,57,57,57,57,57,57,57,57,57,40,69,51,51,51,51,56,38,7,0,0],"gold":696,"neow_bonus":"THREE_ENEMY_KILL","is_daily":false,"chose_seed":false,"campfire_upgraded":3,"win_rate":0.0,"timestamp":1608551562,"path_taken":["M","?","M","$","?","R","?","E","T","R","?","M","M","?","R","BOSS","M","M","?","?","?","M","M","M"],"items_purchased_type":["Card"],"build_version":"2020-12-13","purchased_purges":1,"victory":false,"max_hp_per_floor":[75,69,69,69,69,69,69,69,69,69,69,69,69,69,69,69,69,69,69,69,69,69,69,69,69,69],"card_choices":[{"not_picked":["WitchOfGreed","DarkSpark"],"picked":"EnergyFlow","floor":1},{"not_picked":["WitchOfGreed","MilkyWay"],"picked":"Robbery","floor":3},{"not_picked":["MagicChant","PowerUp"],"picked":"GrandCross","floor":8},{"not_picked":["WitchOfGreed","ShootingEcho"],"picked":"SporeBomb","floor":12},{"not_picked":["GrandCross","OneTimeOff"],"picked":"GalacticHalo","floor":13},{"not_picked":["ShootingEcho","EventHorizon","6A"],"picked":"SKIP","floor":14},{"not_picked":["SatelliteIllusion","ManaRampage"],"picked":"BinaryStars","floor":16},{"not_picked":["GalacticHalo","GravityBeat+1","ShootingEcho+1"],"picked":"SKIP","floor":18},{"not_picked":["SuperPerseids","MagicChant+1","OpenUniverse+1"],"picked":"SKIP","floor":19},{"not_picked":["DarkSpark","Acceleration+1","6A"],"picked":"SKIP","floor":23},{"not_picked":["IllusionStar","MilkyWay","ShootingEcho"],"picked":"SKIP","floor":24}],"player_experience":805352,"relics_obtained":[{"floor":8,"key":"MawBank"},{"floor":9,"key":"Omamori"}],"event_choices":[{"damage_healed":0,"gold_gain":0,"player_choice":"Lose Max HP","damage_taken":0,"relics_obtained":["Golden Idol"],"max_hp_gain":0,"max_hp_loss":6,"event_name":"Golden Idol","floor":2,"gold_loss":0},{"damage_healed":0,"gold_gain":0,"player_choice":"Success","damage_taken":12,"relics_obtained":["StoneCalendar"],"max_hp_gain":0,"max_hp_loss":0,"event_name":"Scrap Ooze","floor":5,"gold_loss":0},{"damage_healed":0,"gold_gain":0,"player_choice":"Ignored","damage_taken":0,"max_hp_gain":0,"max_hp_loss":0,"event_name":"NoteForYourself","floor":11,"gold_loss":0},{"damage_healed":0,"gold_gain":0,"player_choice":"Read","damage_taken":0,"max_hp_gain":0,"max_hp_loss":0,"event_name":"The Library","floor":20,"gold_loss":0,"cards_obtained":["EnergyFlow"]},{"damage_healed":0,"gold_gain":0,"player_choice":"Gave Idol","damage_taken":0,"relics_obtained":["Bloody Idol"],"max_hp_gain":0,"max_hp_loss":0,"event_name":"Forgotten Altar","floor":21,"relics_lost":["Golden Idol"],"gold_loss":0},{"damage_healed":0,"gold_gain":0,"player_choice":"Ignored","damage_taken":0,"max_hp_gain":0,"max_hp_loss":0,"event_name":"Cursed Tome","floor":22,"gold_loss":0}],"is_beta":false,"boss_relics":[{"not_picked":["Empty Cage","Tiny House"],"picked":"Runic Pyramid"}],"items_purged_floors":[4],"is_endless":false,"potions_floor_spawned":[1,12,14,18],"killed_by":"3 Cultists","ascension_level":0}}