{"host":"vd5put2n5b3t1prw","time":1608512343,"event":{"mods":["2.2 Compatiblity","AchievementEnabler","BaseMod","Better Altar","Better Match","Better Note","Better Sensory Stone","Better Silent Start","Better Skull","Better Third Choice","Better Vampires","Better-Laid Plans","BetterRewards","Block Reminder","Card Forge","Colored Map","Custom Start","Downfall","Emptier Cage","Marked Mod","Minty Spire (QoL Compilation)","Quick Restart","Random Character Button","Relic Stats","Reorder Act Four","Spicy Shops","StSLib","Transform Curses","Waifu the Spire"],"gold_per_floor":[115,134,144,161,161,194,206,381,408,424,434,448,448,161,161,260,260,278,278,49,63,63,94,94,118,190,204,204,221,231,231,231,335,335,355,355,19,38,61,61,73,84,84,84,84],"floor_reached":44,"playtime":7665,"items_purged":["Strike_P","Strike_P","Strike_P","Strike_P"],"score":1001,"play_id":"500199f6-f126-4c49-bc04-1225db872d3d","local_time":"20201220185903","is_ascension_mode":true,"campfire_choices":[{"floor":13,"key":"REST"},{"data":"MarkedMod:PinPointDefense","floor":15,"key":"SMITH"},{"data":"MasterReality","floor":24,"key":"SMITH"},{"data":"Sadistic Nature","floor":32,"key":"SMITH"},{"data":"MarkedMod:PinPointDefense","floor":40,"key":"SMITH"}],"circlet_count":0,"master_deck":["AscendersBane","Defend_P+1","Defend_P","Defend_P+1","MarkedMod:GracefulMovements","MarkedMod:Acupuncture+1","Secret Technique+1","Sadistic Nature+1","Tantrum+1","InnerPeace+1","LessonLearned+1","EmptyBody+1","MarkedMod:PinPointDefense+1","MarkedMod:PinPointDefense","Protect","LikeWater+1","MarkedMod:ChiBlock","MarkedMod:PinPointDefense+1","CutThroughFate+1","Strike_P+1","SpiritShield","ThirdEye+1","CutThroughFate+1","SignatureMove+1","Establishment+1","MasterReality+1","Study","MarkedMod:PinPointDefense+1","Evaluate+1","Sanctity","MarkedMod:SlowDance+1","PathToVictory+1","WaveOfTheHand","Swift Strike+1","MarkedMod:Acupuncture+1","MarkedMod:GracefulMovements+1","Meditate+1","Evaluate+1"],"relics":["HolyWater","Hammer of Thor","Seething Fire","Anvil of the Gods","Membership Card","Bronze Scales","MarkedMod:AcupunctureKit","Molten Egg 2","Turnip","Bottled Lightning","Regal Pillow","Tiny Chest","Prayer Wheel","Frozen Eye","Lantern","Black Star","Mercury Hourglass","Boot","Orichalcum","Singing Bowl","Question Card","Mummified Hand","WingedGreaves","Darkstone Periapt","Bag of Marbles","Pear"],"acts_visited":["Exordium","TheCity","TheBeyond"],"potions_floor_usage":[10,10,16,23,23,44],"damage_taken":[{"damage":2,"enemies":"Jaw Worm","floor":1,"turns":4},{"damage":0,"enemies":"Cultist","floor":2,"turns":2},{"damage":3,"enemies":"2 Louse","floor":3,"turns":5},{"damage":6,"enemies":"Looter","floor":4,"turns":4},{"damage":39,"enemies":"Gremlin Nob","floor":6,"turns":5},{"damage":1,"enemies":"Red Slaver","floor":7,"turns":5},{"damage":1,"enemies":"Exordium Thugs","floor":10,"turns":8},{"damage":0,"enemies":"Blue Slaver","floor":11,"turns":4},{"damage":5,"enemies":"2 Fungi Beasts","floor":12,"turns":6},{"damage":7,"enemies":"The Guardian","floor":16,"turns":10},{"damage":0,"enemies":"3 Byrds","floor":18,"turns":3},{"damage":0,"enemies":"Spheric Guardian","floor":21,"turns":5},{"damage":13,"enemies":"Slavers","floor":23,"turns":4},{"damage":1,"enemies":"Centurion and Healer","floor":27,"turns":7},{"damage":0,"enemies":"Cultist and Chosen","floor":29,"turns":5},{"damage":6,"enemies":"Shelled Parasite and Fungi","floor":30,"turns":4},{"damage":27,"enemies":"Collector","floor":33,"turns":13},{"damage":0,"enemies":"Orb Walker","floor":35,"turns":2},{"damage":17,"enemies":"3 Darklings","floor":38,"turns":6},{"damage":19,"enemies":"Spire Growth","floor":41,"turns":5},{"damage":0,"enemies":"Maw","floor":42,"turns":6},{"damage":48,"enemies":"Writhing Mass","floor":44,"turns":3}],"seed_played":"5982431125932912615","potions_obtained":[{"floor":1,"key":"Fire Potion"},{"floor":6,"key":"champ:CounterPotion"},{"floor":7,"key":"Energy Potion"},{"floor":12,"key":"Dexterity Potion"},{"floor":16,"key":"Strength Potion"},{"floor":19,"key":"AttackPotion"},{"floor":19,"key":"SneckoOil"},{"floor":27,"key":"Fire Potion"},{"floor":30,"key":"Block Potion"},{"floor":35,"key":"BottledMiracle"}],"is_trial":false,"path_per_floor":["M","M","M","M","?","E","M","?","T","M","M","M","R","$","R","B",null,"M","?","$","M","?","E","R","T","T","M","?","M","M","?","R","B",null,"M","?","$","M","T","R","M","M","T","M"],"character_chosen":"WATCHER","items_purchased":["Membership Card","Bronze Scales","MarkedMod:AcupunctureKit","MarkedMod:GracefulMovements","MarkedMod:Acupuncture","Secret Technique","Molten Egg 2","Sadistic Nature","Turnip","Bottled Lightning","MarkedMod:PinPointDefense","Prayer Wheel","CutThroughFate+1","Frozen Eye","Lantern","CutThroughFate+1","Mercury Hourglass","Mummified Hand","WingedGreaves","Swift Strike+1","Darkstone Periapt"],"campfire_rested":1,"item_purchase_floors":[0,0,0,0,0,0,0,0,0,0,14,14,14,14,14,20,20,37,37,37,37],"current_hp_per_floor":[63,63,60,54,58,19,18,18,18,17,17,12,48,48,48,41,64,64,64,64,64,64,51,51,51,51,52,52,54,50,50,50,23,64,66,66,66,51,51,51,34,34,44,0,0],"gold":84,"neow_bonus":"","is_daily":false,"chose_seed":false,"campfire_upgraded":4,"win_rate":0.0,"timestamp":1608512343,"path_taken":["M","M","M","M","?","E","?","?","T","M","M","M","R","$","R","BOSS","M","?","$","?","?","E","R","?","T","M","?","M","M","?","R","BOSS","M","?","$","M","?","R","M","M","T","?"],"items_purchased_type":["Relic","Relic","Relic","Card","Card","Card","Relic","Card","Relic","Relic","Card","Relic","Card","Relic","Relic","Card","Relic","Relic","Relic","Card","Relic"],"build_version":"2020-12-13","purchased_purges":4,"victory":false,"max_hp_per_floor":[72,72,72,72,72,72,72,72,72,72,72,72,72,72,72,72,72,72,72,72,72,72,72,72,72,72,74,74,76,78,78,78,78,78,80,80,80,82,82,82,84,84,94,94,94],"relic_stats":{"Darkstone Periapt":0,"Regal Pillow":15,"Singing Bowl":12,"counters":[147,637],"Orichalcum":[30],"Boot":[77],"Question Card":13,"Mercury Hourglass":[224],"Mummified Hand":[46],"Bronze Scales":[519],"Tiny Chest":2,"Prayer Wheel":9,"Turnip":[19],"Black Star":1,"obtain_stats":[{"Ice Cream":10,"Tiny House":34,"Gremlin Horn":9,"Vajra":46,"Hammer of Thor":0,"Ginger":9,"Bottled Tornado":44,"Boot":44,"Old Coin":44,"MarkedMod:AcupunctureKit":30,"Sozu":34,"Blood Vial":0,"Centennial Puzzle":26,"Sundial":30,"DollysMirror":0,"Strawberry":29,"Prayer Wheel":24,"Toxic Egg 2":23,"Pear":36,"Happy Flower":40,"Astrolabe":17,"Oddly Smooth Stone":6,"Eternal Feather":54,"Pen Nib":0,"Letter Opener":10,"War Paint":26,"Question Card":40,"Akabeko":43,"SlaversCollar":17,"OrangePellets":42,"Anvil of the Gods":0,"Shuriken":19,"Bronze Scales":24,"Molten Egg 2":41,"Black Star":34,"StrikeDummy":47,"Meat on the Bone":0,"Pocketwatch":46,"Darkstone Periapt":41,"Regal Pillow":47,"Lantern":14,"Singing Bowl":28,"Melange":0,"Mango":7,"Yang":54,"Incense Burner":52,"Juzu Bracelet":0,"TeardropLocket":43,"Ancient Tea Set":23,"Smiling Mask":26,"ClockworkSouvenir":52,"Frozen Eye":20,"SsserpentHead":30,"Nunchaku":25,"Shovel":28,"TheAbacus":0,"Matryoshka":9,"Mummified Hand":26,"Pantograph":0,"Gambling Chip":0,"Tiny Chest":14,"WingedGreaves":0,"Red Mask":28,"Chemical X":36,"InkBottle":22,"NeowsBlessing":0,"Golden Idol":5,"Damaru":47,"Thread and Needle":26,"PreservedInsect":40,"Omamori":40,"Seething Fire":0,"Frozen Egg 2":2,"Orichalcum":23,"White Beast Statue":13,"Mercury Hourglass":54,"CaptainsWheel":47,"Ornamental Fan":48,"Bloody Idol":22,"Orrery":4,"HolyWater":34,"Turnip":0,"Coffee Dripper":17,"Art of War":0,"Bag of Marbles":14,"Bottled Lightning":9,"Membership Card":0,"PureWater":0,"TungstenRod":46,"Toy Ornithopter":54,"FossilizedHelix":38},{"Ice Cream":82,"Tiny House":93,"Gremlin Horn":57,"Vajra":21,"Hammer of Thor":0,"Ginger":4,"Bottled Tornado":72,"Boot":99,"Old Coin":21,"MarkedMod:AcupunctureKit":66,"Sozu":43,"Blood Vial":52,"Centennial Puzzle":89,"Sundial":41,"DollysMirror":52,"Strawberry":66,"Prayer Wheel":88,"Toxic Egg 2":10,"Pear":16,"Happy Flower":19,"Astrolabe":108,"Oddly Smooth Stone":30,"Eternal Feather":51,"Pen Nib":26,"Letter Opener":5,"War Paint":64,"Question Card":19,"Akabeko":72,"SlaversCollar":9,"OrangePellets":47,"Anvil of the Gods":0,"Shuriken":86,"Bronze Scales":88,"Molten Egg 2":19,"Black Star":15,"StrikeDummy":22,"Meat on the Bone":26,"Pocketwatch":48,"Darkstone Periapt":98,"Regal Pillow":49,"Lantern":134,"Singing Bowl":40,"Melange":26,"Mango":3,"Yang":25,"Incense Burner":76,"Juzu Bracelet":78,"TeardropLocket":47,"Ancient Tea Set":63,"Smiling Mask":113,"ClockworkSouvenir":76,"Frozen Eye":61,"SsserpentHead":114,"Nunchaku":39,"Shovel":12,"TheAbacus":26,"Matryoshka":105,"Mummified Hand":11,"Pantograph":26,"Gambling Chip":78,"Tiny Chest":59,"WingedGreaves":52,"Red Mask":91,"Chemical X":68,"InkBottle":62,"NeowsBlessing":0,"Golden Idol":104,"Damaru":22,"Thread and Needle":39,"PreservedInsect":46,"Omamori":71,"Seething Fire":0,"Frozen Egg 2":53,"Orichalcum":138,"White Beast Statue":8,"Mercury Hourglass":77,"CaptainsWheel":74,"Ornamental Fan":75,"Bloody Idol":87,"Orrery":28,"HolyWater":142,"Turnip":125,"Coffee Dripper":60,"Art of War":78,"Bag of Marbles":84,"Bottled Lightning":31,"Membership Card":52,"PureWater":0,"TungstenRod":21,"Toy Ornithopter":25,"FossilizedHelix":96},{"Ice Cream":341,"Tiny House":391,"Gremlin Horn":238,"Vajra":74,"Hammer of Thor":0,"Ginger":7,"Bottled Tornado":302,"Boot":418,"Old Coin":74,"MarkedMod:AcupunctureKit":277,"Sozu":187,"Blood Vial":220,"Centennial Puzzle":372,"Sundial":177,"DollysMirror":220,"Strawberry":277,"Prayer Wheel":369,"Toxic Egg 2":33,"Pear":58,"Happy Flower":67,"Astrolabe":455,"Oddly Smooth Stone":128,"Eternal Feather":216,"Pen Nib":103,"Letter Opener":10,"War Paint":271,"Question Card":67,"Akabeko":302,"SlaversCollar":29,"OrangePellets":201,"Anvil of the Gods":0,"Shuriken":357,"Bronze Scales":369,"Molten Egg 2":67,"Black Star":55,"StrikeDummy":79,"Meat on the Bone":103,"Pocketwatch":203,"Darkstone Periapt":415,"Regal Pillow":206,"Lantern":565,"Singing Bowl":173,"Melange":103,"Mango":4,"Yang":96,"Incense Burner":317,"Juzu Bracelet":325,"TeardropLocket":201,"Ancient Tea Set":266,"Smiling Mask":474,"ClockworkSouvenir":317,"Frozen Eye":255,"SsserpentHead":478,"Nunchaku":169,"Shovel":41,"TheAbacus":103,"Matryoshka":443,"Mummified Hand":37,"Pantograph":103,"Gambling Chip":325,"Tiny Chest":246,"WingedGreaves":220,"Red Mask":381,"Chemical X":286,"InkBottle":261,"NeowsBlessing":0,"Golden Idol":439,"Damaru":79,"Thread and Needle":169,"PreservedInsect":197,"Omamori":298,"Seething Fire":0,"Frozen Egg 2":224,"Orichalcum":587,"White Beast Statue":21,"Mercury Hourglass":320,"CaptainsWheel":308,"Ornamental Fan":312,"Bloody Idol":361,"Orrery":115,"HolyWater":615,"Turnip":522,"Coffee Dripper":251,"Art of War":325,"Bag of Marbles":347,"Bottled Lightning":137,"Membership Card":220,"PureWater":0,"TungstenRod":74,"Toy Ornithopter":96,"FossilizedHelix":404}]},"card_choices":[{"not_picked":["WreathOfFlame","Prostrate"],"picked":"EmptyBody","floor":1},{"not_picked":["CutThroughFate+1","Consecrate+1"],"picked":"MarkedMod:PinPointDefense","floor":2},{"not_picked":["FearNoEvil+1","CutThroughFate+1"],"picked":"MarkedMod:PinPointDefense","floor":3},{"not_picked":["SignatureMove+1","Swivel"],"picked":"Protect","floor":4},{"not_picked":["Pray","Halt","Swivel"],"picked":"SKIP","floor":6},{"not_picked":["BowlingBash+1","Adaptation"],"picked":"LikeWater","floor":7},{"not_picked":["ClearTheMind","FlyingSleeves+1"],"picked":"MarkedMod:ChiBlock","floor":10},{"not_picked":["Collect","Consecrate+1","Adaptation"],"picked":"SKIP","floor":11},{"not_picked":["EmptyBody","FlurryOfBlows+1","Adaptation"],"picked":"SKIP","floor":12},{"not_picked":["Alpha","MarkedMod:SlowDance"],"picked":"SpiritShield","floor":16},{"not_picked":["Prostrate","EmptyFist+1"],"picked":"ThirdEye","floor":18},{"not_picked":["Sanctity","Vengeance","BowlingBash+1"],"picked":"SKIP","floor":18},{"not_picked":["Prostrate","FlurryOfBlows+1"],"picked":"SignatureMove+1","floor":21},{"not_picked":["SashWhip+1","FlurryOfBlows+1","Consecrate+1"],"picked":"SKIP","floor":21},{"not_picked":["Tantrum+1","Vengeance"],"picked":"MasterReality","floor":23},{"not_picked":["Crescendo","ThirdEye"],"picked":"Study","floor":27},{"not_picked":["EmptyFist+1","ThirdEye","ClearTheMind+1"],"picked":"Singing Bowl","floor":27},{"not_picked":["FearNoEvil+1","Wallop+1","FlyingSleeves+1"],"picked":"MarkedMod:PinPointDefense","floor":29},{"not_picked":["Crescendo","FollowUp+1","SignatureMove+1","Sanctity+1"],"picked":"Singing Bowl","floor":29},{"not_picked":["FollowUp+1","ThirdEye","Wireheading"],"picked":"Evaluate+1","floor":30},{"not_picked":["DevaForm","ThirdEye","WheelKick+1","Vengeance"],"picked":"Singing Bowl","floor":30},{"not_picked":["MarkedMod:ChiBlock","Wish","LessonLearned+1"],"picked":"MarkedMod:SlowDance","floor":33},{"not_picked":["Halt+1","MentalFortress+1","SashWhip+1"],"picked":"PathToVictory+1","floor":35},{"not_picked":["Weave+1","ClearTheMind+1","EmptyBody+1","Protect"],"picked":"Singing Bowl","floor":35},{"not_picked":["SandsOfTime+1","Halt","SashWhip+1"],"picked":"MarkedMod:Acupuncture+1","floor":38},{"not_picked":["ClearTheMind","TalkToTheHand+1","ForeignInfluence","EmptyMind+1"],"picked":"Singing Bowl","floor":38},{"not_picked":["MarkedMod:GentlePulse","WaveOfTheHand","Crescendo+1"],"picked":"MarkedMod:GracefulMovements+1","floor":41},{"not_picked":["Halt+1","Weave+1","Prostrate","Conclude+1"],"picked":"Singing Bowl","floor":41},{"not_picked":["Vengeance+1","Crescendo","InnerPeace+1"],"picked":"Meditate+1","floor":42},{"not_picked":["Consecrate+1","CarveReality+1","MarkedMod:FirstStrike+1"],"picked":"Evaluate+1","floor":42}],"player_experience":289663,"relics_obtained":[{"floor":6,"key":"Regal Pillow"},{"floor":9,"key":"Tiny Chest"},{"floor":23,"key":"Boot"},{"floor":23,"key":"Orichalcum"},{"floor":26,"key":"Singing Bowl"},{"floor":39,"key":"Bag of Marbles"},{"floor":43,"key":"Pear"}],"event_choices":[{"damage_healed":4,"gold_gain":0,"player_choice":"LEAVE ","damage_taken":0,"relics_obtained":[],"max_hp_gain":0,"max_hp_loss":0,"event_name":"betterSkull:BetterSkull","floor":5,"gold_loss":0,"cards_upgraded":[]},{"damage_healed":0,"gold_gain":175,"player_choice":"AGREE","damage_taken":206,"max_hp_gain":0,"max_hp_loss":0,"event_name":"betterThird:BetterSerpent","floor":8,"gold_loss":0},{"damage_healed":0,"gold_gain":0,"player_choice":"Got Potions","damage_taken":0,"max_hp_gain":0,"max_hp_loss":0,"event_name":"Lab","floor":19,"gold_loss":0},{"cards_removed":["Sadistic Nature"],"damage_healed":0,"gold_gain":0,"player_choice":"Give","damage_taken":0,"max_hp_gain":0,"max_hp_loss":0,"event_name":"betterNote:BetterNote","floor":22,"gold_loss":0,"cards_obtained":["Establishment"]},{"damage_healed":0,"gold_gain":0,"player_choice":"Opened","damage_taken":0,"relics_obtained":["Question Card"],"max_hp_gain":0,"max_hp_loss":0,"event_name":"The Mausoleum","floor":28,"gold_loss":0,"cards_obtained":["Writhe"]},{"damage_healed":0,"gold_gain":0,"cards_transformed":["Writhe","Defend_P"],"player_choice":"Became Test Subject","damage_taken":0,"max_hp_gain":0,"max_hp_loss":0,"event_name":"Drug Dealer","floor":31,"gold_loss":0,"cards_obtained":["Sanctity","MasterReality"]},{"damage_healed":0,"gold_gain":0,"cards_transformed":["MasterReality"],"player_choice":"Transformed","damage_taken":0,"max_hp_gain":0,"max_hp_loss":0,"event_name":"Transmorgrifier","floor":36,"gold_loss":0,"cards_obtained":["WaveOfTheHand"]}],"is_beta":false,"boss_relics":[{"not_picked":["Ectoplasm","Velvet Choker"],"picked":"Black Star"},{"not_picked":["SacredBark","Runic Dome"],"picked":"HolyWater"}],"items_purged_floors":[0,0,14,20],"is_endless":false,"potions_floor_spawned":[1,6,7,12,16,27,30,35,42],"killed_by":"Writhing Mass","ascension_level":10}}