{"host":"zxkjcgzis4pm3za5","time":1608559401,"event":{"mods":["AchievementEnabler","BaseMod","Colored Map","Colored Powertips","Minty Spire (QoL Compilation)","Quick Restart","RNG Fix","Random Character Button","StSLib"],"gold_per_floor":[212,229,229,179,190,190,216,227,227,227,240,1,28,42,42,138,138,155,170,170,170,95,95,113,113,113],"floor_reached":25,"playtime":1727,"items_purged":[],"score":334,"play_id":"212d4ef5-1dff-41a1-a653-bc857c30d9da","local_time":"20201221193321","is_ascension_mode":true,"campfire_choices":[{"data":"Uppercut","floor":6,"key":"SMITH"},{"data":"Inflame","floor":10,"key":"SMITH"},{"data":"Flame Barrier","floor":15,"key":"SMITH"},{"data":"Heavy Blade","floor":23,"key":"SMITH"}],"circlet_count":0,"master_deck":["Defend_R","Defend_R","Defend_R","Defend_R","Bash","Uppercut+1","Cleave","Inflame+1","Flame Barrier+1","Iron Wave","Twin Strike","Fire Breathing+1","Demon Form+1","Heavy Blade+1","Bite","Bite","Bite","Bite","Bite"],"relics":["Burning Blood","Bronze Scales","Letter Opener","Mummified Hand","Frozen Egg 2","SlaversCollar"],"acts_visited":["Exordium","TheCity"],"potions_floor_usage":[7,19,25],"damage_taken":[{"damage":10,"enemies":"Cultist","floor":1,"turns":5},{"damage":2,"enemies":"Jaw Worm","floor":2,"turns":4},{"damage":0,"enemies":"2 Louse","floor":5,"turns":2},{"damage":26,"enemies":"Gremlin Nob","floor":7,"turns":4},{"damage":0,"enemies":"Large Slime","floor":8,"turns":4},{"damage":7,"enemies":"Exordium Thugs","floor":11,"turns":4},{"damage":20,"enemies":"Lagavulin","floor":13,"turns":5},{"damage":2,"enemies":"3 Louse","floor":14,"turns":3},{"damage":32,"enemies":"The Guardian","floor":16,"turns":12},{"damage":23,"enemies":"2 Thieves","floor":18,"turns":3},{"damage":12,"enemies":"3 Byrds","floor":19,"turns":3},{"damage":45,"enemies":"Shelled Parasite and Fungi","floor":24,"turns":6},{"damage":28,"enemies":"Book of Stabbing","floor":25,"turns":5}],"seed_played":"5557716914026150847","potions_obtained":[{"floor":5,"key":"Weak Potion"},{"floor":8,"key":"SpeedPotion"},{"floor":11,"key":"Explosive Potion"},{"floor":18,"key":"Ancient Potion"}],"is_trial":false,"path_per_floor":["M","M","?","?","M","R","E","M","T","R","M","$","E","M","R","B",null,"M","M","?","?","?","R","M","E"],"character_chosen":"IRONCLAD","items_purchased":["Mummified Hand"],"campfire_rested":0,"item_purchase_floors":[12],"current_hp_per_floor":[68,72,72,72,78,78,58,64,64,64,63,63,49,53,53,27,67,50,44,44,44,44,44,15,0,0],"gold":113,"neow_bonus":"HUNDRED_GOLD","is_daily":false,"chose_seed":false,"campfire_upgraded":4,"win_rate":0.0,"timestamp":1608559401,"path_taken":["M","M","?","?","M","R","E","?","T","R","M","$","E","M","R","BOSS","M","M","?","?","?","R","?","E"],"items_purchased_type":["Relic"],"build_version":"2020-12-13","purchased_purges":0,"victory":false,"max_hp_per_floor":[80,80,80,80,80,80,80,80,80,80,80,80,80,80,80,80,80,80,80,80,56,56,56,56,56,56],"card_choices":[{"not_picked":["Sword Boomerang","Anger"],"picked":"Uppercut","floor":1},{"not_picked":["Body Slam","Heavy Blade"],"picked":"Carnage","floor":2},{"not_picked":["Wild Strike","Body Slam"],"picked":"Cleave","floor":5},{"not_picked":["Warcry","Anger"],"picked":"Inflame","floor":7},{"not_picked":["Heavy Blade","Armaments"],"picked":"Flame Barrier","floor":8},{"not_picked":["Burning Pact","Clash"],"picked":"Iron Wave","floor":11},{"not_picked":["Dropkick","Headbutt"],"picked":"Twin Strike","floor":13},{"not_picked":["Exhume","Heavy Blade"],"picked":"Fire Breathing+1","floor":14},{"not_picked":["Bludgeon","Reaper"],"picked":"Demon Form+1","floor":16},{"not_picked":["Body Slam","Headbutt","Warcry"],"picked":"SKIP","floor":18},{"not_picked":["True Grit","Clash"],"picked":"Heavy Blade","floor":19},{"not_picked":["Sever Soul","Entrench+1","Sentinel"],"picked":"SKIP","floor":24}],"player_experience":123009,"relics_obtained":[{"floor":7,"key":"Bronze Scales"},{"floor":9,"key":"Letter Opener"},{"floor":13,"key":"Frozen Egg 2"}],"event_choices":[{"damage_healed":0,"gold_gain":0,"player_choice":"Cursed","damage_taken":0,"max_hp_gain":0,"max_hp_loss":0,"event_name":"Wheel of Change","floor":3,"gold_loss":0,"cards_obtained":["Decay"]},{"cards_removed":["Decay"],"damage_healed":0,"gold_gain":0,"player_choice":"Card Removal","damage_taken":0,"max_hp_gain":0,"max_hp_loss":0,"event_name":"The Cleric","floor":4,"gold_loss":50},{"damage_healed":0,"gold_gain":0,"player_choice":"Ignored","damage_taken":0,"max_hp_gain":0,"max_hp_loss":0,"event_name":"N\u0027loth","floor":20,"gold_loss":0},{"damage_healed":0,"gold_gain":0,"player_choice":"Became a vampire","damage_taken":0,"max_hp_gain":0,"max_hp_loss":24,"event_name":"Vampires","floor":21,"gold_loss":0,"cards_obtained":["Bite","Bite","Bite","Bite","Bite"]},{"cards_removed":["Carnage"],"damage_healed":0,"gold_gain":0,"player_choice":"Gave Gold","damage_taken":0,"max_hp_gain":0,"max_hp_loss":0,"event_name":"Beggar","floor":22,"gold_loss":75}],"is_beta":false,"boss_relics":[{"not_picked":["Philosopher\u0027s Stone","Busted Crown"],"picked":"SlaversCollar"}],"items_purged_floors":[],"is_endless":false,"potions_floor_spawned":[5,8,11,18],"killed_by":"Book of Stabbing","ascension_level":9}}