{"host":"12","time":1608565983,"event":{"mods":["Act Like it!","BaseMod","Colored Powertips","Minty Spire (QoL Compilation)","StSLib","【功能Mod】混沌之环修复补丁"],"gold_per_floor":[112,262,8,19,39,39,39,39,39,39,73,73,85,112,112,184,184,199,218,62,74,124,124,124,124,151,186,186,203,214,246,246,323,323,340,359,376,276,301,329,329,362,413,464,489,515,515,307,307,307,307,307,307,204,229,229],"floor_reached":57,"playtime":3429,"items_purged":["Doubt","Cleave","Cleave","Bash"],"score":2978,"play_id":"01e97928-5c66-4a14-8afd-16471217e16e","local_time":"20201221235303","is_ascension_mode":true,"campfire_choices":[{"data":"Feed","floor":6.0,"key":"SMITH"},{"data":"Havoc","floor":8.0,"key":"SMITH"},{"floor":10.0,"key":"REST"},{"data":"Rage","floor":12.0,"key":"SMITH"},{"floor":15.0,"key":"REST"},{"data":"Armaments","floor":23.0,"key":"SMITH"},{"floor":25.0,"key":"REST"},{"data":"Dual Wield","floor":28.0,"key":"SMITH"},{"data":"Offering","floor":32.0,"key":"SMITH"},{"data":"Bloodletting","floor":41.0,"key":"SMITH"},{"data":"Limit Break","floor":47.0,"key":"SMITH"},{"floor":49.0,"key":"RECALL"},{"data":"Inflame","floor":53,"key":"SMITH"}],"circlet_count":0,"master_deck":["AscendersBane","Limit Break+1","Dual Wield+1","Shrug It Off","Exhume","Havoc+1","Offering+1","Berserk","Dark Embrace","Whirlwind+1","Feed+1","Rage+1","Battle Trance","Barricade","Armaments+1","Disarm","Inflame+1","Seeing Red","Fiend Fire","Reaper","Second Wind","Exhume","Bloodletting+1","Feel No Pain","Feel No Pain"],"relics":["Pandora\u0027s Box","Chemical X","Vajra","Meat on the Bone","Runic Cube","Nunchaku","Tiny Chest","WingedGreaves","Coffee Dripper","Magic Flower","StrikeDummy","Smiling Mask","Red Skull","Gambling Chip","Lantern","Bronze Scales","Centennial Puzzle","Mummified Hand"],"acts_visited":["Exordium","TheCity","TheBeyond","TheEnding"],"potions_floor_usage":[56],"damage_taken":[{"damage":7.0,"enemies":"Cultist","floor":1.0,"turns":3.0},{"damage":0.0,"enemies":"Small Slimes","floor":4.0,"turns":2.0},{"damage":16.0,"enemies":"Jaw Worm","floor":5.0,"turns":3.0},{"damage":36.0,"enemies":"Lagavulin","floor":11.0,"turns":6.0},{"damage":20.0,"enemies":"3 Louse","floor":13.0,"turns":3.0},{"damage":18.0,"enemies":"Gremlin Nob","floor":14.0,"turns":3.0},{"damage":30.0,"enemies":"The Guardian","floor":16.0,"turns":6.0},{"damage":26.0,"enemies":"2 Thieves","floor":18.0,"turns":3.0},{"damage":15.0,"enemies":"3 Byrds","floor":19.0,"turns":3.0},{"damage":39.0,"enemies":"Snecko","floor":21.0,"turns":5.0},{"damage":41.0,"enemies":"Gremlin Leader","floor":27.0,"turns":4.0},{"damage":30.0,"enemies":"Shelled Parasite and Fungi","floor":29.0,"turns":5.0},{"damage":16.0,"enemies":"Cultist and Chosen","floor":30.0,"turns":4.0},{"damage":18.0,"enemies":"Book of Stabbing","floor":31.0,"turns":4.0},{"damage":31.0,"enemies":"Automaton","floor":33.0,"turns":6.0},{"damage":65.0,"enemies":"3 Darklings","floor":35.0,"turns":5.0},{"damage":68.0,"enemies":"3 Shapes","floor":36.0,"turns":5.0},{"damage":115.0,"enemies":"Transient","floor":37.0,"turns":6.0},{"damage":14.0,"enemies":"Mind Bloom Boss Battle","floor":39.0,"turns":5.0},{"damage":39.0,"enemies":"Giant Head","floor":40.0,"turns":5.0},{"damage":53.0,"enemies":"Reptomancer","floor":42.0,"turns":6.0},{"damage":67.0,"enemies":"2 Orb Walkers","floor":44.0,"turns":4.0},{"damage":39.0,"enemies":"Giant Head","floor":45.0,"turns":5.0},{"damage":24.0,"enemies":"Nemesis","floor":46.0,"turns":3.0},{"damage":57,"enemies":"Awakened One","floor":50,"turns":5},{"damage":49,"enemies":"Donu and Deca","floor":51,"turns":5},{"damage":67,"enemies":"Shield and Spear","floor":55,"turns":3},{"damage":36,"enemies":"The Heart","floor":56,"turns":7}],"seed_played":"-3180318614186576210","potions_obtained":[{"floor":1.0,"key":"Swift Potion"},{"floor":5.0,"key":"LiquidBronze"},{"floor":16.0,"key":"SpeedPotion"},{"floor":27.0,"key":"Explosive Potion"},{"floor":35.0,"key":"FearPotion"},{"floor":36.0,"key":"ElixirPotion"},{"floor":40.0,"key":"Energy Potion"}],"is_trial":false,"path_per_floor":["M","?","$","M","M","R","?","R","T","R","E","R","M","E","R","B",null,"M","M","$","M","?","R","?","R","T","E","R","M","M","E","R","B",null,"M","M","M","$","?","E","R","E","T","?","E","E","R","$","R","B","B",null,"R","$","E","B",null],"character_chosen":"IRONCLAD","items_purchased":["Whirlwind","Chemical X","Inflame","Centennial Puzzle","ColorlessPotion"],"campfire_rested":3,"item_purchase_floors":[3,3,20,48,54],"current_hp_per_floor":[61,61,61,61,48,48,48,48,48,71,39,39,27,13,41,27,80,62,71,71,48,48,48,48,84,84,55,55,41,41,39,39,20,106,115,86,53,53,101,158,158,162,162,166,154,174,174,174,174,162,134,176,176,176,172,202],"gold":229,"neow_bonus":"BOSS_RELIC","is_daily":false,"chose_seed":false,"campfire_upgraded":9,"win_rate":0.0,"timestamp":1608565983,"path_taken":["M","?","$","M","M","R","?","R","T","R","E","R","M","E","R","BOSS","M","M","$","M","?","R","?","R","T","E","R","?","M","E","R","BOSS","M","M","M","$","?","E","R","E","T","?","E","E","R","$","R","BOSS","BOSS","R","$","E","BOSS"],"items_purchased_type":["Card","Relic","Card","Relic","Potion"],"build_version":"2020-12-18","purchased_purges":4,"victory":true,"max_hp_per_floor":[75,75,75,75,78,78,78,78,78,78,82,82,90,94,94,98,98,106,118,118,122,122,122,122,122,122,122,122,126,130,134,134,134,134,138,150,150,150,154,158,158,162,162,166,170,174,174,174,174,186,190,190,190,190,198,202],"card_choices":[{"not_picked":["Uppercut","Anger"],"picked":"Dark Embrace","floor":1.0},{"not_picked":["Clothesline","Warcry"],"picked":"Feed","floor":4.0},{"not_picked":["Rampage","Sword Boomerang","Warcry"],"picked":"SKIP","floor":5.0},{"not_picked":["Pommel Strike","Dropkick"],"picked":"Rage","floor":11.0},{"not_picked":["Twin Strike","Anger"],"picked":"Battle Trance","floor":13.0},{"not_picked":["Combust","Clothesline","Sever Soul"],"picked":"SKIP","floor":14.0},{"not_picked":["Combust","Clothesline","Sever Soul"],"picked":"SKIP","floor":14.0},{"not_picked":["Immolate","Offering"],"picked":"Barricade","floor":16.0},{"not_picked":["Sentinel","Pummel"],"picked":"Armaments","floor":18.0},{"not_picked":["Thunderclap","Armaments"],"picked":"Disarm","floor":19.0},{"not_picked":["Clothesline","Infernal Blade","Iron Wave"],"picked":"SKIP","floor":21.0},{"not_picked":["Wild Strike","Body Slam"],"picked":"Seeing Red","floor":27.0},{"not_picked":["Inflame","Iron Wave","Evolve"],"picked":"SKIP","floor":29.0},{"not_picked":["Warcry+1","Shrug It Off"],"picked":"Fiend Fire","floor":30.0},{"not_picked":["Flex","Uppercut+1","Pommel Strike"],"picked":"SKIP","floor":31.0},{"not_picked":["Double Tap","Brutality"],"picked":"Reaper","floor":33.0},{"not_picked":["Inflame+1","Rampage","Headbutt"],"picked":"SKIP","floor":35.0},{"not_picked":["Headbutt","Cleave"],"picked":"Second Wind","floor":36.0},{"not_picked":["Fire Breathing+1","Cleave","Carnage"],"picked":"SKIP","floor":37.0},{"not_picked":["Flame Barrier","Perfected Strike"],"picked":"Exhume","floor":39.0},{"not_picked":["Hemokinesis+1","Shrug It Off"],"picked":"Bloodletting","floor":40.0},{"not_picked":["Sever Soul+1","Dual Wield","Whirlwind"],"picked":"SKIP","floor":42.0},{"not_picked":["True Grit","Havoc+1"],"picked":"Feel No Pain","floor":44.0},{"not_picked":["Evolve","True Grit","Feel No Pain"],"picked":"SKIP","floor":45.0},{"not_picked":["Thunderclap+1","Twin Strike","Dual Wield"],"picked":"SKIP","floor":46.0},{"not_picked":["Carnage+1","Heavy Blade"],"picked":"Feel No Pain","floor":55}],"player_experience":554543,"relics_obtained":[{"floor":11.0,"key":"Vajra"},{"floor":14.0,"key":"Meat on the Bone"},{"floor":26.0,"key":"Nunchaku"},{"floor":27.0,"key":"Tiny Chest"},{"floor":31.0,"key":"WingedGreaves"},{"floor":39.0,"key":"Magic Flower"},{"floor":40.0,"key":"StrikeDummy"},{"floor":42.0,"key":"Smiling Mask"},{"floor":43.0,"key":"Red Skull"},{"floor":44.0,"key":"Gambling Chip"},{"floor":45.0,"key":"Lantern"},{"floor":46.0,"key":"Bronze Scales"},{"floor":55,"key":"Mummified Hand"}],"event_choices":[{"damage_healed":0.0,"max_hp_gain":0.0,"max_hp_loss":0.0,"gold_gain":150.0,"event_name":"Liars Game","player_choice":"AGREE","floor":2.0,"gold_loss":0.0,"damage_taken":0.0,"cards_obtained":["Doubt"]},{"damage_healed":0.0,"max_hp_gain":0.0,"max_hp_loss":0.0,"gold_gain":0.0,"event_name":"Living Wall","player_choice":"Grow","floor":7.0,"gold_loss":0.0,"damage_taken":0.0,"cards_upgraded":["Whirlwind"]},{"damage_healed":0.0,"max_hp_gain":0.0,"max_hp_loss":0.0,"gold_gain":50.0,"event_name":"Nest","player_choice":"Stole From Cult","floor":22.0,"gold_loss":0.0,"damage_taken":0.0},{"damage_healed":0.0,"max_hp_gain":0.0,"max_hp_loss":0.0,"gold_gain":0.0,"event_name":"The Mausoleum","player_choice":"Ignored","floor":24.0,"gold_loss":0.0,"damage_taken":0.0},{"damage_healed":0.0,"max_hp_gain":0.0,"max_hp_loss":0.0,"gold_gain":0.0,"event_name":"MindBloom","player_choice":"Fight","floor":39.0,"gold_loss":0.0,"damage_taken":0.0},{"damage_healed":0.0,"max_hp_gain":0.0,"max_hp_loss":0.0,"gold_gain":0.0,"event_name":"Mysterious Sphere","player_choice":"Fight","floor":44.0,"gold_loss":0.0,"damage_taken":0.0}],"is_beta":true,"boss_relics":[{"not_picked":["Astrolabe","Empty Cage"],"picked":"Runic Cube"},{"not_picked":["Runic Dome","Sozu"],"picked":"Coffee Dripper"}],"items_purged_floors":[20,38,48,54],"is_endless":false,"potions_floor_spawned":[1,5,11,16,21,27,29,33,35,36,40,46],"ascension_level":20}}