{"host":"mqhvlr3kpxebko0t","time":1608518847,"event":{"mods":["AchievementEnabler","BaseMod","Colored Map","Colored Powertips","Keyboard Shortcuts","Minty Spire (QoL Compilation)","StSLib","SuperFastMode"],"gold_per_floor":[111,261,278,51,51,78,78,78,101,101,111,129,129,129],"floor_reached":13,"playtime":123,"items_purged":["Doubt"],"score":189,"play_id":"d601a8f6-aeb9-4af8-89e2-9583bcd5998a","local_time":"20201221114727","is_ascension_mode":true,"campfire_choices":[{"data":"Chaos","floor":7,"key":"SMITH"},{"data":"Zap","floor":10,"key":"SMITH"}],"circlet_count":0,"master_deck":["AscendersBane","Strike_B","Strike_B","Strike_B","Defend_B","Defend_B","Defend_B","Defend_B","Zap+1","Dualcast","Chaos+1","Compile Driver","Self Repair","Coolheaded","Conserve Battery","Ball Lightning","Capacitor","Recycle"],"relics":["Cracked Core","NeowsBlessing","Pear","MealTicket","Potion Belt"],"acts_visited":["Exordium"],"potions_floor_usage":[12],"damage_taken":[{"damage":0,"enemies":"Jaw Worm","floor":1,"turns":1},{"damage":8,"enemies":"2 Louse","floor":3,"turns":2},{"damage":0,"enemies":"Lagavulin","floor":6,"turns":1},{"damage":0,"enemies":"Small Slimes","floor":11,"turns":2},{"damage":34,"enemies":"Gremlin Gang","floor":12,"turns":5},{"damage":0,"enemies":"3 Sentries","floor":13,"turns":1}],"seed_played":"-4842994437311205923","potions_obtained":[{"floor":1,"key":"LiquidMemories"},{"floor":11,"key":"BlessingOfTheForge"},{"floor":12,"key":"EssenceOfSteel"}],"is_trial":false,"path_per_floor":["M","?","M","$","?","E","R","?","T","R","M","M","E"],"character_chosen":"DEFECT","items_purchased":["Self Repair","Coolheaded","Conserve Battery"],"campfire_rested":0,"item_purchase_floors":[4,4,4],"current_hp_per_floor":[64,64,56,56,61,61,61,61,61,61,68,41,41,41],"gold":129,"neow_bonus":"THREE_ENEMY_KILL","is_daily":false,"chose_seed":false,"campfire_upgraded":2,"win_rate":0.0,"timestamp":1608518847,"path_taken":["M","?","M","$","?","E","R","?","T","R","?","M","E"],"items_purchased_type":["Card","Card","Card"],"build_version":"2020-12-13","purchased_purges":1,"victory":false,"max_hp_per_floor":[71,71,71,71,81,81,81,81,81,81,81,81,81,81],"card_choices":[{"not_picked":["Auto Shields","Static Discharge"],"picked":"Chaos","floor":1},{"not_picked":["Go for the Eyes","Streamline"],"picked":"Compile Driver","floor":3},{"not_picked":["Rip and Tear","Hello World"],"picked":"Ball Lightning","floor":6},{"not_picked":["Rebound","Lockon"],"picked":"Capacitor","floor":11},{"not_picked":["Compile Driver","Rebound"],"picked":"Recycle","floor":12}],"player_experience":666301,"relics_obtained":[{"floor":6,"key":"MealTicket"},{"floor":9,"key":"Potion Belt"}],"event_choices":[{"damage_healed":0,"gold_gain":150,"player_choice":"AGREE","damage_taken":0,"max_hp_gain":0,"max_hp_loss":0,"event_name":"Liars Game","floor":2,"gold_loss":0,"cards_obtained":["Doubt"]},{"damage_healed":0,"gold_gain":0,"player_choice":"Success","damage_taken":5,"relics_obtained":["Pear"],"max_hp_gain":0,"max_hp_loss":0,"event_name":"Scrap Ooze","floor":5,"gold_loss":0},{"cards_removed":["Strike_B"],"damage_healed":0,"gold_gain":0,"player_choice":"Card Removal","damage_taken":0,"max_hp_gain":0,"max_hp_loss":0,"event_name":"Wheel of Change","floor":8,"gold_loss":0}],"is_beta":false,"boss_relics":[],"items_purged_floors":[4],"is_endless":false,"potions_floor_spawned":[1,11,12],"killed_by":"3 Sentries","ascension_level":15}}