{"host":"f7rb14kzcw8hx1r1","time":1608585308,"event":{"mods":["BaseMod","Better Note","Better Third Choice","Colored Map","Highlight Path","Hubris","Minty Spire (QoL Compilation)","Replay The Spire","StSLib"],"gold_per_floor":[116,116,116,132,146,190,190,214,214,251,265,44,44,70,70,184,184,204,104,113,113,133,168,168,193,269,313,388,403,403,423,423,423,423],"floor_reached":33,"playtime":1440,"items_purged":["Strike_R","Strike_R"],"score":297,"play_id":"1cb74a9b-1a2b-413c-bf93-50d755010b98","local_time":"20201221221508","is_ascension_mode":false,"campfire_choices":[{"data":"Armaments","floor":7,"key":"SMITH"},{"data":"Bash","floor":13,"key":"SMITH"},{"data":"Body Slam","floor":15,"key":"SMITH"},{"data":"Adrenaline","floor":24,"key":"SMITH"},{"data":"Limit Break","floor":30,"key":"SMITH"},{"data":"hubris:StunningStrike","floor":32,"key":"SMITH"}],"circlet_count":0,"master_deck":["Strike_R","Strike_R","Defend_R","Defend_R","Defend_R","Defend_R","Bash+1","Blind","Disarm","Iron Wave","Armaments+1","Twin Strike","Offering","Body Slam+1","Heavy Blade","Limit Break+1","Sword Boomerang","Adrenaline+1","Pummel+1","hubris:StunningStrike+1","ReplayTheSpireMod:Muscle Training","Shrug It Off"],"relics":["Burning Blood","hubris:Towel","CeramicFish","hubris:BottledRain","Replay:Kaleidoscope","Vajra","Philosopher\u0027s Stone","King of Hearts","Frozen Egg 2","Champion Belt"],"acts_visited":["Exordium","TheCity"],"potions_floor_usage":[11,16,27,27,33,33,33],"damage_taken":[{"damage":1,"enemies":"2 Louse","floor":1,"turns":4},{"damage":5,"enemies":"Jaw Worm","floor":4,"turns":8},{"damage":4,"enemies":"Cultist","floor":5,"turns":4},{"damage":48,"enemies":"Lagavulin","floor":6,"turns":12},{"damage":2,"enemies":"Exordium Wildlife","floor":8,"turns":4},{"damage":8,"enemies":"Replay:BlueRogue","floor":10,"turns":10},{"damage":2,"enemies":"2 Fungi Beasts","floor":11,"turns":4},{"damage":4,"enemies":"Red Slaver","floor":14,"turns":4},{"damage":39,"enemies":"Slime Boss","floor":16,"turns":9},{"damage":7,"enemies":"Spheric Guardian","floor":18,"turns":3},{"damage":6,"enemies":"3 Byrds","floor":22,"turns":4},{"damage":19,"enemies":"Book of Stabbing","floor":23,"turns":4},{"damage":11,"enemies":"Shelled Parasite and Fungi","floor":25,"turns":4},{"damage":7,"enemies":"Slavers","floor":27,"turns":5},{"damage":7,"enemies":"Sentry and Sphere","floor":29,"turns":2},{"damage":4,"enemies":"Snake Plant","floor":31,"turns":3},{"damage":59,"enemies":"Automaton","floor":33,"turns":6}],"seed_played":"-8930504089602615066","potions_obtained":[{"floor":1,"key":"Ancient Potion"},{"floor":6,"key":"Milkshake"},{"floor":8,"key":"SkillPotion"},{"floor":16,"key":"Block Potion"},{"floor":23,"key":"Energy Potion"},{"floor":25,"key":"Swift Potion"},{"floor":27,"key":"AttackPotion"},{"floor":31,"key":"CultistPotion"}],"is_trial":false,"path_per_floor":["M","?","?","M","M","E","R","M","T","E","M","$","R","M","R","B",null,"M","$","?","$","M","E","R","M","T","E","?","M","R","M","R","B"],"character_chosen":"IRONCLAD","items_purchased":["Vajra"],"campfire_rested":0,"item_purchase_floors":[12],"current_hp_per_floor":[80,80,73,74,76,34,34,38,38,36,40,40,40,42,42,9,80,79,79,79,79,79,66,66,61,61,60,52,51,51,53,53,0,0],"gold":423,"neow_bonus":"RANDOM_COLORLESS","is_daily":false,"chose_seed":false,"campfire_upgraded":6,"win_rate":0.0,"timestamp":1608585308,"path_taken":["M","?","?","M","M","E","R","M","T","E","?","$","R","M","R","BOSS","M","$","?","$","M","E","R","M","T","E","?","M","R","M","R","BOSS"],"items_purchased_type":["Relic"],"build_version":"2020-12-13","purchased_purges":2,"victory":false,"max_hp_per_floor":[80,80,80,80,80,80,80,80,80,80,80,80,80,80,80,80,80,80,80,80,80,80,80,80,80,80,80,80,80,80,80,80,80,80],"card_choices":[{"not_picked":["Deep Breath","Impatience"],"picked":"Blind","floor":0},{"not_picked":["Sword Boomerang","Sever Soul"],"picked":"Disarm","floor":1},{"not_picked":["Clothesline","Shockwave"],"picked":"Iron Wave","floor":4},{"not_picked":["Double Tap","hubris:ReadiedAction"],"picked":"Armaments","floor":5},{"not_picked":["Life Link","ReplayTheSpireMod:Strike From Hell"],"picked":"Twin Strike","floor":6},{"not_picked":["Dark Embrace","ReplayTheSpireMod:LeadingStrike"],"picked":"Offering","floor":8},{"not_picked":["Sever Soul","Pommel Strike"],"picked":"Body Slam","floor":10},{"not_picked":["Power Through","Warcry","Replay:Undeath\u0027s Touch"],"picked":"SKIP","floor":11},{"not_picked":["Fiend Fire","Evolve"],"picked":"Heavy Blade","floor":14},{"not_picked":["Exhume","Brutality"],"picked":"Limit Break","floor":16},{"not_picked":["Sentinel","Uppercut"],"picked":"Sword Boomerang","floor":18},{"not_picked":["Entrench+1","Blood for Blood"],"picked":"Pummel+1","floor":22},{"not_picked":["Perfected Strike+1","Twin Strike","Heavy Blade"],"picked":"SKIP","floor":23},{"not_picked":["Carnage+1","Uppercut+1"],"picked":"hubris:StunningStrike","floor":25},{"not_picked":["Pommel Strike","Double Tap"],"picked":"ReplayTheSpireMod:Muscle Training","floor":27},{"not_picked":["Clash","Replay:Undeath\u0027s Touch","Heavy Blade"],"picked":"SKIP","floor":29},{"not_picked":["Pommel Strike","Power Through"],"picked":"Shrug It Off","floor":31}],"player_experience":833905,"relics_obtained":[{"floor":6,"key":"CeramicFish"},{"floor":9,"key":"hubris:BottledRain"},{"floor":10,"key":"Replay:Kaleidoscope"},{"floor":23,"key":"King of Hearts"},{"floor":26,"key":"Frozen Egg 2"},{"floor":27,"key":"Champion Belt"}],"event_choices":[{"cards_removed":["Strike_R"],"damage_healed":0,"gold_gain":0,"player_choice":"Card Removal","damage_taken":7,"max_hp_gain":0,"max_hp_loss":0,"event_name":"Golden Wing","floor":3,"gold_loss":0},{"cards_removed":["Body Slam"],"damage_healed":0,"gold_gain":0,"player_choice":"Take \u0026 Give","damage_taken":0,"max_hp_gain":0,"max_hp_loss":0,"event_name":"betterNote:BetterNote","floor":20,"gold_loss":0,"cards_obtained":["Adrenaline"]},{"damage_healed":0,"gold_gain":75,"player_choice":"Touch","damage_taken":8,"max_hp_gain":0,"max_hp_loss":0,"event_name":"FaceTrader","floor":28,"gold_loss":0}],"is_beta":false,"boss_relics":[{"not_picked":["Replay:Bronze Core","Replay:Ancient Bell"],"picked":"Philosopher\u0027s Stone"}],"items_purged_floors":[12,19],"is_endless":false,"potions_floor_spawned":[1,6,8,16,23,25,27,31],"killed_by":"Automaton","ascension_level":0}}