{"host":"cfnmff32z0ky6ioz","time":1608541155,"event":{"mods":["Act Like it!","BaseMod","Colored Powertips","Friendly Minions","Gensokyo","Highlight Path","KinomotoSakuraMod(¤ì¤§¥»?)","Minty Spire (QoL Compilation)","Pale of the Ancients","Quick Restart","Replay The Spire","StSLib","The Animator","The Hierophant","The IronCluck","The Jungle"],"gold_per_floor":[118,138,36,47,62,62,73,73,73,73,91,91,108,143,143,245,245,263,263,263,37,53,53,71,71,71,85,85,85,85,95,95,198,198,217,16,30,30,30,30,30],"floor_reached":40,"playtime":3961,"items_purged":["Eruption"],"score":565,"play_id":"9b5f8cfb-b3c4-4044-9081-df61bcefee02","local_time":"20201221165915","is_ascension_mode":false,"campfire_choices":[{"data":"PathToVictory","floor":6,"key":"SMITH"},{"data":"BowlingBash","floor":10,"key":"SMITH"},{"floor":15,"key":"REST"},{"data":"Replay:LoomingThreat","floor":23,"key":"SMITH"},{"data":"Collect","floor":25,"key":"SMITH"},{"floor":30,"key":"REST"},{"floor":32,"key":"REST"}],"circlet_count":0,"master_deck":["Vigilance","DeusExMachina","PathToVictory","BowlingBash+1","Replay:Cycle+1","ThirdEye","PathToVictory+1","Replay:Cycle","Sanctity","Prostrate","Weave","LikeWater","Good Instincts","Replay:LoomingThreat+1","Replay:DivineShield","DevaForm","Replay:AtTheReady+1","ThirdEye+1","Collect+1","PathToVictory","ForeignInfluence+1","DeusExMachina","CutThroughFate","Tantrum","Conclude","Blasphemy","BowlingBash","PathToVictory+1","Study+1"],"relics":["PureWater","Question Card","GoldenEye","Empty Cage","InkBottle","Strange Spoon","Turnip","Pandora\u0027s Box","Replay:Wax Seal","Art of War"],"acts_visited":["Exordium","TheCity","TheBeyond"],"potions_floor_usage":[7,14,14,29,31,37,40],"damage_taken":[{"damage":0.0,"enemies":"Cultist","floor":1.0,"turns":3.0},{"damage":0,"enemies":"2 Louse","floor":2,"turns":3},{"damage":3,"enemies":"Jaw Worm","floor":4,"turns":3},{"damage":13,"enemies":"Gremlin Gang","floor":5,"turns":5},{"damage":0,"enemies":"Looter","floor":7,"turns":3},{"damage":17,"enemies":"2 Fungi Beasts","floor":11,"turns":3},{"damage":6,"enemies":"Large Slime","floor":13,"turns":6},{"damage":3,"enemies":"3 Sentries","floor":14,"turns":5},{"damage":5,"enemies":"The Guardian","floor":16,"turns":8},{"damage":2,"enemies":"Shell Parasite","floor":18,"turns":6},{"damage":17,"enemies":"Spheric Guardian","floor":22,"turns":6},{"damage":6,"enemies":"Centurion and Healer","floor":24,"turns":7},{"damage":22,"enemies":"Cultist and Chosen","floor":27,"turns":6},{"damage":0,"enemies":"Colosseum Slavers","floor":28,"turns":6},{"damage":0,"enemies":"Sentry and Sphere","floor":29,"turns":1},{"damage":14,"enemies":"Centurion and Healer","floor":31,"turns":7},{"damage":55,"enemies":"Pondfish","floor":33,"turns":9},{"damage":51,"enemies":"3 Darklings","floor":35,"turns":6},{"damage":4,"enemies":"3 Shapes","floor":37,"turns":3},{"damage":27,"enemies":"Writhing Mass","floor":40,"turns":2}],"seed_played":"5239793438699762354","potions_obtained":[{"floor":5,"key":"Fruit Juice"},{"floor":11,"key":"SkillPotion"},{"floor":13,"key":"DistilledChaos"},{"floor":14,"key":"PowerPotion"},{"floor":24,"key":"SmokeBomb"},{"floor":27,"key":"LiquidBronze"},{"floor":33,"key":"SpeedPotion"},{"floor":35,"key":"AttackPotion"}],"is_trial":false,"path_per_floor":["M","M","$","M","M","R","M","?","T","R","M","?","M","E","R","B",null,"M","?","?","$","M","R","M","R","T","M","?","M","R","M","R","B",null,"M","$","M","PTL","PTL","M"],"character_chosen":"WATCHER","items_purchased":["Replay:Cycle+1","ThirdEye","Strange Spoon","Replay:Wax Seal","Art of War"],"campfire_rested":3,"item_purchase_floors":[3,3,21,36,36],"current_hp_per_floor":[72,72,72,69,56,56,61,61,61,61,44,44,38,35,58,53,77,75,75,75,75,58,58,52,52,52,30,30,30,53,39,62,7,77,26,26,22,22,22,0,0],"gold":30,"neow_bonus":"ONE_RANDOM_RARE_CARD","is_daily":false,"chose_seed":false,"campfire_upgraded":4,"win_rate":0.0,"timestamp":1608541155,"path_taken":["M","M","?","M","?","R","?","?","T","R","?","?","?","E","R","BOSS","M","?","?","$","M","R","M","R","T","M","?","M","R","M","R","BOSS","M","$","M","PTL","PTL","M"],"items_purchased_type":["Card","Card","Relic","Relic","Relic"],"build_version":"2020-12-13","purchased_purges":1,"victory":false,"max_hp_per_floor":[72,72,72,72,72,72,77,77,77,77,77,77,77,77,77,77,77,77,77,77,77,77,77,77,77,77,77,77,77,77,77,77,77,77,77,77,77,77,77,77,77],"card_choices":[{"not_picked":["Prostrate","SignatureMove"],"picked":"PathToVictory","floor":1},{"not_picked":["EmptyBody","Replay:BluntJabs"],"picked":"BowlingBash","floor":2},{"not_picked":["CrushJoints","Halt"],"picked":"PathToVictory","floor":4},{"not_picked":["FlyingSleeves","Tantrum"],"picked":"Replay:Cycle","floor":5},{"not_picked":["SashWhip","Replay:ManipulateFuture"],"picked":"Sanctity","floor":7},{"not_picked":["Worship","EmptyBody","MentalFortress"],"picked":"Weave","floor":11},{"not_picked":["EmptyFist","Halt","BattleHymn"],"picked":"Replay:LoomingThreat","floor":13},{"not_picked":["Crescendo","Omniscience","DeceiveReality"],"picked":"Replay:DivineShield","floor":14},{"not_picked":["Establishment","Blasphemy","MasterReality"],"picked":"DevaForm","floor":16},{"not_picked":["FollowUp","Replay:BluntJabs","EmptyMind"],"picked":"Replay:AtTheReady+1","floor":18},{"not_picked":["SignatureMove","Replay:BluntJabs","BowlingBash"],"picked":"ThirdEye+1","floor":22},{"not_picked":["Replay:DivineShield","InnerPeace+1","FearNoEvil"],"picked":"Collect","floor":24},{"not_picked":["Prostrate+1","LessonLearned","Protect"],"picked":"PathToVictory","floor":27},{"not_picked":["Halt","Replay:ManipulateFuture","JustLucky+1"],"picked":"ForeignInfluence+1","floor":31},{"not_picked":["Brilliance","Omniscience","MasterReality"],"picked":"DeusExMachina","floor":33},{"not_picked":["FlyingSleeves+1","WreathOfFlame","SandsOfTime"],"picked":"PathToVictory+1","floor":35},{"not_picked":["ThirdEye+1","CrushJoints","Consecrate"],"picked":"Study+1","floor":37}],"player_experience":335659,"relics_obtained":[{"floor":9,"key":"Question Card"},{"floor":14,"key":"GoldenEye"},{"floor":26,"key":"Turnip"}],"event_choices":[{"damage_healed":0,"gold_gain":0,"cards_transformed":["Strike_P"],"player_choice":"Transformed","damage_taken":0,"max_hp_gain":0,"max_hp_loss":0,"event_name":"Transmorgrifier","floor":8,"gold_loss":0,"cards_obtained":["Prostrate"]},{"damage_healed":0,"gold_gain":0,"player_choice":"2 cards matched","damage_taken":0,"max_hp_gain":0,"max_hp_loss":0,"event_name":"Match and Keep!","floor":12,"gold_loss":0,"cards_obtained":["LikeWater","Good Instincts"]},{"damage_healed":0,"gold_gain":0,"player_choice":"Ignored","damage_taken":0,"max_hp_gain":0,"max_hp_loss":0,"event_name":"Vampires","floor":20,"gold_loss":0},{"damage_healed":0,"gold_gain":0,"player_choice":"Fight","damage_taken":0,"max_hp_gain":0,"max_hp_loss":0,"event_name":"Colosseum","floor":28,"gold_loss":0},{"damage_healed":0,"gold_gain":0,"player_choice":"Fled From Nobs","damage_taken":0,"max_hp_gain":0,"max_hp_loss":0,"event_name":"Colosseum","floor":28,"gold_loss":0}],"is_beta":false,"boss_relics":[{"not_picked":["Ring of Chaos","ChewingGum"],"picked":"Empty Cage"},{"not_picked":["VioletLotus","Replay:Drink Me"],"picked":"Pandora\u0027s Box"}],"items_purged_floors":[21],"is_endless":false,"potions_floor_spawned":[5,11,13,14,24,27,28,33,35],"killed_by":"Writhing Mass","ascension_level":0}}