{"host":"z4j51vjvl4ssilsu","time":1608585731,"event":{"mods":["AchievementEnabler","Act Like it!","Aspiration","BaseMod","Best Route Mod","Bestiary","Better Altar","Better Match","Better Note","Better Sensory Stone","Better Silent Start","Better Skull","Better Synergies","Better Third Choice","Better Vampires","Better-Laid Plans","BetterRewards","Block Reminder","CapriCore","Colored Powertips","Conspire","DeckTracker","Disable Question Mark Monsters","Elementarium","Emptier Cage","Energized Spire","Gensokyo","GifTheSpireLib","Gold Saver","Halation","Hallownest","Hubris","Infinite Spire","Ironclad Rager","Marisa????????","Marked Mod","Minty Spire (QoL Compilation)","MostiFishMod","Permanent Neow","Quick Restart","RRrroohrrRGHHhhh!!","Replay The Spire","SCP261 Mod","SacredBarkPlus","Spicy Shops","StSLib","Stuff the Spire","The Cursed","The Marked","The Servant 0.9.4","Transform Curses","Unceasing Turn Reminder"],"gold_per_floor":[1692,1708,568,568,568,568,598,614,614,614,631,631,103,29,29,134,134,148,167,167,183,183,183,286,286,312,323,323,350,350,370,370,370,370],"floor_reached":33,"playtime":3471,"items_purged":["Pain","Doubt"],"score":338,"play_id":"1c577dbd-e8da-4035-b8f5-da1d063e5d30","local_time":"20201221182211","is_ascension_mode":false,"campfire_choices":[{"data":"StuffTheSpire:Ambrosia","floor":6,"key":"SMITH"},{"data":"Mayhem","floor":10,"key":"SMITH"},{"data":"theMarked:WardOff","floor":12,"key":"SMITH"},{"floor":23,"key":"REST"},{"floor":25,"key":"REST"},{"floor":32,"key":"REST"}],"circlet_count":0,"master_deck":["theMarked:SoldierOfQuellstein+1","theMarked:ElectricStrings","theMarked:ElectricStrings","theMarked:EmpowerWeapon","theMarked:PowerFlow","theMarked:Electrify","theMarked:ResourceFulStrike","theMarked:WardOff+1","theMarked:KeepCalmAndFightOn+1","theMarked:Opportunist+1","theMarked:RepellingDischarge+1","theMarked:ComboAttacks+1","theMarked:Static","Finesse","Mayhem+1","StuffTheSpire:Ambrosia+1","theMarked:TwofoldDefense","theMarked:RogueSparks","theMarked:Electrocute","theMarked:BindingBlade+1","CurseOfTheBell","theMarked:ChainLightning","theMarked:MysticalArsenal","theMarked:TwofoldDefense","theMarked:TurnInvisible+1","ReplayTheSpireMod:Faulty Equipment","hubris:Fate","theMarked:ContemptForTheProud+1","theMarked:Overcharge","theMarked:Overcharge","infinitespire:Execution","Replay:Fractal Strike"],"relics":["theMarked:ArtifactOfAir","DaveBox","Question Card","Pandora\u0027s Box","Whetstone","halation:OrihimeAndHikoboshiSamaAndTears","Technique","Gensokyo:NagashiBinaDoll","rorgmod:Ceramic Fish","StuffTheSpire:Rhapsscallions","ChiLing","Chi","Ling","Bottled Flame","Replay:PocketPolymizer","BrkXgEgg","ImportantClient","Calling Bell","SynthV:C4","Prayer Wheel","Replay:Bottled Snecko","Juzu Bracelet","ReplayTheSpireMod:Lightbulb","StuffTheSpire:ModemDavis","Thread and Needle"],"acts_visited":["Gensokyo:Gensokyo","Gensokyo:Gensokyoer"],"potions_floor_usage":[],"damage_taken":[{"damage":5,"enemies":"Gensokyo:2_Kodama","floor":1,"turns":3},{"damage":2,"enemies":"Gensokyo:Gryphon","floor":2,"turns":2},{"damage":0,"enemies":"Gensokyo:Mamizou","floor":7,"turns":8},{"damage":0,"enemies":"Gensokyo:Python","floor":8,"turns":4},{"damage":6,"enemies":"Gensokyo:Kitsune","floor":11,"turns":2},{"damage":10,"enemies":"Gensokyo:Kokoro","floor":16,"turns":6},{"damage":27,"enemies":"Gensokyo:3_Dogs","floor":18,"turns":5},{"damage":12,"enemies":"Gensokyo:AngelMirror","floor":19,"turns":2},{"damage":27,"enemies":"Gensokyo:Swordslinger","floor":21,"turns":2},{"damage":27,"enemies":"Nightmare","floor":24,"turns":5},{"damage":5,"enemies":"Gensokyo:3_Gloops","floor":27,"turns":2},{"damage":1,"enemies":"Gensokyo:Mirror_and_Dog","floor":31,"turns":2},{"damage":46,"enemies":"Gensokyo:Eternal_Rivals","floor":33,"turns":4}],"seed_played":"-5498191417132876338","potions_obtained":[{"floor":2,"key":"SneckoOil"},{"floor":8,"key":"AttackPotion"},{"floor":11,"key":"Strength Potion"},{"floor":18,"key":"Fire Potion"},{"floor":27,"key":"theMarked:SummonPotion"}],"is_trial":false,"path_per_floor":["M","M","$","?","?","R","E","M","T","R","M","R","$","COS","R","B",null,"M","M","?","M","HB","R","NM","R","T","M","?","T","AVR","M","R","B"],"character_chosen":"THE_DEFAULT","items_purchased":["theMarked:RepellingDischarge","theMarked:ComboAttacks","Whetstone","halation:PromiseList","halation:OrihimeAndHikoboshiSamaAndTears","Technique","theMarked:Static","Finesse","Mayhem","ChiLing","Bottled Flame","Replay:PocketPolymizer","BrkXgEgg"],"campfire_rested":3,"item_purchase_floors":[3,3,3,3,3,3,3,3,3,13,13,13,13],"current_hp_per_floor":[65,63,63,63,63,63,65,67,70,70,66,66,66,66,79,71,81,56,46,46,21,21,34,9,22,22,19,24,24,24,25,40,0,0],"gold":370,"neow_bonus":"UPGRADE_CARD","is_daily":false,"chose_seed":false,"campfire_upgraded":3,"win_rate":0.0,"timestamp":1608585731,"path_taken":["M","M","$","?","?","R","E","M","T","R","M","R","?","COS","R","BOSS","M","M","?","M","HB","R","NM","R","T","M","?","?","AVR","M","R","BOSS"],"items_purchased_type":["Card","Card","Relic","Relic","Relic","Relic","Card","Card","Card","Relic","Relic","Relic","Relic"],"build_version":"2020-12-13","purchased_purges":2,"victory":false,"max_hp_per_floor":[70,70,70,70,70,70,72,74,77,77,79,79,79,79,79,81,81,83,85,85,87,44,44,46,46,46,48,48,48,48,50,50,52,52],"card_choices":[{"not_picked":["theMarked:TunnelVision","theMarked:Frustration"],"picked":"theMarked:ElectricStrings","floor":1},{"not_picked":["theMarked:Improvise","theMarked:Electrocute","theMarked:ReduceFriction"],"picked":"theMarked:Opportunist","floor":2},{"not_picked":["StuffTheSpire:Vigor","StuffTheSpire:Perfection","StuffTheSpire:BrainWave"],"picked":"StuffTheSpire:Ambrosia","floor":4},{"not_picked":["theMarked:EnhanceMovement","theMarked:WastefulAttack","theMarked:Frustration"],"picked":"theMarked:TwofoldDefense","floor":7},{"not_picked":["theMarked:TwofoldDefense","theMarked:Indomitable","theMarked:Generate"],"picked":"theMarked:RogueSparks","floor":8},{"not_picked":["theMarked:Improvise","theMarked:Opportunist","theMarked:SwordAndMagic","theMarked:LightningStrikesTwice"],"picked":"SKIP","floor":11},{"not_picked":["theMarked:MuscleMemory+1","theMarked:Levitate+1","theMarked:SuspiciousRaven+1"],"picked":"theMarked:BindingBlade+1","floor":16},{"not_picked":["theMarked:WardOff","theMarked:LightningStrikesTwice","theMarked:TunnelVision"],"picked":"theMarked:ChainLightning","floor":18},{"not_picked":["theMarked:ComboAttacks+1","theMarked:SelfDefenseTraining","theMarked:Improvise"],"picked":"theMarked:MysticalArsenal","floor":18},{"not_picked":["theMarked:ResourceFulStrike","theMarked:WastefulAttack","theMarked:WastefulDefense"],"picked":"theMarked:TwofoldDefense","floor":19},{"not_picked":["theMarked:TwofoldDefense","theMarked:ElectricStrings+1","theMarked:Improvise"],"picked":"theMarked:TurnInvisible+1","floor":19},{"not_picked":["ReplayTheSpireMod:Black Plague","ReplayTheSpireMod:??????????????????????"],"picked":"hubris:Fate","floor":20},{"not_picked":["theMarked:Electrify","theMarked:TwofoldDefense+1","theMarked:WastefulDefense+1"],"picked":"theMarked:ContemptForTheProud+1","floor":21},{"not_picked":["theMarked:TwofoldDefense","theMarked:BanishingStrike","theMarked:ContemptForTheProud","theMarked:Improvise+1"],"picked":"SKIP","floor":21},{"not_picked":["theMarked:EmpowerWeapon+1","theMarked:KeepCalmAndFightOn","theMarked:Electrify"],"picked":"theMarked:Overcharge","floor":24},{"not_picked":["theMarked:SwordAndMagic+1","theMarked:ParalyzingBlade","theMarked:BanishingWave","theMarked:ContemptForTheProud+1"],"picked":"SKIP","floor":27},{"not_picked":["theMarked:EmpowerWeapon","theMarked:Improvise+1","theMarked:SelfDefenseTraining","theMarked:ResourceFulStrike"],"picked":"SKIP","floor":27},{"not_picked":["theMarked:ComboAttacks","theMarked:SwordAndMagic","theMarked:SelfDefenseTraining","theMarked:TunnelVision"],"picked":"SKIP","floor":31},{"not_picked":["theMarked:ReduceFriction","theMarked:Electrocute","theMarked:SwordAndMagic","theMarked:ResourceFulStrike"],"picked":"SKIP","floor":31},{"not_picked":["theMarked:ComboAttacks","theMarked:SwordAndMagic","theMarked:SelfDefenseTraining","theMarked:TunnelVision"],"picked":"SKIP","floor":31},{"not_picked":["theMarked:ReduceFriction","theMarked:Electrocute","theMarked:SwordAndMagic","theMarked:ResourceFulStrike"],"picked":"SKIP","floor":31}],"player_experience":256324,"relics_obtained":[{"floor":1,"key":"Question Card"},{"floor":7,"key":"rorgmod:Ceramic Fish"},{"floor":9,"key":"StuffTheSpire:Rhapsscallions"},{"floor":16,"key":"ImportantClient"},{"floor":17,"key":"SynthV:C4"},{"floor":17,"key":"Prayer Wheel"},{"floor":17,"key":"Replay:Bottled Snecko"},{"floor":26,"key":"Juzu Bracelet"}],"event_choices":[],"is_beta":false,"boss_relics":[{"not_picked":["Ring of Chaos","xbg"],"picked":"Calling Bell"}],"items_purged_floors":[3,13],"is_endless":true,"potions_floor_spawned":[2,8,11,18,24,27],"killed_by":"Gensokyo:Eternal_Rivals","ascension_level":0}}