{"host":"obza8r4x8ovwwhn2","time":1608539661,"event":{"mods":["BaseMod","BetterRewards","Colored Map","Downfall","Highlight Path","Minty Spire (QoL Compilation)","Permanent Neow","Quick Restart","Replay The Spire","Shop Mod","StSLib","SuperFastMode"],"gold_per_floor":[99,9,22,37,37,37,60,85,104,135,153,34,53,68,88,88,88,88],"floor_reached":16,"playtime":577,"items_purged":["Hallucinations"],"score":114,"play_id":"488cc7af-ddf4-446a-b7d4-6a84678addba","local_time":"20201221003421","is_ascension_mode":false,"campfire_choices":[{"floor":1,"key":"RECALL"},{"data":"hexamod:Sear","floor":5,"key":"SMITH"}],"circlet_count":0,"master_deck":["hexamod:Strike","hexamod:Strike","hexamod:Strike","hexamod:Strike","hexamod:Defend","hexamod:Defend","hexamod:Defend","hexamod:Defend","hexamod:Sear+1","hexamod:Float","hexamod:Again","hexamod:GhostLash","hexamod:SwordOfDarkness","Languid","expansioncontent:PrepareCrush+1","FTL","Deflect+1","Shrug It Off+1","hexamod:ShieldOfDarkness+1","hexamod:SpectralAdrenaline+1","sneckomod:Unknown2Cost+1","Prostrate+1","champ:CrookedStrike"],"relics":["hexamod:SpiritBrand","Replay:Kaleidoscope","PrismaticShard","Toxic Egg 2","hexamod:InflammatoryLetter"],"acts_visited":["Exordium"],"potions_floor_usage":[8,10,11,16,16],"damage_taken":[{"damage":0,"enemies":"downfall:FleeingMerchant","floor":2,"turns":4},{"damage":0,"enemies":"Cultist","floor":3,"turns":3},{"damage":0,"enemies":"Small Slimes","floor":4,"turns":4},{"damage":23,"enemies":"Gremlin Nob","floor":8,"turns":4},{"damage":1,"enemies":"Jaw Worm","floor":9,"turns":3},{"damage":30,"enemies":"3 Sentries","floor":10,"turns":8},{"damage":5,"enemies":"Exordium Thugs","floor":11,"turns":4},{"damage":10,"enemies":"downfall:FleeingMerchant","floor":12,"turns":4},{"damage":0,"enemies":"Blue Slaver","floor":13,"turns":3},{"damage":0,"enemies":"Exordium Wildlife","floor":14,"turns":2},{"damage":0,"enemies":"Blue Slaver","floor":15,"turns":3},{"damage":5,"enemies":"downfall:Silent","floor":16,"turns":1}],"seed_played":"3064958029268303565","potions_obtained":[{"floor":4,"key":"AttackPotion"},{"floor":8,"key":"Elixir"},{"floor":10,"key":"PowerPotion"},{"floor":13,"key":"ColorlessPotion"},{"floor":14,"key":"LiquidBronze"},{"floor":15,"key":"Fire Potion"}],"is_trial":false,"path_per_floor":["R","$","M","M","R","?","T","E","M","E","M","$","M","M","M","B"],"character_chosen":"THE_SPIRIT","items_purchased":["hexamod:ShieldOfDarkness+1","hexamod:SpectralAdrenaline+1"],"campfire_rested":0,"item_purchase_floors":[12,12],"current_hp_per_floor":[70,70,70,70,70,70,70,47,46,16,11,1,1,1,1,0,0,0],"gold":88,"neow_bonus":"ONE_RARE_RELIC","is_daily":false,"chose_seed":false,"campfire_upgraded":1,"win_rate":0.0,"timestamp":1608539661,"path_taken":["R","$","?","?","R","?","T","E","M","E","M","?","?","M","M","BOSS"],"items_purchased_type":["Card","Card"],"build_version":"2020-12-13","purchased_purges":1,"victory":false,"max_hp_per_floor":[70,70,70,70,70,70,70,70,70,70,70,70,70,70,70,70,70,70],"card_choices":[{"not_picked":["hexamod:FastForward","hexamod:NightmareGuise"],"picked":"hexamod:Again","floor":2},{"not_picked":["hexamod:SpectralAdrenaline","hexamod:RainOfEmbers"],"picked":"hexamod:GhostLash","floor":3},{"not_picked":["hexamod:FastForward","hexamod:RainOfEmbers"],"picked":"hexamod:SwordOfDarkness","floor":4},{"not_picked":["Replay:Undeath\u0027s Touch","Corpse Explosion+1"],"picked":"expansioncontent:PrepareCrush+1","floor":8},{"not_picked":["Guardian:EvasiveProtocol","Dash"],"picked":"FTL","floor":9},{"not_picked":["sneckomod:SlitherStrike","hexamod:FastForward+1"],"picked":"Deflect+1","floor":10},{"not_picked":["Clash","Slimebound:ViciousTackle","EmptyFist"],"picked":"SKIP","floor":11},{"not_picked":["Guardian:Gem_Cyan","expansioncontent:TimeRipple"],"picked":"Shrug It Off+1","floor":12},{"not_picked":["Lockon","Replay:Vibes+1"],"picked":"sneckomod:Unknown2Cost+1","floor":13},{"not_picked":["Immolate","Compile Driver"],"picked":"Prostrate+1","floor":14},{"not_picked":["Underhanded Strike","Guardian:ChargeCore"],"picked":"champ:CrookedStrike","floor":15}],"player_experience":593105,"relics_obtained":[{"floor":8,"key":"Toxic Egg 2"},{"floor":10,"key":"hexamod:InflammatoryLetter"}],"event_choices":[],"is_beta":false,"boss_relics":[],"items_purged_floors":[2],"is_endless":false,"potions_floor_spawned":[4,8,10,13,14,15],"killed_by":"downfall:Silent","ascension_level":0}}