{"host":"6yklbc9za0aylqsj","time":1608578677,"event":{"mods":["AchievementEnabler","BaseMod","Bestiary","Colored Map","Colored Powertips","Minty Spire (QoL Compilation)","Rare Cards Sparkle","Relic Stats","Slay-I","StSLib"],"gold_per_floor":[369,379,17,17,34,60,135,170,170,170,170,190,220,231,231,309,309,309,309,309,309,309,309,309,309,309,309,309],"floor_reached":27,"playtime":1054,"items_purged":[],"score":470,"play_id":"9a78630c-eb83-47a7-a9ad-6826f80d4d66","local_time":"20201221202437","is_ascension_mode":true,"campfire_choices":[{"floor":11,"key":"REST"},{"floor":15,"key":"REST"},{"data":"Bane","floor":23,"key":"SMITH"}],"circlet_count":0,"master_deck":["AscendersBane","Strike_G","Strike_G","Strike_G","Strike_G","Strike_G","Defend_G","Defend_G","Defend_G","Defend_G","Defend_G","Survivor","Neutralize","Cloak And Dagger","Deadly Poison","After Image","Dash","After Image","Backstab","Bane+1","Terror","Die Die Die","All Out Attack","Infinite Blades+1","All Out Attack","Blade Dance","Footwork"],"relics":["Ring of the Snake","Mummified Hand","Pantograph","Pear","InkBottle","Letter Opener","White Beast Statue","Ectoplasm","Bottled Flame","Meat on the Bone"],"acts_visited":["Exordium","TheCity"],"potions_floor_usage":[6,16,18,22,24],"damage_taken":[{"damage":3,"enemies":"Jaw Worm","floor":1,"turns":6},{"damage":0,"enemies":"2 Louse","floor":2,"turns":3},{"damage":0,"enemies":"Cultist","floor":5,"turns":4},{"damage":30,"enemies":"3 Sentries","floor":6,"turns":15},{"damage":22,"enemies":"Lagavulin","floor":8,"turns":9},{"damage":5,"enemies":"Lots of Slimes","floor":12,"turns":5},{"damage":12,"enemies":"3 Sentries","floor":13,"turns":10},{"damage":8,"enemies":"Large Slime","floor":14,"turns":8},{"damage":22,"enemies":"The Guardian","floor":16,"turns":11},{"damage":11,"enemies":"Shell Parasite","floor":18,"turns":4},{"damage":21,"enemies":"Spheric Guardian","floor":20,"turns":7},{"damage":0,"enemies":"Centurion and Healer","floor":22,"turns":4},{"damage":9,"enemies":"Snake Plant","floor":24,"turns":5},{"damage":0,"enemies":"3 Cultists","floor":25,"turns":3},{"damage":22,"enemies":"Book of Stabbing","floor":27,"turns":3}],"seed_played":"-1757767352358791569","potions_obtained":[{"floor":2,"key":"Weak Potion"},{"floor":8,"key":"EssenceOfSteel"},{"floor":14,"key":"SpeedPotion"},{"floor":16,"key":"SpeedPotion"},{"floor":18,"key":"GamblersBrew"},{"floor":20,"key":"GhostInAJar"},{"floor":22,"key":"Ancient Potion"},{"floor":24,"key":"BlessingOfTheForge"}],"is_trial":false,"path_per_floor":["M","M","$","?","M","E","?","E","T","?","R","M","E","M","R","B",null,"M","$","M","T","M","R","M","M","T","E"],"character_chosen":"THE_SILENT","items_purchased":["Mummified Hand","After Image"],"campfire_rested":2,"item_purchase_floors":[3,3],"current_hp_per_floor":[56,56,56,56,56,26,26,14,14,14,35,30,18,10,31,34,61,50,50,29,29,29,29,20,20,20,0,0],"gold":309,"neow_bonus":"TWO_FIFTY_GOLD","is_daily":false,"chose_seed":false,"campfire_upgraded":1,"win_rate":0.0,"timestamp":1608578677,"path_taken":["M","M","$","?","M","E","?","E","T","?","R","M","E","M","R","BOSS","M","$","M","?","M","R","?","M","T","E"],"items_purchased_type":["Relic","Card"],"build_version":"2020-12-13","purchased_purges":0,"victory":false,"max_hp_per_floor":[60,60,60,60,60,60,60,70,70,70,70,70,70,70,70,70,70,70,70,70,70,70,70,70,70,70,70,70],"relic_stats":{"counters":[15,97],"Mummified Hand":[32],"Pantograph":25,"Ectoplasm":88,"Letter Opener":[55],"obtain_stats":[{"Bottled Flame":21,"Pear":8,"Mummified Hand":3,"Pantograph":6,"Ectoplasm":17,"Letter Opener":10,"InkBottle":9,"White Beast Statue":13,"Ring of the Snake":0,"Meat on the Bone":26},{"Bottled Flame":11,"Pear":5,"Mummified Hand":2,"Pantograph":4,"Ectoplasm":9,"Letter Opener":5,"InkBottle":5,"White Beast Statue":7,"Ring of the Snake":0,"Meat on the Bone":14},{"Bottled Flame":82,"Pear":37,"Mummified Hand":9,"Pantograph":28,"Ectoplasm":71,"Letter Opener":37,"InkBottle":37,"White Beast Statue":52,"Ring of the Snake":0,"Meat on the Bone":94}],"InkBottle":[23],"Ring of the Snake":[30],"Meat on the Bone":0},"card_choices":[{"not_picked":["Quick Slash","Dagger Throw"],"picked":"Cloak And Dagger","floor":1},{"not_picked":["Quick Slash","Deflect"],"picked":"Deadly Poison","floor":2},{"not_picked":["Sucker Punch","Tactician"],"picked":"Dash","floor":5},{"not_picked":["Deadly Poison","PiercingWail"],"picked":"After Image","floor":6},{"not_picked":["PiercingWail","Escape Plan","Reflex"],"picked":"SKIP","floor":8},{"not_picked":["Dodge and Roll","Dagger Spray"],"picked":"Backstab","floor":12},{"not_picked":["Dagger Throw","Outmaneuver"],"picked":"Bane","floor":13},{"not_picked":["Prepared","Flechettes"],"picked":"Terror","floor":14},{"not_picked":["Tools of the Trade","Burst"],"picked":"Die Die Die","floor":16},{"not_picked":["Quick Slash+1","Backstab"],"picked":"All Out Attack","floor":18},{"not_picked":["Dodge and Roll","Setup"],"picked":"Infinite Blades+1","floor":20},{"not_picked":["Underhanded Strike","Predator"],"picked":"All Out Attack","floor":22},{"not_picked":["Concentrate","Underhanded Strike+1"],"picked":"Blade Dance","floor":24},{"not_picked":["Sucker Punch","Prepared"],"picked":"Footwork","floor":25}],"player_experience":678878,"relics_obtained":[{"floor":6,"key":"Pantograph"},{"floor":8,"key":"Pear"},{"floor":9,"key":"InkBottle"},{"floor":13,"key":"White Beast Statue"},{"floor":21,"key":"Bottled Flame"},{"floor":26,"key":"Meat on the Bone"}],"event_choices":[{"damage_healed":0,"gold_gain":0,"player_choice":"Ignored","damage_taken":0,"max_hp_gain":0,"max_hp_loss":0,"event_name":"Liars Game","floor":4,"gold_loss":0},{"damage_healed":0,"gold_gain":75,"player_choice":"Gained Gold","damage_taken":0,"max_hp_gain":0,"max_hp_loss":0,"event_name":"Golden Wing","floor":7,"gold_loss":0},{"damage_healed":0,"gold_gain":0,"player_choice":"Gave Potion","damage_taken":0,"relics_obtained":["Letter Opener"],"max_hp_gain":0,"max_hp_loss":0,"event_name":"WeMeetAgain","floor":10,"gold_loss":0}],"is_beta":false,"boss_relics":[{"not_picked":["Runic Pyramid","Fusion Hammer"],"picked":"Ectoplasm"}],"items_purged_floors":[],"is_endless":false,"potions_floor_spawned":[2,8,14,16,18,20,22,24,25],"killed_by":"Book of Stabbing","ascension_level":20}}