{"host":"363c1o4m0ew2jbar","time":1608512565,"event":{"mods":["AchievementEnabler","BaseMod","Better Note","Downfall","Hubris","Minty Spire (QoL Compilation)","StSLib"],"gold_per_floor":[99,111,137,148,448,472,499,499,533,458,469,495,495,516,537,644,644,644,683,711,738,738,760,831,831,831,831,852,852,873,636,647,647,647],"floor_reached":33,"playtime":5076,"items_purged":["Slimebound:Icky"],"score":279,"play_id":"373e200f-376a-4c5f-9bc7-5de82766610a","local_time":"20201220150245","is_ascension_mode":false,"campfire_choices":[{"data":"hexamod:CrushingStance","floor":1.0,"key":"SMITH"},{"data":"hexamod:StepThrough","floor":8.0,"key":"SMITH"},{"floor":10.0,"key":"REST"},{"data":"hexamod:TimeWarp","floor":18,"key":"SMITH"},{"data":"hexamod:GhostOfSpirePresent","floor":22,"key":"SMITH"},{"floor":25,"key":"REST"},{"data":"expansioncontent:CaCaw","floor":27,"key":"SMITH"}],"circlet_count":0,"master_deck":["expansioncontent:CaCaw+1","hexamod:Strike","hexamod:Strike","hexamod:Strike","hexamod:Strike","hexamod:Defend","hexamod:Defend","hexamod:Defend","hexamod:Defend","hexamod:Sear","hexamod:Float","hexamod:CrushingStance+1","hexamod:SpectersWail","hexamod:SecondSeal","Slimebound:Icky","hexamod:StepThrough+1","hexamod:GhostOfSpirePresent+1","hexamod:FirstSeal","hexamod:TimeWarp+1","hexamod:ThirdSeal","hexamod:AdvancingGuard","hexamod:ApocalypticArmor","hexamod:Rewind","hexamod:FourthSeal","hexamod:GhostOfSpirePast"],"relics":["hexamod:SpiritBrand","Pen Nib","hexamod:BolsterEngine","Blood Vial","downfall:HeartBlessingGreen","Vajra","hubris:Backtick","Gremlin Horn","hubris:SphereOfDissonance","MealTicket"],"acts_visited":["Exordium","TheCity"],"potions_floor_usage":[23],"damage_taken":[{"damage":5.0,"enemies":"Small Slimes","floor":2.0,"turns":4.0},{"damage":9.0,"enemies":"Lagavulin","floor":3.0,"turns":6.0},{"damage":3.0,"enemies":"Jaw Worm","floor":4.0,"turns":4.0},{"damage":5.0,"enemies":"2 Louse","floor":6.0,"turns":3.0},{"damage":27.0,"enemies":"Gremlin Nob","floor":9.0,"turns":4.0},{"damage":0.0,"enemies":"Exordium Wildlife","floor":11.0,"turns":2.0},{"damage":0.0,"enemies":"3 Louse","floor":14.0,"turns":2.0},{"damage":0.0,"enemies":"Gremlin Gang","floor":15.0,"turns":5.0},{"damage":19.0,"enemies":"downfall:Silent","floor":16.0,"turns":9.0},{"damage":27,"enemies":"Gremlin Leader","floor":19,"turns":8},{"damage":20,"enemies":"Shell Parasite","floor":20,"turns":5},{"damage":8,"enemies":"Chosen","floor":21,"turns":4},{"damage":24,"enemies":"Shelled Parasite and Fungi","floor":23,"turns":5},{"damage":15,"enemies":"Snecko","floor":28,"turns":4},{"damage":4,"enemies":"Centurion and Healer","floor":30,"turns":5},{"damage":4,"enemies":"downfall:FleeingMerchant","floor":31,"turns":4},{"damage":12,"enemies":"Snake Plant","floor":32,"turns":3},{"damage":56,"enemies":"downfall:Watcher","floor":33,"turns":6}],"seed_played":"-5774827317356757964","potions_obtained":[{"floor":6.0,"key":"Dexterity Potion"},{"floor":9.0,"key":"ColorlessPotion"},{"floor":11.0,"key":"Swift Potion"},{"floor":14.0,"key":"FearPotion"},{"floor":20,"key":"SteroidPotion"},{"floor":21,"key":"AttackPotion"},{"floor":28,"key":"Explosive Potion"}],"is_trial":false,"path_per_floor":["R","M","E","M","?","M","T","R","E","R","M","T","?","M","M","B",null,"R","E","M","M","R","M","T","R","?","R","M","?","M","$","M","B"],"character_chosen":"THE_SPIRIT","items_purchased":["MealTicket"],"campfire_rested":2,"item_purchase_floors":[31],"current_hp_per_floor":[70,65,56,53,53,48,48,48,21,42,44,44,44,53,62,52,70,70,50,39,40,40,25,25,46,46,46,40,40,45,50,47,0,0],"gold":647,"neow_bonus":"ONE_RANDOM_RARE_CARD","is_daily":false,"chose_seed":false,"campfire_upgraded":5,"win_rate":0.0,"timestamp":1608512565,"path_taken":["R","M","E","M","?","M","T","R","E","R","M","?","?","?","M","BOSS","R","E","M","M","R","M","T","R","?","R","M","?","M","$","M","BOSS"],"items_purchased_type":["Relic"],"build_version":"2020-12-13","purchased_purges":1,"victory":false,"max_hp_per_floor":[70,70,70,70,70,70,70,70,70,70,70,70,70,70,70,70,70,70,70,70,70,70,70,70,70,70,70,70,70,70,70,70,70,70],"card_choices":[{"not_picked":["hexamod:GhostShield","hexamod:SwordOfDarkness"],"picked":"hexamod:SpectersWail","floor":2.0},{"not_picked":["hexamod:RecurringNightmare","hexamod:SpectersWail","hexamod:Toasty"],"picked":"SKIP","floor":3.0},{"not_picked":["hexamod:RainOfEmbers","hexamod:ShieldOfDarkness"],"picked":"hexamod:SecondSeal","floor":4.0},{"not_picked":["hexamod:InspiringFlames","hexamod:Again"],"picked":"hexamod:StepThrough","floor":6.0},{"not_picked":["hexamod:ThermalTransfer","hexamod:ChargedBarrage"],"picked":"hexamod:GhostOfSpirePresent","floor":9.0},{"not_picked":["hexamod:SuperheatedStrike","hexamod:BacktrackSmack","hexamod:BurningTouch"],"picked":"SKIP","floor":11.0},{"not_picked":["hexamod:SoulSteal","hexamod:NightmareStrike","hexamod:GhostLash"],"picked":"SKIP","floor":14.0},{"not_picked":["hexamod:GhostLash","hexamod:BacktrackSmack","hexamod:HeatShield"],"picked":"SKIP","floor":15.0},{"not_picked":["hexamod:ApocalypseNow","hexamod:TurnItUp"],"picked":"hexamod:TimeWarp","floor":16.0},{"not_picked":["hexamod:SkipABeat+1","hexamod:DynamicBlow","hexamod:Haunt"],"picked":"SKIP","floor":19},{"not_picked":["hexamod:PowerFromBeyond","hexamod:RainOfEmbers"],"picked":"hexamod:ThirdSeal","floor":20},{"not_picked":["hexamod:DynamicBlow","hexamod:Rewind"],"picked":"hexamod:AdvancingGuard","floor":21},{"not_picked":["hexamod:GhostLash","hexamod:SpectersWail","hexamod:CatchUp"],"picked":"SKIP","floor":21},{"not_picked":["hexamod:BurningTouch","hexamod:Firestarter","hexamod:AdvancingGuard"],"picked":"SKIP","floor":23},{"not_picked":["hexamod:InspiringFlames","hexamod:GhostShield+1","hexamod:SpectersWail+1"],"picked":"SKIP","floor":23},{"not_picked":["hexamod:SpectersWail","hexamod:RainOfEmbers","hexamod:BacktrackSmack"],"picked":"SKIP","floor":28},{"not_picked":["hexamod:EtherealExpedition","hexamod:NightmareStrike","hexamod:SwordOfDarkness"],"picked":"SKIP","floor":28},{"not_picked":["hexamod:InspiringFlames","hexamod:ShieldOfDarkness+1"],"picked":"hexamod:Rewind","floor":30},{"not_picked":["hexamod:ThermalTransfer","hexamod:Again+1","hexamod:Hexaguard"],"picked":"SKIP","floor":30},{"not_picked":["hexamod:ThermalTransfer","hexamod:DynamicBlow"],"picked":"hexamod:FourthSeal","floor":31},{"not_picked":["hexamod:RainOfEmbers+1","hexamod:GhostflameInferno","hexamod:FastForward"],"picked":"SKIP","floor":31},{"not_picked":["hexamod:SuperheatedStrike","hexamod:GhostShield"],"picked":"hexamod:GhostOfSpirePast","floor":32}],"player_experience":1122922,"relics_obtained":[{"floor":3.0,"key":"Pen Nib"},{"floor":7.0,"key":"hexamod:BolsterEngine"},{"floor":9.0,"key":"Blood Vial"},{"floor":12.0,"key":"Vajra"},{"floor":19,"key":"Centennial Puzzle"},{"floor":24,"key":"hubris:SphereOfDissonance"}],"event_choices":[{"cards_removed":["hexamod:Strike"],"damage_healed":0,"gold_gain":0,"player_choice":"Give","damage_taken":0,"max_hp_gain":0,"max_hp_loss":0,"event_name":"betterNote:BetterNote","floor":26,"gold_loss":0,"cards_obtained":["hexamod:Strike"]}],"is_beta":false,"boss_relics":[{"not_picked":["Tiny House","Coffee Dripper"],"picked":"hubris:Backtick"}],"items_purged_floors":[31],"is_endless":false,"potions_floor_spawned":[6,9,11,14,20,21,28],"killed_by":"downfall:Watcher","ascension_level":0}}