{"host":"oiai0qxasotny765","time":1608579196,"event":{"mods":["2.2 Compatiblity","AchievementEnabler","BaseMod","Colored Map","Minty Spire (QoL Compilation)","Permanent Neow","Relic Stats","StSLib","SuperFastMode","everything is the same but u backflip on backflip"],"gold_per_floor":[119,134,19,32,51,51,63,63,63,80,80,80,90,90,90,164,164,174,174,174,190,16,16,16],"floor_reached":23,"playtime":648,"items_purged":["Strike_G","Strike_G"],"score":339,"play_id":"0ba88d35-9277-463a-b7ed-6c5e7b939496","local_time":"20201222043316","is_ascension_mode":true,"campfire_choices":[{"data":"Poisoned Stab","floor":6.0,"key":"SMITH"},{"data":"Dagger Spray","floor":8.0,"key":"SMITH"},{"data":"Neutralize","floor":11.0,"key":"SMITH"},{"data":"Survivor","floor":15.0,"key":"SMITH"}],"circlet_count":0,"master_deck":["AscendersBane","Strike_G","Strike_G","Defend_G","Defend_G","Defend_G","Defend_G","Survivor+1","Neutralize+1","Choke","Dagger Spray+1","Poisoned Stab+1","Escape Plan","Tools of the Trade","Concentrate","Calculated Gamble"],"relics":["Ring of the Snake","Sundial","TheAbacus","Singing Bowl","Gremlin Horn","HoveringKite"],"acts_visited":["Exordium","TheCity"],"potions_floor_usage":[],"damage_taken":[{"damage":4.0,"enemies":"Cultist","floor":1.0,"turns":3.0},{"damage":0.0,"enemies":"Jaw Worm","floor":2.0,"turns":5.0},{"damage":0.0,"enemies":"2 Louse","floor":4.0,"turns":2.0},{"damage":12.0,"enemies":"Red Slaver","floor":5.0,"turns":5.0},{"damage":20.0,"enemies":"Exordium Thugs","floor":7.0,"turns":5.0},{"damage":0.0,"enemies":"3 Louse","floor":10.0,"turns":2.0},{"damage":2.0,"enemies":"2 Fungi Beasts","floor":13.0,"turns":3.0},{"damage":1.0,"enemies":"Slime Boss","floor":16.0,"turns":11.0},{"damage":14.0,"enemies":"2 Thieves","floor":18.0,"turns":3.0},{"damage":18.0,"enemies":"3 Byrds","floor":21.0,"turns":5.0},{"damage":0,"enemies":"Slavers","floor":23,"turns":1}],"seed_played":"-8327509826636251026","potions_obtained":[{"floor":4.0,"key":"Explosive Potion"},{"floor":5.0,"key":"Explosive Potion"},{"floor":16.0,"key":"FearPotion"},{"floor":18.0,"key":"Block Potion"},{"floor":20.0,"key":"GamblersBrew"}],"is_trial":false,"path_per_floor":["M","M","$","M","M","R","M","R","T","M","R","T","M","?","R","B",null,"M","?","?","M","$","E"],"character_chosen":"THE_SILENT","items_purchased":["Escape Plan","Calculated Gamble"],"campfire_rested":0,"item_purchase_floors":[3,22],"current_hp_per_floor":[55,55,55,55,43,43,23,23,23,25,25,25,25,25,25,24,59,45,45,45,29,29,29,29],"gold":16,"neow_bonus":"TRANSFORM_CARD","is_daily":false,"chose_seed":false,"campfire_upgraded":4,"win_rate":0.0,"timestamp":1608579196,"path_taken":["M","M","$","M","M","R","?","R","T","M","R","?","?","?","R","BOSS","M","?","?","M","$","E"],"items_purchased_type":["Card","Card"],"build_version":"2020-12-13","purchased_purges":2,"victory":false,"max_hp_per_floor":[66,66,66,66,66,66,66,66,66,68,68,68,70,70,70,70,70,70,70,70,72,72,72,72],"relic_stats":{"TheAbacus":[84],"Singing Bowl":6,"Gremlin Horn":[7,7],"counters":[11,45],"Sundial":[8],"HoveringKite":[6],"obtain_stats":[{"TheAbacus":0,"Singing Bowl":9,"Gremlin Horn":12,"Sundial":0,"HoveringKite":17,"Ring of the Snake":0},{"TheAbacus":0,"Singing Bowl":5,"Gremlin Horn":6,"Sundial":0,"HoveringKite":8,"Ring of the Snake":0},{"TheAbacus":0,"Singing Bowl":20,"Gremlin Horn":22,"Sundial":0,"HoveringKite":36,"Ring of the Snake":0}],"Ring of the Snake":[22]},"card_choices":[{"not_picked":["All Out Attack","Prepared"],"picked":"Dagger Spray","floor":1.0},{"not_picked":["Accuracy","Quick Slash"],"picked":"Poisoned Stab","floor":2.0},{"not_picked":["Dash","Bane","Footwork"],"picked":"SKIP","floor":4.0},{"not_picked":["Predator","Sucker Punch","Choke"],"picked":"SKIP","floor":5.0},{"not_picked":["Dash","Finisher","Noxious Fumes"],"picked":"SKIP","floor":7.0},{"not_picked":["Dodge and Roll","Deflect","Finisher"],"picked":"Singing Bowl","floor":10.0},{"not_picked":["Distraction","Backstab","Deadly Poison"],"picked":"Singing Bowl","floor":13.0},{"not_picked":["Unload","Wraith Form v2"],"picked":"Tools of the Trade","floor":16.0},{"not_picked":["Setup","Dagger Spray"],"picked":"Concentrate","floor":18.0},{"not_picked":["Masterful Stab","Flying Knee+1","Dagger Throw"],"picked":"Singing Bowl","floor":21.0}],"player_experience":275906,"relics_obtained":[{"floor":9.0,"key":"Singing Bowl"},{"floor":12.0,"key":"Gremlin Horn"}],"event_choices":[{"cards_removed":["Strike_G"],"damage_healed":0.0,"max_hp_gain":0.0,"max_hp_loss":0.0,"gold_gain":0.0,"event_name":"Purifier","player_choice":"Purged","floor":14.0,"gold_loss":0.0,"damage_taken":0.0},{"damage_healed":0.0,"max_hp_gain":0.0,"max_hp_loss":0.0,"gold_gain":0.0,"event_name":"The Mausoleum","player_choice":"Ignored","floor":19.0,"gold_loss":0.0,"damage_taken":0.0},{"damage_healed":0.0,"max_hp_gain":0.0,"max_hp_loss":0.0,"gold_gain":0.0,"event_name":"Lab","player_choice":"Got Potions","floor":20.0,"gold_loss":0.0,"damage_taken":0.0}],"is_beta":false,"boss_relics":[{"not_picked":["Philosopher\u0027s Stone","Ring of the Serpent"],"picked":"HoveringKite"}],"items_purged_floors":[3,22],"is_endless":false,"potions_floor_spawned":[4,5,7,16,18],"killed_by":"Slavers","ascension_level":17}}