{"host":"Rich","time":1608589799,"event":{"mods":["AchievementEnabler","BaseMod","Highlight Path","Minty Spire (QoL Compilation)","Relic Stats"],"gold_per_floor":[113,127,42,117,97,97,127,127,153,153,172,184,255,255,255,353,353,376,376,376],"floor_reached":19,"playtime":532,"items_purged":[],"score":380,"play_id":"f9294292-be57-44f8-8188-853c672db1cf","local_time":"20201221172959","is_ascension_mode":true,"campfire_choices":[{"data":"Noxious Fumes","floor":6,"key":"SMITH"},{"data":"Neutralize","floor":8,"key":"SMITH"},{"data":"Backflip","floor":10,"key":"SMITH"},{"data":"Blade Dance","floor":15,"key":"SMITH"}],"circlet_count":0,"master_deck":["AscendersBane","Strike_G","Strike_G","Strike_G","Strike_G","Strike_G","Defend_G","Defend_G","Defend_G","Defend_G","Defend_G","Survivor","Neutralize+1","Flying Knee","Backflip+1","Noxious Fumes+1","Backflip","Blade Dance+1","Deadly Poison","Envenom","Calculated Gamble+1"],"relics":["Ring of the Snake","NeowsBlessing","White Beast Statue","PreservedInsect","Eternal Feather","Golden Idol","Philosopher\u0027s Stone"],"acts_visited":["Exordium","TheCity"],"potions_floor_usage":[11,12,16,18],"damage_taken":[{"damage":0,"enemies":"Jaw Worm","floor":1,"turns":1},{"damage":0,"enemies":"Small Slimes","floor":2,"turns":1},{"damage":0,"enemies":"Lagavulin","floor":7,"turns":1},{"damage":0,"enemies":"Cultist","floor":11,"turns":3},{"damage":9,"enemies":"Exordium Thugs","floor":12,"turns":4},{"damage":12,"enemies":"Hexaghost","floor":16,"turns":9},{"damage":34,"enemies":"Chosen","floor":18,"turns":6},{"damage":27,"enemies":"Spheric Guardian","floor":19,"turns":5}],"seed_played":"1824766892626506080","potions_obtained":[{"floor":2,"key":"FearPotion"},{"floor":5,"key":"Poison Potion"},{"floor":11,"key":"FearPotion"},{"floor":12,"key":"Energy Potion"},{"floor":16,"key":"Fruit Juice"},{"floor":18,"key":"Strength Potion"}],"is_trial":false,"path_per_floor":["M","M","$","?","?","R","E","R","T","R","M","M","T","?","R","B",null,"M","M"],"character_chosen":"THE_SILENT","items_purchased":["Noxious Fumes"],"campfire_rested":0,"item_purchase_floors":[3],"current_hp_per_floor":[59,59,59,48,48,48,48,48,48,48,48,39,39,16,25,13,53,24,0,0],"gold":376,"neow_bonus":"THREE_ENEMY_KILL","is_daily":false,"chose_seed":false,"campfire_upgraded":4,"win_rate":0.0,"timestamp":1608589799,"path_taken":["M","M","$","?","?","R","E","R","T","R","?","M","?","?","R","BOSS","M","M"],"items_purchased_type":["Card"],"build_version":"2020-12-18","purchased_purges":0,"victory":false,"max_hp_per_floor":[66,66,66,66,66,66,66,66,66,66,66,66,66,66,66,66,66,71,71,71],"relic_stats":{"counters":[8,30],"Golden Idol":25,"Eternal Feather":9,"PreservedInsect":0,"obtain_stats":[{"NeowsBlessing":0,"Golden Idol":14,"Eternal Feather":13,"Philosopher\u0027s Stone":17,"PreservedInsect":9,"White Beast Statue":7,"Ring of the Snake":0},{"NeowsBlessing":0,"Golden Idol":5,"Eternal Feather":5,"Philosopher\u0027s Stone":6,"PreservedInsect":3,"White Beast Statue":3,"Ring of the Snake":0},{"NeowsBlessing":0,"Golden Idol":10,"Eternal Feather":10,"Philosopher\u0027s Stone":19,"PreservedInsect":3,"White Beast Statue":3,"Ring of the Snake":0}],"Ring of the Snake":[16]},"card_choices":[{"not_picked":["Quick Slash","Riddle With Holes"],"picked":"Flying Knee","floor":1},{"not_picked":["Concentrate","Outmaneuver"],"picked":"Backflip","floor":2},{"not_picked":["After Image","Setup"],"picked":"Backflip","floor":7},{"not_picked":["Distraction","Flying Knee"],"picked":"Blade Dance","floor":11},{"not_picked":["Dagger Throw","Acrobatics"],"picked":"Deadly Poison","floor":12},{"not_picked":["Corpse Explosion","Adrenaline"],"picked":"Envenom","floor":16},{"not_picked":["Acrobatics","Flying Knee"],"picked":"Calculated Gamble+1","floor":18}],"player_experience":1922188,"relics_obtained":[{"floor":7,"key":"White Beast Statue"},{"floor":9,"key":"PreservedInsect"},{"floor":13,"key":"Eternal Feather"}],"event_choices":[{"damage_healed":0,"gold_gain":75,"player_choice":"Gather Gold","damage_taken":11,"max_hp_gain":0,"max_hp_loss":0,"event_name":"World of Goop","floor":4,"gold_loss":0},{"damage_healed":0,"gold_gain":0,"player_choice":"Bought 1 Potion","damage_taken":0,"max_hp_gain":0,"max_hp_loss":0,"event_name":"The Woman in Blue","floor":5,"gold_loss":0},{"damage_healed":0,"gold_gain":0,"player_choice":"Take Damage","damage_taken":23,"relics_obtained":["Golden Idol"],"max_hp_gain":0,"max_hp_loss":0,"event_name":"Golden Idol","floor":14,"gold_loss":0}],"is_beta":true,"boss_relics":[{"not_picked":["Tiny House","Black Star"],"picked":"Philosopher\u0027s Stone"}],"items_purged_floors":[],"is_endless":false,"potions_floor_spawned":[2,11,12,16,18],"killed_by":"Spheric Guardian","ascension_level":20}}