{"host":"1hv1kueuvc4r3rdp","time":1608564737,"event":{"mods":["AchievementEnabler","BaseMod","DeckTracker","Highlight Path","Minty Spire (QoL Compilation)","Permanent Neow","StSLib"],"gold_per_floor":[110,128,140,157,177,177,189,217,243,243,268,281,309,322,322,418,418,443,470,491,513,523,532,577,619,619,639,656,656,656,675,675,675,675],"floor_reached":33,"playtime":2787,"items_purged":[],"score":411,"play_id":"cc0ad9cf-7140-4193-826c-c320c7f45f54","local_time":"20201221093217","is_ascension_mode":true,"campfire_choices":[{"data":"Streamline","floor":6,"key":"SMITH"},{"floor":15,"key":"REST"},{"floor":23,"key":"REST"},{"data":"Sunder","floor":29,"key":"SMITH"},{"floor":32,"key":"REST"}],"circlet_count":0,"master_deck":["Defend_B","Defend_B","Defend_B+1","Defend_B","Zap+1","Dualcast","Streamline+1","Sunder+1","Doom and Gloom","Turbo+1","Conserve Battery","Ball Lightning","Chill","Conserve Battery","Multi-Cast","Machine Learning","CurseOfTheBell","Undo+1","Darkness+1","Fusion+1","FTL","Double Energy+1","Bite","Bite","Bite","Bite","Bite","Go for the Eyes"],"relics":["Cracked Core","Matryoshka","Regal Pillow","Vajra","Dream Catcher","War Paint","Ancient Tea Set","Calling Bell","CeramicFish","Toxic Egg 2","Ice Cream","Emotion Chip","PreservedInsect","Tiny Chest"],"acts_visited":["Exordium","TheCity"],"potions_floor_usage":[12,20,21,25,28,33],"damage_taken":[{"damage":4,"enemies":"Small Slimes","floor":1,"turns":4},{"damage":0,"enemies":"Cultist","floor":2,"turns":3},{"damage":2,"enemies":"Jaw Worm","floor":3,"turns":2},{"damage":8,"enemies":"Blue Slaver","floor":4,"turns":3},{"damage":6,"enemies":"Looter","floor":5,"turns":2},{"damage":0,"enemies":"Gremlin Gang","floor":7,"turns":2},{"damage":8,"enemies":"Gremlin Nob","floor":8,"turns":3},{"damage":13,"enemies":"3 Sentries","floor":11,"turns":5},{"damage":0,"enemies":"Large Slime","floor":12,"turns":4},{"damage":8,"enemies":"Gremlin Nob","floor":13,"turns":3},{"damage":4,"enemies":"Looter","floor":14,"turns":2},{"damage":23,"enemies":"Hexaghost","floor":16,"turns":8},{"damage":4,"enemies":"3 Byrds","floor":18,"turns":6},{"damage":9,"enemies":"2 Thieves","floor":19,"turns":3},{"damage":4,"enemies":"Snecko","floor":20,"turns":4},{"damage":13,"enemies":"Shelled Parasite and Fungi","floor":21,"turns":5},{"damage":16,"enemies":"3 Cultists","floor":22,"turns":6},{"damage":32,"enemies":"Book of Stabbing","floor":25,"turns":5},{"damage":15,"enemies":"Centurion and Healer","floor":27,"turns":9},{"damage":0,"enemies":"Snecko","floor":28,"turns":3},{"damage":0,"enemies":"Sentry and Sphere","floor":31,"turns":3},{"damage":81,"enemies":"Collector","floor":33,"turns":10}],"seed_played":"-6919768427249861029","potions_obtained":[{"floor":2,"key":"BlessingOfTheForge"},{"floor":7,"key":"Swift Potion"},{"floor":11,"key":"Block Potion"},{"floor":12,"key":"Ancient Potion"},{"floor":14,"key":"PotionOfCapacity"},{"floor":19,"key":"Weak Potion"},{"floor":20,"key":"FearPotion"},{"floor":27,"key":"SneckoOil"},{"floor":28,"key":"ColorlessPotion"}],"is_trial":false,"path_per_floor":["M","M","M","M","M","R","M","E","T","?","E","M","E","M","R","B",null,"M","M","M","M","M","R","?","E","T","M","M","R","?","M","R","B"],"character_chosen":"DEFECT","items_purchased":[],"campfire_rested":3,"item_purchase_floors":[],"current_hp_per_floor":[64,64,62,54,48,48,48,40,40,40,27,27,19,15,52,29,64,60,51,47,34,18,55,52,24,24,29,35,35,27,33,57,0,0],"gold":675,"neow_bonus":"UPGRADE_CARD","is_daily":false,"chose_seed":false,"campfire_upgraded":2,"win_rate":0.0,"timestamp":1608564737,"path_taken":["M","M","M","M","M","R","M","E","T","?","E","M","E","?","R","BOSS","M","M","M","M","M","R","?","E","T","M","M","R","?","M","R","BOSS"],"items_purchased_type":[],"build_version":"2020-12-13","purchased_purges":0,"victory":false,"max_hp_per_floor":[75,75,75,75,75,75,75,75,75,75,75,75,75,75,75,75,75,75,75,75,75,75,75,52,52,52,52,52,52,57,57,57,57,57],"card_choices":[{"not_picked":["Self Repair","Conserve Battery"],"picked":"Streamline","floor":1},{"not_picked":["Loop","Conserve Battery"],"picked":"Sunder","floor":2},{"not_picked":["Beam Cell","Turbo"],"picked":"Doom and Gloom","floor":3},{"not_picked":["Coolheaded","Redo"],"picked":"Turbo","floor":4},{"not_picked":["Storm","Turbo"],"picked":"Conserve Battery","floor":5},{"not_picked":["Rebound","Beam Cell","Blizzard"],"picked":"SKIP","floor":7},{"not_picked":["Double Energy","Aggregate"],"picked":"Ball Lightning","floor":8},{"not_picked":["Turbo","Melter"],"picked":"Chill","floor":11},{"not_picked":["Meteor Strike","Gash","Lockon"],"picked":"SKIP","floor":12},{"not_picked":["Self Repair","Redo"],"picked":"Conserve Battery","floor":13},{"not_picked":["Streamline","Hologram"],"picked":"Multi-Cast","floor":14},{"not_picked":["Seek","All For One"],"picked":"Machine Learning","floor":16},{"not_picked":["Turbo+1","Sweeping Beam"],"picked":"Undo+1","floor":18},{"not_picked":["Hello World","Hologram+1"],"picked":"Darkness+1","floor":19},{"not_picked":["Hello World","Undo+1"],"picked":"Fusion+1","floor":20},{"not_picked":["Stack+1","Force Field+1"],"picked":"FTL","floor":21},{"not_picked":["Fusion+1","Leap+1","Storm"],"picked":"SKIP","floor":22},{"not_picked":["Go for the Eyes","Compile Driver"],"picked":"Double Energy+1","floor":23},{"not_picked":["Conserve Battery+1","Redo+1"],"picked":"Go for the Eyes","floor":25},{"not_picked":["Core Surge","Go for the Eyes","Cold Snap"],"picked":"SKIP","floor":27},{"not_picked":["Gash","Cold Snap","Stack+1"],"picked":"SKIP","floor":28},{"not_picked":["Redo+1","Beam Cell","Leap+1"],"picked":"SKIP","floor":31}],"player_experience":1080415,"relics_obtained":[{"floor":8,"key":"Matryoshka"},{"floor":9,"key":"Regal Pillow"},{"floor":9,"key":"Vajra"},{"floor":11,"key":"War Paint"},{"floor":13,"key":"Ancient Tea Set"},{"floor":17,"key":"CeramicFish"},{"floor":17,"key":"Toxic Egg 2"},{"floor":17,"key":"Ice Cream"},{"floor":25,"key":"Emotion Chip"},{"floor":26,"key":"PreservedInsect"},{"floor":26,"key":"Tiny Chest"}],"event_choices":[{"damage_healed":0,"gold_gain":0,"player_choice":"Gave Potion","damage_taken":0,"relics_obtained":["Dream Catcher"],"max_hp_gain":0,"max_hp_loss":0,"event_name":"WeMeetAgain","floor":10,"gold_loss":0},{"damage_healed":0,"gold_gain":0,"player_choice":"Became a vampire","damage_taken":0,"max_hp_gain":0,"max_hp_loss":23,"event_name":"Vampires","floor":24,"gold_loss":0,"cards_obtained":["Bite","Bite","Bite","Bite","Bite"]},{"damage_healed":0,"gold_gain":0,"player_choice":"Shed Blood","damage_taken":13,"max_hp_gain":5,"max_hp_loss":0,"event_name":"Forgotten Altar","floor":30,"gold_loss":0}],"is_beta":false,"boss_relics":[{"not_picked":["Ectoplasm","Empty Cage"],"picked":"Calling Bell"}],"items_purged_floors":[],"is_endless":false,"potions_floor_spawned":[2,7,11,12,14,19,20,27,28],"killed_by":"Collector","ascension_level":6}}