{"host":"i0avyit1s6jb1siw","time":1608548189,"event":{"mods":["BaseMod","DeckTracker","Dota2Spire","Highlight Path","Minty Spire (QoL Compilation)","Quick Restart","Replay The Spire","StSLib","SuperFastMode"],"gold_per_floor":[109,109,122,122,140,140,40,59,59,78,88,88,98,124,124,124,124],"floor_reached":16,"playtime":460,"items_purged":["Strike_R"],"score":208,"play_id":"940633d1-ddf5-4c12-bad1-1215a42bbad7","local_time":"20201221115629","is_ascension_mode":true,"campfire_choices":[{"data":"Bash","floor":6,"key":"SMITH"},{"data":"Reaper","floor":12,"key":"SMITH"},{"data":"Seeing Red","floor":15,"key":"SMITH"}],"circlet_count":0,"master_deck":["AscendersBane","Strike_R+1","Strike_R","Defend_R","Defend_R","Defend_R","Defend_R","Bash+1","Pommel Strike+1","Shrug It Off","Disarm","Armaments","Reaper+1","Seeing Red+1"],"relics":["Burning Blood","Dota2Spire:Butterfly","Peace Pipe"],"acts_visited":["Exordium"],"potions_floor_usage":[16,16],"damage_taken":[{"damage":9,"enemies":"2 Louse","floor":1,"turns":4},{"damage":9,"enemies":"Jaw Worm","floor":3,"turns":5},{"damage":7,"enemies":"Cultist","floor":5,"turns":4},{"damage":1,"enemies":"Exordium Wildlife","floor":8,"turns":3},{"damage":11,"enemies":"Lots of Slimes","floor":10,"turns":7},{"damage":13,"enemies":"Gremlin Gang","floor":11,"turns":5},{"damage":11,"enemies":"3 Louse","floor":13,"turns":4},{"damage":17,"enemies":"Lagavulin","floor":14,"turns":8},{"damage":47,"enemies":"Hexaghost","floor":16,"turns":14}],"seed_played":"5705307163753933511","potions_obtained":[{"floor":3,"key":"BloodPotion"},{"floor":8,"key":"SpeedPotion"},{"floor":11,"key":"Block Potion"}],"is_trial":false,"path_per_floor":["M","?","M","?","M","R","$","M","T","M","M","R","M","E","R","B"],"character_chosen":"IRONCLAD","items_purchased":["Armaments"],"campfire_rested":0,"item_purchase_floors":[7],"current_hp_per_floor":[65,58,55,32,31,31,31,36,36,31,24,24,29,18,18,0,0],"gold":124,"neow_bonus":"REMOVE_CARD","is_daily":false,"chose_seed":false,"campfire_upgraded":3,"win_rate":0.0,"timestamp":1608548189,"path_taken":["M","?","M","?","M","R","?","M","T","M","M","R","M","E","R","BOSS"],"items_purchased_type":["Card"],"build_version":"2020-12-13","purchased_purges":1,"victory":false,"max_hp_per_floor":[75,75,75,75,75,75,75,75,75,75,75,75,75,75,75,75,75],"card_choices":[{"not_picked":["ReplayTheSpireMod:Muscle Training","Sword Boomerang"],"picked":"Pommel Strike","floor":1},{"not_picked":["Flex","Cleave"],"picked":"Shrug It Off","floor":3},{"not_picked":["Headbutt","Rage"],"picked":"Disarm","floor":5},{"not_picked":["ReplayTheSpireMod:Corrosion Curse","True Grit","Clash"],"picked":"SKIP","floor":8},{"not_picked":["Twin Strike","Clash","Cleave"],"picked":"SKIP","floor":10},{"not_picked":["Thunderclap","Clash"],"picked":"Reaper","floor":11},{"not_picked":["Bloodletting","Warcry","Havoc"],"picked":"SKIP","floor":13},{"not_picked":["Pummel","Headbutt"],"picked":"Seeing Red","floor":14}],"player_experience":2090250,"relics_obtained":[{"floor":9,"key":"Dota2Spire:Butterfly"},{"floor":14,"key":"Peace Pipe"}],"event_choices":[{"cards_removed":["Strike_R"],"damage_healed":0,"gold_gain":0,"player_choice":"Card Removal","damage_taken":7,"max_hp_gain":0,"max_hp_loss":0,"event_name":"Golden Wing","floor":2,"gold_loss":0},{"damage_healed":0,"gold_gain":0,"player_choice":"Entered Light","damage_taken":23,"max_hp_gain":0,"max_hp_loss":0,"event_name":"Shining Light","floor":4,"gold_loss":0,"cards_upgraded":["Pommel Strike","Strike_R"]}],"is_beta":false,"boss_relics":[],"items_purged_floors":[7],"is_endless":false,"potions_floor_spawned":[3,8,10,11,13],"killed_by":"Hexaghost","ascension_level":20}}