{"host":"m6aaltr68g9tvoay","time":1608523599,"event":{"mods":["AchievementEnabler","BaseMod","Colored Map","Minty Spire (QoL Compilation)","StSLib"],"gold_per_floor":[113,113,38,3,27,27,70,70,70,90,90,90,112,141,141,228,228,254,157,20,20,20,20,20,55,55,64,79,106,106,37,37,37,37],"floor_reached":33,"playtime":750,"items_purged":[],"score":475,"play_id":"134e6907-2573-41f9-b987-e9d07c0651a7","local_time":"20201220200639","is_ascension_mode":true,"campfire_choices":[{"data":"Zap","floor":6,"key":"SMITH"},{"floor":8,"key":"REST"},{"floor":12,"key":"REST"},{"floor":15,"key":"REST"},{"floor":23,"key":"REST"},{"floor":30,"key":"REST"},{"floor":32,"key":"REST"}],"circlet_count":0,"master_deck":["AscendersBane","Strike_B+1","Strike_B+1","Strike_B+1","Defend_B+1","Defend_B+1","Defend_B+1","Defend_B+1","Zap+1","Dualcast","Gash","BootSequence","Capacitor","Leap","Redo","Ball Lightning","Leap","Echo Form","Ball Lightning","Melter","Loop","Storm","Writhe","BootSequence"],"relics":["Cracked Core","Juzu Bracelet","CeramicFish","Question Card","Velvet Choker","Mango","InkBottle","Calipers","Potion Belt","Nunchaku"],"acts_visited":["Exordium","TheCity"],"potions_floor_usage":[14,16,25],"damage_taken":[{"damage":6,"enemies":"Cultist","floor":1,"turns":4},{"damage":55,"enemies":"3 Sentries","floor":7,"turns":8},{"damage":0,"enemies":"2 Louse","floor":10,"turns":4},{"damage":0,"enemies":"Jaw Worm","floor":13,"turns":4},{"damage":25,"enemies":"Exordium Thugs","floor":14,"turns":4},{"damage":35,"enemies":"The Guardian","floor":16,"turns":11},{"damage":14,"enemies":"Spheric Guardian","floor":18,"turns":6},{"damage":38,"enemies":"Book of Stabbing","floor":25,"turns":6},{"damage":17,"enemies":"Shell Parasite","floor":28,"turns":4},{"damage":81,"enemies":"Collector","floor":33,"turns":6}],"seed_played":"4625877214693627388","potions_obtained":[{"floor":13,"key":"SkillPotion"},{"floor":14,"key":"SkillPotion"},{"floor":16,"key":"ColorlessPotion"},{"floor":18,"key":"Ancient Potion"}],"is_trial":false,"path_per_floor":["M","$","$","?","T","R","E","R","T","M","?","R","M","M","R","B",null,"M","?","$","?","?","R","$","E","T","?","M","T","R","$","R","B"],"character_chosen":"DEFECT","items_purchased":["Capacitor","Melter","Loop","BootSequence"],"campfire_rested":6,"item_purchase_floors":[3,20,20,31],"current_hp_per_floor":[58,58,58,71,71,71,16,37,37,37,37,58,58,33,54,19,58,44,58,58,58,58,83,83,45,45,45,28,28,53,53,78,0,0],"gold":37,"neow_bonus":"TRANSFORM_CARD","is_daily":false,"chose_seed":false,"campfire_upgraded":1,"win_rate":0.0,"timestamp":1608523599,"path_taken":["M","?","$","?","?","R","E","R","T","M","?","R","M","M","R","BOSS","M","?","$","?","?","R","$","E","T","?","M","?","R","?","R","BOSS"],"items_purchased_type":["Card","Card","Card","Card"],"build_version":"2020-12-13","purchased_purges":0,"victory":false,"max_hp_per_floor":[71,71,71,71,71,71,71,71,71,71,71,71,71,71,71,71,71,71,85,85,85,85,85,85,85,85,85,85,85,85,85,85,85,85],"card_choices":[{"not_picked":["Streamline","Ball Lightning"],"picked":"BootSequence","floor":1},{"not_picked":["Hello World","Undo"],"picked":"Leap","floor":7},{"not_picked":["Skim","Heatsinks","Streamline"],"picked":"Redo","floor":10},{"not_picked":["Redo","Heatsinks","Coolheaded"],"picked":"Ball Lightning","floor":13},{"not_picked":["Undo","Go for the Eyes","Steam"],"picked":"Leap","floor":14},{"not_picked":["Machine Learning","Core Surge","All For One"],"picked":"Echo Form","floor":16},{"not_picked":["Turbo","Skim","Go for the Eyes"],"picked":"Ball Lightning","floor":18},{"not_picked":["Scrape","Coolheaded","Ball Lightning"],"picked":"Storm","floor":25},{"not_picked":["Storm","Compile Driver","Double Energy","Heatsinks"],"picked":"SKIP","floor":28}],"player_experience":1274699,"relics_obtained":[{"floor":5,"key":"Juzu Bracelet"},{"floor":7,"key":"CeramicFish"},{"floor":9,"key":"Question Card"},{"floor":25,"key":"InkBottle"},{"floor":26,"key":"Calipers"},{"floor":29,"key":"Nunchaku"}],"event_choices":[{"damage_healed":17,"gold_gain":0,"player_choice":"Healed","damage_taken":0,"max_hp_gain":0,"max_hp_loss":0,"event_name":"The Cleric","floor":4,"gold_loss":35},{"damage_healed":0,"gold_gain":0,"player_choice":"Ignored","damage_taken":0,"max_hp_gain":0,"max_hp_loss":0,"event_name":"Shining Light","floor":11,"gold_loss":0},{"damage_healed":0,"gold_gain":0,"player_choice":"Paid Gold","damage_taken":0,"relics_obtained":["Mango"],"max_hp_gain":0,"max_hp_loss":0,"event_name":"WeMeetAgain","floor":19,"gold_loss":97},{"damage_healed":0,"gold_gain":0,"player_choice":"Simplicity","damage_taken":0,"max_hp_gain":0,"max_hp_loss":0,"event_name":"Back to Basics","floor":21,"gold_loss":0,"cards_upgraded":["Strike_B","Strike_B","Strike_B","Defend_B","Defend_B","Defend_B","Defend_B"]},{"damage_healed":0,"gold_gain":0,"player_choice":"Ignored","damage_taken":0,"max_hp_gain":0,"max_hp_loss":0,"event_name":"Ghosts","floor":22,"gold_loss":0},{"damage_healed":0,"gold_gain":0,"player_choice":"Opened","damage_taken":0,"relics_obtained":["Potion Belt"],"max_hp_gain":0,"max_hp_loss":0,"event_name":"The Mausoleum","floor":27,"gold_loss":0,"cards_obtained":["Writhe"]}],"is_beta":false,"boss_relics":[{"not_picked":["Runic Pyramid","Sozu"],"picked":"Velvet Choker"}],"items_purged_floors":[],"is_endless":false,"potions_floor_spawned":[13,14,16,18],"killed_by":"Collector","ascension_level":17}}