{"host":"rqd50iigewdjy74u","time":1608536490,"event":{"mods":["AchievementEnabler","BaseMod","BetterRewards","Custom Start","Minty Spire (QoL Compilation)","StSLib"],"gold_per_floor":[112,112,130,143,162,196,215,235,258,268,268,284,284,304,304,399,399,416,416,416,436,4,4,36,48,74,74,88,88,98,116,116,116,116],"floor_reached":33,"playtime":1731,"items_purged":[],"score":325,"play_id":"df9f445a-4742-4690-8aa2-2ba372c37a4b","local_time":"20201221014130","daily_mods":["Draft"],"is_ascension_mode":false,"campfire_choices":[{"data":"Aggregate","floor":11,"key":"SMITH"},{"data":"Creative AI","floor":15,"key":"SMITH"},{"data":"White Noise","floor":23,"key":"SMITH"},{"data":"White Noise","floor":32,"key":"SMITH"}],"circlet_count":0,"master_deck":["Chill","Capacitor","BootSequence","Ball Lightning","Gash","Conserve Battery","Barrage","Beam Cell+1","White Noise+1","Aggregate+1","Darkness","Compile Driver","Stack","Redo","Coolheaded","Steam","White Noise+1","Gash","Ball Lightning+1","Coolheaded","Sweeping Beam","Sweeping Beam","Conserve Battery","Creative AI+1","Scrape","Electrodynamics","Turbo","FTL","Gash","Rip and Tear+1","Beam Cell","Coolheaded+1","Dramatic Entrance","White Noise","BootSequence+1"],"relics":["Unceasing Top","Toy Ornithopter","Centennial Puzzle","Regal Pillow","Inserter","Matryoshka","Blood Vial","PreservedInsect","MealTicket","Anchor","Boot","Whetstone"],"acts_visited":["Exordium","TheCity"],"potions_floor_usage":[16,16,24,24,25,30,33],"damage_taken":[{"damage":0,"enemies":"Small Slimes","floor":1,"turns":3},{"damage":0,"enemies":"Cultist","floor":3,"turns":4},{"damage":0,"enemies":"2 Louse","floor":4,"turns":2},{"damage":2,"enemies":"Blue Slaver","floor":5,"turns":4},{"damage":13,"enemies":"Gremlin Nob","floor":6,"turns":4},{"damage":0,"enemies":"Looter","floor":7,"turns":3},{"damage":0,"enemies":"Exordium Wildlife","floor":8,"turns":3},{"damage":0,"enemies":"Blue Slaver","floor":10,"turns":4},{"damage":0,"enemies":"Large Slime","floor":12,"turns":4},{"damage":0,"enemies":"Lots of Slimes","floor":14,"turns":2},{"damage":16,"enemies":"The Guardian","floor":16,"turns":7},{"damage":14,"enemies":"Chosen","floor":18,"turns":6},{"damage":0,"enemies":"Shell Parasite","floor":21,"turns":2},{"damage":33,"enemies":"Slavers","floor":24,"turns":6},{"damage":19,"enemies":"Sentry and Sphere","floor":25,"turns":4},{"damage":6,"enemies":"Centurion and Healer","floor":28,"turns":5},{"damage":5,"enemies":"3 Cultists","floor":30,"turns":5},{"damage":0,"enemies":"Shelled Parasite and Fungi","floor":31,"turns":1},{"damage":33,"enemies":"Champ","floor":33,"turns":8}],"seed_played":"-1146588785327468312","potions_obtained":[{"floor":1,"key":"Dexterity Potion"},{"floor":2,"key":"GamblersBrew"},{"floor":2,"key":"Explosive Potion"},{"floor":2,"key":"LiquidBronze"},{"floor":16,"key":"Block Potion"},{"floor":21,"key":"PowerPotion"},{"floor":25,"key":"AttackPotion"},{"floor":30,"key":"EssenceOfSteel"}],"is_trial":true,"path_per_floor":["M","?","M","M","M","E","M","M","T","M","R","M","?","M","R","B",null,"M","?","?","M","$","R","E","M","T","T","M","?","M","M","R","B"],"character_chosen":"DEFECT","items_purchased":["Matryoshka","Gash","Blood Vial"],"campfire_rested":0,"item_purchase_floors":[22,22,22],"current_hp_per_floor":[75,75,75,75,73,60,60,60,60,60,60,60,57,57,57,51,75,61,61,61,61,61,61,40,28,28,28,24,12,14,16,16,0,0],"gold":116,"neow_bonus":"","is_daily":false,"chose_seed":false,"campfire_upgraded":4,"win_rate":0.0,"timestamp":1608536490,"path_taken":["M","?","?","M","M","E","M","M","T","M","R","M","?","M","R","BOSS","M","?","?","M","?","R","E","M","T","?","M","?","?","M","R","BOSS"],"items_purchased_type":["Relic","Card","Relic"],"build_version":"2020-12-13","purchased_purges":0,"victory":false,"max_hp_per_floor":[75,75,75,75,75,75,75,75,75,75,75,75,75,75,75,75,75,75,75,75,75,75,75,75,75,75,75,75,75,75,75,75,75,75],"card_choices":[{"not_picked":["Melter","Compile Driver"],"picked":"Chill","floor":0},{"not_picked":["Lockon","Coolheaded"],"picked":"Capacitor","floor":0},{"not_picked":["Rip and Tear","Consume"],"picked":"BootSequence","floor":0},{"not_picked":["Rebound","Streamline"],"picked":"Ball Lightning","floor":0},{"not_picked":["Streamline","Beam Cell"],"picked":"Gash","floor":0},{"not_picked":["Steam","Doom and Gloom"],"picked":"Conserve Battery","floor":0},{"not_picked":["Fusion","Doom and Gloom"],"picked":"Barrage","floor":0},{"not_picked":["Barrage","Chaos"],"picked":"Beam Cell","floor":0},{"not_picked":["Beam Cell","Coolheaded"],"picked":"White Noise","floor":0},{"not_picked":["Coolheaded","Chill"],"picked":"Aggregate","floor":0},{"not_picked":["Barrage","Blizzard"],"picked":"Darkness","floor":0},{"not_picked":["Tempest","Force Field"],"picked":"Compile Driver","floor":0},{"not_picked":["Redo","Compile Driver"],"picked":"Stack","floor":0},{"not_picked":["Recycle","Undo"],"picked":"Redo","floor":0},{"not_picked":["FTL","Barrage"],"picked":"Coolheaded","floor":0},{"not_picked":["Leap","BootSequence"],"picked":"Steam","floor":1},{"not_picked":["Go for the Eyes","Reprogram"],"picked":"White Noise","floor":3},{"not_picked":["Go for the Eyes","Chill"],"picked":"Gash","floor":4},{"not_picked":["Go for the Eyes","Beam Cell"],"picked":"Ball Lightning","floor":5},{"not_picked":["Turbo","Auto Shields"],"picked":"Coolheaded","floor":6},{"not_picked":["Melter","Turbo"],"picked":"Sweeping Beam","floor":7},{"not_picked":["Streamline","Cold Snap"],"picked":"Sweeping Beam","floor":8},{"not_picked":["Rip and Tear","Steam"],"picked":"Conserve Battery","floor":10},{"not_picked":["Rip and Tear","Turbo"],"picked":"Creative AI","floor":12},{"not_picked":["Stack","Auto Shields"],"picked":"Scrape","floor":14},{"not_picked":["Buffer","Thunder Strike"],"picked":"Electrodynamics","floor":16},{"not_picked":["Ball Lightning","Beam Cell+1"],"picked":"Turbo","floor":18},{"not_picked":["Ball Lightning+1","Melter+1"],"picked":"FTL","floor":21},{"not_picked":["Buffer","Steam"],"picked":"Rip and Tear+1","floor":24},{"not_picked":["Sweeping Beam","Melter"],"picked":"Beam Cell","floor":25},{"not_picked":["Hello World","Fusion"],"picked":"Coolheaded+1","floor":28},{"not_picked":["Gash","Steam+1"],"picked":"White Noise","floor":30},{"not_picked":["Steam Power","Hologram"],"picked":"BootSequence+1","floor":31}],"player_experience":100326,"relics_obtained":[{"floor":6,"key":"Toy Ornithopter"},{"floor":9,"key":"Centennial Puzzle"},{"floor":24,"key":"PreservedInsect"},{"floor":26,"key":"MealTicket"},{"floor":26,"key":"Anchor"},{"floor":27,"key":"Boot"},{"floor":27,"key":"Whetstone"}],"event_choices":[{"damage_healed":0,"gold_gain":0,"player_choice":"Got Potions","damage_taken":0,"max_hp_gain":0,"max_hp_loss":0,"event_name":"Lab","floor":2,"gold_loss":0},{"damage_healed":0,"gold_gain":0,"player_choice":"Success","damage_taken":3,"relics_obtained":["Regal Pillow"],"max_hp_gain":0,"max_hp_loss":0,"event_name":"Scrap Ooze","floor":13,"gold_loss":0},{"damage_healed":0,"gold_gain":0,"player_choice":"Ignored","damage_taken":0,"max_hp_gain":0,"max_hp_loss":0,"event_name":"Beggar","floor":19,"gold_loss":0},{"damage_healed":0,"gold_gain":0,"player_choice":"Ignored","damage_taken":0,"max_hp_gain":0,"max_hp_loss":0,"event_name":"Vampires","floor":20,"gold_loss":0},{"damage_healed":0,"gold_gain":0,"player_choice":"CARD ","damage_taken":12,"max_hp_gain":0,"max_hp_loss":0,"event_name":"Knowing Skull","floor":29,"potions_obtained":[],"gold_loss":0,"cards_obtained":["Dramatic Entrance"]}],"is_beta":false,"boss_relics":[{"not_picked":["Empty Cage","Velvet Choker"],"picked":"Inserter"}],"items_purged_floors":[],"is_endless":true,"potions_floor_spawned":[1,6,8,12,16,21,25,30],"killed_by":"Champ","ascension_level":0}}