{"host":"t179ovrkr5k1gnfh","time":1608562589,"event":{"mods":["AchievementEnabler","BaseMod","Colored Map","Downfall","Minty Spire (QoL Compilation)","StSLib"],"gold_per_floor":[99,128,303,303,303,329,380,380,380,411,411,426,436,536,553,651,651,426,452,471,621,632,632,656,656,174,208,32,32,48,106,119,217,217,217,235,267,278,289,289,365,365,394,394,404,157,167,167,177,177,177,210,20,20,20],"floor_reached":56,"playtime":8049,"items_purged":["Slimebound:Strike_Slimebound","Slimebound:Defend_Slimebound","Slimebound:Tackle","Parasite","Slimebound:Nibble+1"],"score":1661,"play_id":"c73e29b2-83c0-417c-87bf-14c592ddf741","local_time":"20201221155629","is_ascension_mode":false,"campfire_choices":[{"floor":1,"key":"RECALL"},{"data":"Slimebound:CorrosiveSpit","floor":4,"key":"SMITH"},{"data":"Slimebound:MegaLick","floor":18,"key":"SMITH"},{"data":"Slimebound:Split","floor":23,"key":"SMITH"},{"data":"1","floor":35,"key":"LIFT"},{"data":"2","floor":40,"key":"LIFT"},{"data":"Slimebound:LeechEnergy","floor":42,"key":"SMITH"},{"data":"Slimebound:MassFeed","floor":44,"key":"SMITH"},{"data":"3","floor":54,"key":"LIFT"}],"circlet_count":0,"master_deck":["Slimebound:Defend_Slimebound+1","Slimebound:Split+1","Slimebound:CorrosiveSpit+1","Slimebound:GrowthPunch+1","Slimebound:FinishingTackle+1","Slimebound:Recollect","Slimebound:Recycling+1","Slimebound:SplitLeeching","Slimebound:MegaLick+1","Slimebound:SplitBruiser","Slimebound:MassRepurpose","Slimebound:SplitMire","Slimebound:Recycling","Slimebound:MassFeed+1","Slimebound:ProtectTheBoss+1","Slimebound:SlimeSpikes","Slimebound:SplitSpecialist","Slimebound:SlimeBrawl+1","Slimebound:GrowthPunch+1","Slimebound:LeechEnergy+1","Slimebound:SelfFormingGoo+1","Slimebound:SlimeBrawl+1","Slimebound:Recollect"],"relics":["Slimebound:AbsorbEndCombat","downfall:HeartsMalice","Blood Vial","Orichalcum","Coffee Dripper","downfall:HeartBlessingRed","downfall:HeartBlessingGreen","downfall:HeartBlessingBlue","Girya","Lantern","Membership Card","Thread and Needle","Shuriken","Bottled Tornado","OrangePellets","White Beast Statue","TheAbacus","Black Star","Question Card","Sundial","Mercury Hourglass","Centennial Puzzle","Potion Belt","Whetstone","Lee\u0027s Waffle","Happy Flower","Nunchaku"],"acts_visited":["Exordium","TheCity","TheBeyond","TheEnding"],"potions_floor_usage":[15,16,19,27,32,32,33,37,37,39,49,50,52,55,55,55,55],"damage_taken":[{"damage":0,"enemies":"Lagavulin","floor":2,"turns":1},{"damage":0,"enemies":"3 Sentries","floor":6,"turns":1},{"damage":0,"enemies":"Small Slimes","floor":8,"turns":1},{"damage":13,"enemies":"Gremlin Nob","floor":10,"turns":4},{"damage":4,"enemies":"Cultist","floor":12,"turns":3},{"damage":3,"enemies":"2 Louse","floor":13,"turns":2},{"damage":24,"enemies":"downfall:Heads","floor":14,"turns":5},{"damage":21,"enemies":"Exordium Thugs","floor":15,"turns":3},{"damage":22,"enemies":"downfall:Ironclad","floor":16,"turns":7},{"damage":27,"enemies":"Gremlin Leader","floor":19,"turns":6},{"damage":32,"enemies":"3 Byrds","floor":20,"turns":4},{"damage":16,"enemies":"Snecko","floor":22,"turns":5},{"damage":20,"enemies":"downfall:FleeingMerchant","floor":26,"turns":4},{"damage":28,"enemies":"Book of Stabbing","floor":27,"turns":3},{"damage":32,"enemies":"downfall:FleeingMerchant","floor":28,"turns":4},{"damage":23,"enemies":"Centurion and Healer","floor":30,"turns":4},{"damage":19,"enemies":"downfall:FleeingMerchant","floor":31,"turns":3},{"damage":28,"enemies":"Chosen and Byrds","floor":32,"turns":5},{"damage":48,"enemies":"downfall:Defect","floor":33,"turns":6},{"damage":34,"enemies":"3 Darklings","floor":36,"turns":4},{"damage":44,"enemies":"Reptomancer","floor":37,"turns":5},{"damage":43,"enemies":"3 Shapes","floor":38,"turns":3},{"damage":32,"enemies":"Spire Growth","floor":39,"turns":5},{"damage":32,"enemies":"Giant Head","floor":43,"turns":4},{"damage":32,"enemies":"Writhing Mass","floor":45,"turns":4},{"damage":40,"enemies":"Maw","floor":47,"turns":5},{"damage":32,"enemies":"3 Darklings","floor":49,"turns":2},{"damage":56,"enemies":"downfall:Watcher","floor":50,"turns":5},{"damage":48,"enemies":"downfall:CharBossMerchant","floor":52,"turns":5},{"damage":48,"enemies":"downfall:NeowBoss","floor":55,"turns":15}],"seed_played":"-3220747695419080211","potions_obtained":[{"floor":2,"key":"Block Potion"},{"floor":10,"key":"Swift Potion"},{"floor":15,"key":"Dexterity Potion"},{"floor":16,"key":"Slimebound:SlimedPotion"},{"floor":29,"key":"CultistPotion"},{"floor":30,"key":"SteroidPotion"},{"floor":32,"key":"Slimebound:ThreeZeroPotion"},{"floor":33,"key":"Slimebound:SlimedPotion"},{"floor":36,"key":"PowerPotion"},{"floor":37,"key":"ColorlessPotion"},{"floor":38,"key":"SpeedPotion"},{"floor":39,"key":"Block Potion"},{"floor":43,"key":"SpeedPotion"},{"floor":45,"key":"Explosive Potion"},{"floor":47,"key":"Strength Potion"},{"floor":49,"key":"Block Potion"},{"floor":52,"key":"LiquidBronze"}],"is_trial":false,"path_per_floor":["R","E","?","R","?","E","T","M","?","E","?","M","M","?","M","B",null,"R","E","M","?","M","R","T","?","$","E","$","?","M","$","M","B",null,"R","M","E","M","M","R","T","R","E","R","M","$","M","?","M","B",null,"E","$","R","B",null],"character_chosen":"SLIMEBOUND","items_purchased":["Membership Card","Thread and Needle","Shuriken","OrangePellets","Slimebound:MassFeed","White Beast Statue","TheAbacus","Whetstone","Lee\u0027s Waffle","Slimebound:Recollect","Nunchaku","Strength Potion"],"campfire_rested":0,"item_purchase_floors":[26,26,26,28,28,31,31,46,46,46,53,53],"current_hp_per_floor":[60,60,60,60,60,60,60,60,60,55,55,60,59,58,53,60,60,70,70,66,66,70,70,70,70,69,70,70,70,73,73,69,69,73,73,73,74,71,79,79,79,79,82,82,82,86,90,90,94,94,94,94,94,94,94],"gold":20,"neow_bonus":"THREE_ENEMY_KILL","is_daily":false,"chose_seed":false,"campfire_upgraded":5,"win_rate":0.0,"timestamp":1608562589,"path_taken":["R","E","?","R","?","E","T","?","?","E","?","?","M","?","M","BOSS","R","E","M","?","?","R","T","?","?","E","$","?","M","?","M","BOSS","R","M","E","M","M","R","T","R","E","R","M","$","M","?","M","BOSS","E","$","R","BOSS"],"items_purchased_type":["Relic","Relic","Relic","Relic","Card","Relic","Relic","Relic","Relic","Card","Relic","Potion"],"build_version":"2020-12-13","purchased_purges":5,"victory":true,"max_hp_per_floor":[60,60,60,60,60,60,60,60,60,60,60,60,60,60,60,60,60,70,70,70,70,70,70,70,70,70,70,70,70,73,73,73,73,73,73,76,76,79,79,79,79,79,82,82,82,86,90,90,94,94,94,94,94,94,94],"card_choices":[{"not_picked":["Slimebound:LeadByExample","Slimebound:SamplingLick"],"picked":"Slimebound:GrowthPunch","floor":2},{"not_picked":["Slimebound:Schlurp","Slimebound:SpikyOuterGoop"],"picked":"Slimebound:FinishingTackle","floor":6},{"not_picked":["Slimebound:SplitLeeching","Slimebound:SamplingLick"],"picked":"Slimebound:Nibble","floor":8},{"not_picked":["Slimebound:Schlurp","Slimebound:SamplingLick"],"picked":"Slimebound:Recollect","floor":10},{"not_picked":["Slimebound:FinishingTackle","Slimebound:ForwardTackle"],"picked":"Slimebound:Recycling","floor":12},{"not_picked":["Slimebound:Schlurp","Slimebound:DisruptingSlam"],"picked":"Slimebound:SplitLeeching","floor":13},{"not_picked":["Slimebound:Schlurp","Slimebound:Repurpose"],"picked":"Slimebound:SplitBruiser","floor":14},{"not_picked":["Slimebound:FormOfPuddle","Slimebound:BestDefense","Slimebound:PressTheAttack"],"picked":"SKIP","floor":15},{"not_picked":["Slimebound:DuplicatedForm","Slimebound:RallyTheTroops"],"picked":"Slimebound:MassRepurpose","floor":16},{"not_picked":["Slimebound:Schlurp","Slimebound:MegaLick+1","Slimebound:Repurpose"],"picked":"SKIP","floor":19},{"not_picked":["Slimebound:Schlurp","Slimebound:PressTheAttack","Slimebound:GoopSpray+1"],"picked":"SKIP","floor":20},{"not_picked":["Slimebound:ProtectTheBoss","Slimebound:Schlurp","Slimebound:LeechingTouch"],"picked":"SKIP","floor":22},{"not_picked":["Slimebound:SamplingLick","Slimebound:FormOfPuddle"],"picked":"Slimebound:SplitMire","floor":26},{"not_picked":["Slimebound:SamplingLick+1","Slimebound:SplitBruiser","Slimebound:ForwardTackle+1"],"picked":"SKIP","floor":27},{"not_picked":["Slimebound:SamplingLick","Slimebound:FinishingTackle"],"picked":"Slimebound:Recycling","floor":28},{"not_picked":["Slimebound:LevelUp","Slimebound:GrowthPunch"],"picked":"Slimebound:ProtectTheBoss+1","floor":30},{"not_picked":["Slimebound:ViciousTackle+1","Slimebound:FormOfPuddle"],"picked":"Slimebound:SlimeSpikes","floor":31},{"not_picked":["Slimebound:SplitLeeching","Slimebound:Dissolve"],"picked":"Slimebound:SplitSpecialist","floor":32},{"not_picked":["Slimebound:SamplingLick+1","Slimebound:LeechingTouch+1"],"picked":"Slimebound:SlimeBrawl+1","floor":36},{"not_picked":["Slimebound:RallyTheTroops","Slimebound:MegaLick","Slimebound:GoopSpray+1"],"picked":"SKIP","floor":37},{"not_picked":["Slimebound:SlimeSpikes+1","Slimebound:SamplingLick","Slimebound:SplitAcid"],"picked":"Slimebound:GrowthPunch+1","floor":38},{"not_picked":["Slimebound:PressTheAttack","Slimebound:GoopSpray","Slimebound:ComboTackle"],"picked":"Slimebound:LeechEnergy","floor":39},{"not_picked":["Slimebound:RainOfGoop+1","Slimebound:RollThrough+1","Slimebound:ComboTackle+1"],"picked":"Slimebound:SelfFormingGoo","floor":43},{"not_picked":["Slimebound:ViciousTackle+1","Slimebound:ComboTackle+1","Slimebound:SamplingLick"],"picked":"Slimebound:SlimeBrawl+1","floor":45},{"not_picked":["Slimebound:FlameTackle+1","Slimebound:SamplingLick","Slimebound:Prepare","Slimebound:Schlurp"],"picked":"SKIP","floor":47},{"not_picked":["Slimebound:ItLooksTasty+1","Slimebound:DisruptingSlam","Slimebound:Schlurp+1","Slimebound:SplitBruiser+1"],"picked":"SKIP","floor":49},{"not_picked":["Slimebound:GrowthPunch+1","Slimebound:LeechingTouch","Slimebound:ComboTackle","Slimebound:Schlurp+1"],"picked":"SKIP","floor":52}],"player_experience":122859,"relics_obtained":[{"floor":2,"key":"Omamori"},{"floor":6,"key":"Blood Vial"},{"floor":10,"key":"Orichalcum"},{"floor":19,"key":"Girya"},{"floor":24,"key":"Lantern"},{"floor":27,"key":"Bottled Tornado"},{"floor":37,"key":"Question Card"},{"floor":37,"key":"Sundial"},{"floor":41,"key":"Mercury Hourglass"},{"floor":43,"key":"Centennial Puzzle"},{"floor":43,"key":"Potion Belt"},{"floor":52,"key":"Happy Flower"}],"event_choices":[{"cards_removed":["Slimebound:Defend_Slimebound"],"damage_healed":0,"gold_gain":0,"player_choice":"Purged","damage_taken":0,"max_hp_gain":0,"max_hp_loss":0,"event_name":"Purifier","floor":5,"gold_loss":0},{"cards_removed":["Slimebound:Strike_Slimebound"],"damage_healed":0,"gold_gain":0,"player_choice":"Card Removal","damage_taken":0,"max_hp_gain":0,"max_hp_loss":0,"event_name":"The Cleric","floor":11,"gold_loss":0},{"damage_healed":0,"gold_gain":0,"player_choice":"Forge","damage_taken":0,"max_hp_gain":0,"max_hp_loss":0,"event_name":"Accursed Blacksmith","floor":25,"gold_loss":0,"cards_upgraded":["Slimebound:Nibble"]},{"damage_healed":0,"gold_gain":0,"player_choice":"Upgraded","damage_taken":0,"max_hp_gain":0,"max_hp_loss":0,"event_name":"Upgrade Shrine","floor":48,"gold_loss":0,"cards_upgraded":["Slimebound:SelfFormingGoo"]}],"is_beta":false,"boss_relics":[{"not_picked":["Busted Crown","Tiny House"],"picked":"Coffee Dripper"},{"not_picked":["Sozu","expansioncontent:StudyCardRelic"],"picked":"Black Star"}],"items_purged_floors":[26,28,31,46,53],"is_endless":false,"potions_floor_spawned":[2,10,15,16,30,32,33,36,37,38,39,43,45,47,49,52],"ascension_level":0}}