{"host":"wg33yb1rgt3nbe17","time":1608541196,"event":{"mods":["AchievementEnabler","BaseMod","Colored Map","Minty Spire (QoL Compilation)","Permanent Neow","Relic Stats","StSLib"],"gold_per_floor":[115,115,40,40,53,53,78,78,157,174,174,187,187,187,187,316,316,336,386,406,420,438,438,438],"floor_reached":23,"playtime":600,"items_purged":["Regret"],"score":220,"play_id":"546ecf01-4aa6-47ff-90e3-2e0ddf733480","local_time":"20201221035956","is_ascension_mode":true,"campfire_choices":[{"data":"Regret","floor":6,"key":"PURGE"},{"floor":13,"key":"REST"},{"floor":15,"key":"REST"}],"circlet_count":0,"master_deck":["Strike_B","Strike_B","Strike_B","Strike_B","Defend_B+1","Defend_B","Defend_B","Defend_B","Zap","Dualcast","Echo Form","Cold Snap","Static Discharge+1","Rebound+1","Injury","Biased Cognition","FTL+1","Loop","Hologram"],"relics":["Cracked Core","Peace Pipe","Singing Bowl","Molten Egg 2","Emotion Chip","Golden Idol","Philosopher\u0027s Stone"],"acts_visited":["Exordium","TheCity"],"potions_floor_usage":[16,21,23,23],"damage_taken":[{"damage":14,"enemies":"Jaw Worm","floor":1,"turns":3},{"damage":4,"enemies":"2 Louse","floor":5,"turns":3},{"damage":17,"enemies":"Lagavulin","floor":7,"turns":7},{"damage":0,"enemies":"Small Slimes","floor":10,"turns":3},{"damage":22,"enemies":"3 Louse","floor":12,"turns":3},{"damage":33,"enemies":"Slime Boss","floor":16,"turns":5},{"damage":2,"enemies":"Spheric Guardian","floor":18,"turns":4},{"damage":35,"enemies":"2 Thieves","floor":20,"turns":3},{"damage":33,"enemies":"Sentry and Sphere","floor":21,"turns":4},{"damage":19,"enemies":"Snecko","floor":22,"turns":4},{"damage":12,"enemies":"Cultist and Chosen","floor":23,"turns":3}],"seed_played":"-4658516092644170457","potions_obtained":[{"floor":7,"key":"LiquidMemories"},{"floor":10,"key":"EssenceOfDarkness"},{"floor":18,"key":"Regen Potion"},{"floor":22,"key":"DistilledChaos"}],"is_trial":false,"path_per_floor":["M","?","$","?","M","R","E","?","T","M","?","M","R","?","R","B",null,"M","?","M","M","M","M"],"character_chosen":"DEFECT","items_purchased":[],"campfire_rested":2,"item_purchase_floors":[],"current_hp_per_floor":[61,61,61,61,57,57,42,27,27,27,27,7,30,30,53,20,79,77,77,42,21,4,0,0],"gold":438,"neow_bonus":"THREE_RARE_CARDS","is_daily":false,"chose_seed":false,"campfire_upgraded":0,"win_rate":0.0,"timestamp":1608541196,"path_taken":["M","?","$","?","M","R","E","?","T","M","?","M","R","?","R","BOSS","M","?","M","?","M","M"],"items_purchased_type":[],"build_version":"2020-12-13","purchased_purges":1,"victory":false,"max_hp_per_floor":[75,75,75,75,75,75,77,77,77,77,77,79,79,79,79,79,79,79,79,79,79,81,81,81],"relic_stats":{"Peace Pipe":1,"Emotion Chip":[22,18,4,0,0],"Singing Bowl":6,"counters":[11,42],"Golden Idol":41,"obtain_stats":[{"Peace Pipe":2,"Emotion Chip":11,"Singing Bowl":7,"Golden Idol":14,"Molten Egg 2":9,"Philosopher\u0027s Stone":17,"Cracked Core":0},{"Peace Pipe":1,"Emotion Chip":4,"Singing Bowl":3,"Golden Idol":5,"Molten Egg 2":3,"Philosopher\u0027s Stone":6,"Cracked Core":0},{"Peace Pipe":3,"Emotion Chip":16,"Singing Bowl":13,"Golden Idol":19,"Molten Egg 2":13,"Philosopher\u0027s Stone":24,"Cracked Core":0}]},"card_choices":[{"not_picked":["Fission","Creative AI"],"picked":"Echo Form","floor":0},{"not_picked":["Go for the Eyes","Gash"],"picked":"Cold Snap","floor":1},{"not_picked":["Ball Lightning","Turbo"],"picked":"Static Discharge","floor":5},{"not_picked":["Blizzard","Sweeping Beam","Force Field"],"picked":"Singing Bowl","floor":7},{"not_picked":["Hologram","Steam"],"picked":"Rebound+1","floor":10},{"not_picked":["Beam Cell+1","Loop","Fission"],"picked":"Singing Bowl","floor":12},{"not_picked":["Rainbow","Echo Form"],"picked":"Biased Cognition","floor":16},{"not_picked":["Sweeping Beam+1","Go for the Eyes+1"],"picked":"FTL+1","floor":18},{"not_picked":["Cold Snap+1","Reprogram"],"picked":"Loop","floor":20},{"not_picked":["Blizzard+1","Skim+1"],"picked":"Hologram","floor":21},{"not_picked":["Streamline+1","Hello World","Sweeping Beam+1"],"picked":"Singing Bowl","floor":22}],"player_experience":525254,"relics_obtained":[{"floor":7,"key":"Singing Bowl"},{"floor":9,"key":"Molten Egg 2"}],"event_choices":[{"damage_healed":0,"gold_gain":0,"player_choice":"Box","damage_taken":0,"relics_obtained":["Peace Pipe"],"max_hp_gain":0,"max_hp_loss":0,"event_name":"Big Fish","floor":2,"gold_loss":0,"cards_obtained":["Regret"]},{"damage_healed":0,"gold_gain":0,"player_choice":"Leave","damage_taken":0,"max_hp_gain":0,"max_hp_loss":0,"event_name":"The Cleric","floor":4,"gold_loss":0},{"damage_healed":0,"gold_gain":0,"player_choice":"Entered Light","damage_taken":15,"max_hp_gain":0,"max_hp_loss":0,"event_name":"Shining Light","floor":8,"gold_loss":0,"cards_upgraded":["Static Discharge","Defend_B"]},{"damage_healed":0,"gold_gain":0,"player_choice":"Searched \u00272\u0027 times","damage_taken":0,"relics_obtained":["Emotion Chip"],"max_hp_gain":0,"max_hp_loss":0,"event_name":"Dead Adventurer","floor":11,"gold_loss":0},{"damage_healed":0,"gold_gain":0,"player_choice":"Take Wound","damage_taken":0,"relics_obtained":["Golden Idol"],"max_hp_gain":0,"max_hp_loss":0,"event_name":"Golden Idol","floor":14,"gold_loss":0,"cards_obtained":["Injury"]},{"damage_healed":0,"gold_gain":100,"player_choice":"Bet on Murderer","damage_taken":0,"max_hp_gain":0,"max_hp_loss":0,"event_name":"The Joust","floor":19,"gold_loss":50}],"is_beta":false,"boss_relics":[{"not_picked":["Ectoplasm","Snecko Eye"],"picked":"Philosopher\u0027s Stone"}],"items_purged_floors":[3],"is_endless":false,"potions_floor_spawned":[7,10,18,22],"killed_by":"Cultist and Chosen","ascension_level":3}}