{"host":"hfvpa4llnnjpeawn","time":1608517017,"event":{"mods":["2.2 Compatiblity","AchievementEnabler","Act Like it!","Aspiration","Bard","BaseMod","Beaked The Cultist","Better Sensory Stone","Better Skull","Better Third Choice","BetterRewards","CapriCore","Conspire","Downfall","Elementarium","Energized Spire","Hermit","Hubris","Jorbs\u0027s Wanderer Trilogy","Koishi","Lobotomy","LobotomyExtend","Minty Spire (QoL Compilation)","Replay The Spire","Shade Mod","Spicy Shops","StSLib","The Bladedancer","The Factory","The Gatherer","The Jungle","Waifu the Spire","Wandering Minibosses"],"gold_per_floor":[272,272,272,292,310,310,325,325,325,325,356,30,30,30,30,158,158,176,197,5,5,18,18,18,59,129,149,149,149],"floor_reached":28,"playtime":2582,"items_purged":[],"score":435,"play_id":"13267f9e-b178-4068-98e4-045079594aa0","local_time":"20201220211657","is_ascension_mode":true,"campfire_choices":[{"floor":6,"key":"REST"},{"floor":13,"key":"REST"},{"floor":23,"key":"REST"}],"circlet_count":0,"master_deck":["LongBird","Strike_G","Strike_G","Strike_G","Strike_G","Strike_G","Defend_G","Defend_G","Defend_G","Defend_G","Defend_G","Survivor","Neutralize","VoidDream","Toxin Wave+1","RedShoes","Poisoned Stab","WhitesApple","Backstab+1","Prepared","OSAHOGD","Bullet Time","Concentrate","Replay:Sssssssssshield+1","Footwork","Setup","Quick Slash","Bane","Parasite","QueenBee","Poison Darts+1","Deadly Poison+1","Fluid Movement+1","ReplayTheSpireMod:Scrap Shanks+1","Doubt","Parasite","Parasite","NothingThere","Terror","BlackArmy","After Image","Choke+1","Parasite"],"relics":["CogitoBucket","LetterFromLob","Sizzling Blood","Golden Idol","Replay:Towering Pillar of Hats","hubris:ToyBattleship","Membership Card","BargainBundle","Replay:Baseball","Honey Jar","Theresia","Shuriken","Toy Ornithopter","Gaze_r","Justitia_r","conspire:Dentures","Molten Egg 2"],"acts_visited":["Exordium","Exordium"],"potions_floor_usage":[7,16,16,16,28],"damage_taken":[{"damage":10,"enemies":"2 Louse","floor":1,"turns":3},{"damage":16,"enemies":"Jaw Worm","floor":4,"turns":5},{"damage":18,"enemies":"Small Slimes","floor":5,"turns":5},{"damage":6,"enemies":"Blue Slaver","floor":7,"turns":3},{"damage":41,"enemies":"Gremlin Nob","floor":11,"turns":5},{"damage":17,"enemies":"The Guardian","floor":16,"turns":11},{"damage":29,"enemies":"Elementarium:VoidCorruption","floor":18,"turns":8},{"damage":23,"enemies":"Elementarium:Cyclone","floor":19,"turns":6},{"damage":32,"enemies":"Elementarium:Cyclone","floor":21,"turns":6},{"damage":8,"enemies":"Elementarium:VoidBeast","floor":22,"turns":3},{"damage":47,"enemies":"Elementarium:FIRE_NOBILITY","floor":25,"turns":4},{"damage":6,"enemies":"Elementarium:3_ELEMENTALS","floor":27,"turns":3},{"damage":90,"enemies":"Elementarium:CYCLONE_AND_LIVING_STORMCLOUD","floor":28,"turns":6}],"seed_played":"5695080382532145220","potions_obtained":[{"floor":5,"key":"BlessingOfTheForge"},{"floor":19,"key":"Elixir"},{"floor":27,"key":"SteroidPotion"}],"is_trial":false,"path_per_floor":["M","?","?","M","M","R","M","E","T","?","E","$","R","$","R","B",null,"M","M","$","?","M","R","?","E","T","M","M"],"character_chosen":"THE_SILENT","items_purchased":["Membership Card","BargainBundle","Replay:Baseball","Concentrate","Replay:Sssssssssshield","GhostInAJar","Slimebound:ThreeZeroPotion","PowerPotion","Footwork","Setup","Quick Slash","Bane","Shuriken","ReplayTheSpireMod:Scrap Shanks","Toy Ornithopter"],"campfire_rested":3,"item_purchase_floors":[12,12,12,12,12,12,12,12,12,12,12,12,20,20,20],"current_hp_per_floor":[60,64,64,52,38,58,56,56,56,61,30,30,52,52,52,48,74,49,36,36,14,10,31,31,16,16,49,0,0],"gold":149,"neow_bonus":"","is_daily":false,"chose_seed":false,"campfire_upgraded":0,"win_rate":0.0,"timestamp":1608517017,"path_taken":["M","?","?","M","M","R","M","E","T","?","E","$","R","$","R","BOSS","M","M","$","?","?","R","?","E","T","M","M"],"items_purchased_type":["Relic","Relic","Relic","Card","Card","Potion","Potion","Potion","Card","Card","Card","Card","Relic","Card","Relic"],"build_version":"2020-12-13","purchased_purges":0,"victory":false,"max_hp_per_floor":[70,74,69,69,69,69,69,69,69,74,74,74,74,74,74,74,74,74,74,74,71,71,71,68,68,68,68,68,68],"card_choices":[{"not_picked":["OSAHOGD","Murderer"],"picked":"VoidDream","floor":1},{"not_picked":["Deadly Poison","hubris:SlightOfHand"],"picked":"Toxin Wave","floor":1},{"not_picked":["Bloodbath","NakedNest","FairyFestival"],"picked":"Singing Bowl","floor":4},{"not_picked":["Wellcheers","Freischutz"],"picked":"RedShoes","floor":4},{"not_picked":["Flying Knee","Slice"],"picked":"Poisoned Stab","floor":4},{"not_picked":["WallGazer","OSAHOGD"],"picked":"WhitesApple","floor":5},{"not_picked":["Heel Hook","Dagger Throw"],"picked":"Backstab","floor":5},{"not_picked":["PunishingBird","ShyLook"],"picked":"QueenOfHatred","floor":7},{"not_picked":["Predator","Poisoned Stab"],"picked":"Prepared","floor":7},{"not_picked":["Bloodbath","WallGazer"],"picked":"OSAHOGD","floor":11},{"not_picked":["Distraction","Acrobatics"],"picked":"Bullet Time","floor":11},{"not_picked":["Murderer","CherryBlossoms"],"picked":"QueenBee","floor":16},{"not_picked":["Doppelganger","Atom Bomb"],"picked":"Poison Darts","floor":16},{"not_picked":["NakedNest","FairyFestival","BeautyBeast"],"picked":"Singing Bowl","floor":18},{"not_picked":["Outmaneuver","Acrobatics","PiercingWail"],"picked":"Deadly Poison","floor":18},{"not_picked":["Rudolta","UniverseFragment","OldLady"],"picked":"Singing Bowl","floor":19},{"not_picked":["Wellcheers","WallGazer"],"picked":"LongBird","floor":19},{"not_picked":["PiercingWail","Leg Sweep","Escape Plan"],"picked":"Fluid Movement","floor":19},{"not_picked":["HappyTeddy","PunishingBird","Woodsman"],"picked":"Singing Bowl","floor":22},{"not_picked":["HappyTeddy","SnowQueen"],"picked":"NothingThere","floor":22},{"not_picked":["Dagger Spray+1","Riddle With Holes","Leg Sweep"],"picked":"Terror","floor":22},{"not_picked":["Bloodbath","MHz","Murderer"],"picked":"Singing Bowl","floor":25},{"not_picked":["Rudolta","WallGazer"],"picked":"BlackArmy","floor":25},{"not_picked":["Backflip","Slice+1","Dagger Throw"],"picked":"After Image","floor":25},{"not_picked":["Scarecrow","DespairKnight"],"picked":"CENSORED","floor":27},{"not_picked":["Blur","Dagger Throw+1","ReplayTheSpireMod:Scrap Shanks"],"picked":"Choke+1","floor":27}],"player_experience":293323,"relics_obtained":[{"floor":1,"key":"LetterFromLob"},{"floor":9,"key":"Replay:Towering Pillar of Hats"},{"floor":11,"key":"hubris:ToyBattleship"},{"floor":25,"key":"conspire:Dentures"},{"floor":26,"key":"Molten Egg 2"}],"event_choices":[{"damage_healed":0,"gold_gain":0,"player_choice":"Lose Max HP","damage_taken":0,"relics_obtained":["Golden Idol"],"max_hp_gain":0,"max_hp_loss":5,"event_name":"Golden Idol","floor":3,"gold_loss":0},{"damage_healed":0,"gold_gain":0,"player_choice":"Donut","damage_taken":0,"max_hp_gain":5,"max_hp_loss":0,"event_name":"Big Fish","floor":10,"gold_loss":0},{"damage_healed":0,"gold_gain":0,"player_choice":"Leave","damage_taken":0,"max_hp_gain":0,"max_hp_loss":0,"event_name":"The Cleric","floor":15,"gold_loss":0},{"cards_removed":["Parasite"],"damage_healed":0,"gold_gain":0,"player_choice":"Burn","damage_taken":0,"max_hp_gain":0,"max_hp_loss":0,"event_name":"Elementarium:LostScrolls","floor":24,"gold_loss":0}],"is_beta":false,"boss_relics":[{"not_picked":["hubris:Stopwatch","aspiration:FutureDiary"],"picked":"Honey Jar"}],"items_purged_floors":[],"is_endless":false,"potions_floor_spawned":[5,19,27],"killed_by":"Elementarium:CYCLONE_AND_LIVING_STORMCLOUD","ascension_level":2}}