{"host":"x1qj4d8ympd5jdqh","time":1608552391,"event":{"mods":["AchievementEnabler","AlwaysNeverKeys","BaseMod","Colored Map","Custom Start","DeckTracker","Highlight Path","Minty Spire (QoL Compilation)","StSLib","SuperFastMode"],"gold_per_floor":[111,111,124,136,136,136,177,177,202,202,245,4,19,19,19,118,181,200,225,243,243,243],"floor_reached":21,"playtime":599,"items_purged":["Parasite"],"score":378,"play_id":"4d238b03-784d-4461-a1e4-8af53375118e","local_time":"20201221210631","is_ascension_mode":true,"campfire_choices":[{"data":"Armaments","floor":6.0,"key":"SMITH"},{"floor":8,"key":"REST"},{"data":"Double Tap","floor":15,"key":"SMITH"}],"circlet_count":0,"master_deck":["AscendersBane","Strike_R+1","Strike_R","Strike_R+1","Strike_R+1","Strike_R","Defend_R","Defend_R","Defend_R","Bash","Double Tap+1","Armaments+1","Evolve","Corruption","Perfected Strike","Shrug It Off","Offering","Power Through","Twin Strike","Wild Strike+1","Body Slam"],"relics":["Burning Blood","Golden Idol","PreservedInsect","Whetstone","Mercury Hourglass","ClockworkSouvenir","Tiny House"],"acts_visited":["Exordium","TheCity"],"potions_floor_usage":[7,11,16,19,20,21],"damage_taken":[{"damage":2.0,"enemies":"2 Louse","floor":1.0,"turns":5.0},{"damage":9.0,"enemies":"Jaw Worm","floor":3.0,"turns":4.0},{"damage":16.0,"enemies":"Small Slimes","floor":4.0,"turns":4.0},{"damage":57,"enemies":"Gremlin Nob","floor":7,"turns":5},{"damage":15,"enemies":"3 Sentries","floor":11,"turns":6},{"damage":1,"enemies":"2 Fungi Beasts","floor":13,"turns":4},{"damage":37,"enemies":"Hexaghost","floor":16,"turns":9},{"damage":8,"enemies":"2 Thieves","floor":18,"turns":5},{"damage":29,"enemies":"Spheric Guardian","floor":19,"turns":4},{"damage":31,"enemies":"Snake Plant","floor":20,"turns":5},{"damage":10,"enemies":"Centurion and Healer","floor":21,"turns":3}],"seed_played":"884533608869151699","potions_obtained":[{"floor":3.0,"key":"Strength Potion"},{"floor":4.0,"key":"Weak Potion"},{"floor":13,"key":"SteroidPotion"},{"floor":16,"key":"EssenceOfSteel"},{"floor":17,"key":"AttackPotion"},{"floor":18,"key":"SkillPotion"},{"floor":19,"key":"SpeedPotion"}],"is_trial":false,"path_per_floor":["M","?","M","M","?","R","E","R","T","?","E","$","M","?","R","B",null,"M","M","M","M"],"character_chosen":"IRONCLAD","items_purchased":["ClockworkSouvenir"],"campfire_rested":1,"item_purchase_floors":[12],"current_hp_per_floor":[72,77,74,64,64,64,13,34,34,52,43,43,48,48,48,17,61,59,36,11,1,1],"gold":243,"neow_bonus":"ONE_RANDOM_RARE_CARD","is_daily":false,"chose_seed":false,"campfire_upgraded":2,"win_rate":0.0,"timestamp":1608552391,"path_taken":["M","?","M","M","?","R","E","R","T","?","E","$","M","?","R","BOSS","M","M","M","?"],"items_purchased_type":["Relic"],"build_version":"2020-12-13","purchased_purges":1,"victory":false,"max_hp_per_floor":[75,80,80,80,72,72,72,72,72,72,72,69,69,69,69,69,74,74,74,74,74,74],"card_choices":[{"not_picked":["Clothesline","Entrench"],"picked":"Armaments","floor":1.0},{"not_picked":["Burning Pact","Body Slam"],"picked":"Evolve","floor":3.0},{"not_picked":["Cleave","Inflame"],"picked":"Corruption","floor":4.0},{"not_picked":["Feel No Pain","Warcry","Heavy Blade"],"picked":"SKIP","floor":7},{"not_picked":["Clothesline","Rage"],"picked":"Perfected Strike","floor":11},{"not_picked":["Combust","Carnage","Armaments"],"picked":"SKIP","floor":13},{"not_picked":["Fiend Fire","Impervious"],"picked":"Offering","floor":16},{"not_picked":["Flex","Heavy Blade"],"picked":"Power Through","floor":17},{"not_picked":["Uppercut","Headbutt+1"],"picked":"Twin Strike","floor":18},{"not_picked":["Twin Strike","Anger"],"picked":"Wild Strike+1","floor":19},{"not_picked":["Clash","Fiend Fire"],"picked":"Body Slam","floor":20}],"player_experience":1260730,"relics_obtained":[{"floor":7,"key":"PreservedInsect"},{"floor":9,"key":"Whetstone"},{"floor":11,"key":"Mercury Hourglass"}],"event_choices":[{"damage_healed":0.0,"max_hp_gain":5.0,"max_hp_loss":0.0,"gold_gain":0.0,"event_name":"Big Fish","player_choice":"Donut","floor":2.0,"gold_loss":0.0,"damage_taken":0.0},{"damage_healed":0.0,"max_hp_gain":0.0,"max_hp_loss":8.0,"gold_gain":0.0,"event_name":"Golden Idol","player_choice":"Lose Max HP","floor":5.0,"gold_loss":0.0,"damage_taken":0.0,"relics_obtained":["Golden Idol"]},{"damage_healed":18,"gold_gain":0,"player_choice":"Healed and dodged fight","damage_taken":0,"max_hp_gain":0,"max_hp_loss":0,"event_name":"Mushrooms","floor":10,"gold_loss":0,"cards_obtained":["Parasite"]},{"damage_healed":0,"gold_gain":0,"cards_transformed":["Defend_R"],"player_choice":"Transformed","damage_taken":0,"max_hp_gain":0,"max_hp_loss":0,"event_name":"Transmorgrifier","floor":14,"gold_loss":0,"cards_obtained":["Shrug It Off"]}],"is_beta":false,"boss_relics":[{"not_picked":["Velvet Choker","Empty Cage"],"picked":"Tiny House"}],"items_purged_floors":[12],"is_endless":false,"potions_floor_spawned":[3,4,13,16,18,19],"killed_by":"Centurion and Healer","ascension_level":20}}