{"host":"sv2o2io561l6x04h","time":1608586141,"event":{"mods":["BaseMod","Bestiary","Better Altar","Better Match","Better Note","Better Sensory Stone","Colored Map","Conspire","Custom Start","DeckTracker","Highlight Path","Hubris","Minty Spire (QoL Compilation)","Replay The Spire","Shop Mod","StSLib","The Runesmith"],"gold_per_floor":[10,25,25,25,25,25,25,100,100,100,135,135,148,187,187,306,306,319,89,110,10,10,10,285,285,338,377,198,213,213,251,251,376,376,392,416,479,127,146,180,213,231,231,231,231,269,269,292,292,292,292,292,44,78,78],"floor_reached":56,"playtime":16609,"items_purged":["Regret","Runesmith:Defend_RS","Regret","Runesmith:Defend_RS","Runesmith:CraftFirestone"],"score":1045,"play_id":"fc52cb3e-5bae-4bb9-8060-a43a86ff78a6","local_time":"20201221162901","is_ascension_mode":false,"campfire_choices":[{"data":"Runesmith:CraftMagma","floor":6,"key":"SMITH"},{"data":"Runesmith:Fortify","floor":10,"key":"SMITH"},{"floor":12,"key":"REST"},{"data":"Runesmith:PoweredAnvil","floor":15,"key":"SMITH"},{"data":"Runesmith:DuctTape","floor":23,"key":"SMITH"},{"data":"Runesmith:CraftSpiculum","floor":25,"key":"SMITH"},{"data":"Runesmith:Grindstone","floor":32,"key":"SMITH"},{"floor":45,"key":"REST"},{"data":"Runesmith:UnlimitedPower","floor":47,"key":"SMITH"},{"floor":49,"key":"RECALL"},{"data":"Runesmith:Grindstone","floor":52,"key":"SMITH"}],"circlet_count":0,"master_deck":["Runesmith:Defend_RS","Runesmith:Fortify+1","Runesmith:CraftMagma+1","Runesmith:CraftSpiculum+1","Runesmith:PoweredAnvil+1","Runesmith:DuctTape+1","Runesmith:StaticCage+1","Runesmith:Grindstone+1","Runesmith:Grindstone+1","Runesmith:UnlimitedPower+1","Runesmith:CraftMagma+1","Runesmith:PoweredAnvil+1","Runesmith:CraftMagma+1","Runesmith:StaticCage+1","Runesmith:Firestorm+1"],"relics":["Runesmith:BrokenRuby","Mercury Hourglass","Replay:Ringing Soul","Golden Idol","Bronze Scales","hubris:DeckOfHolding","Empty Cage","Medical Kit","hubris:ToyBattleship","Pear","Onion Ring","Black Star","Du-Vu Doll","Lee\u0027s Waffle","Mirror","Simple Rune","Omamori","Strawberry","Centennial Puzzle","Smiling Mask","Replay:Rubber Ducky","Guide Book","Lantern","hubris:SlimyHat"],"acts_visited":["Exordium","TheCity","TheBeyond","TheEnding"],"potions_floor_usage":[11,33,37,42,46,50,54,55,55],"damage_taken":[{"damage":2,"enemies":"Cultist","floor":1,"turns":4},{"damage":0,"enemies":"Small Slimes","floor":2,"turns":3},{"damage":31,"enemies":"Gremlin Nob","floor":11,"turns":5},{"damage":2,"enemies":"conspire:RoseBush","floor":13,"turns":3},{"damage":5,"enemies":"3 Sentries","floor":14,"turns":6},{"damage":28,"enemies":"Slime Boss","floor":16,"turns":8},{"damage":8,"enemies":"Shell Parasite","floor":18,"turns":6},{"damage":0,"enemies":"Chosen","floor":20,"turns":4},{"damage":9,"enemies":"conspire:SneckoGhost","floor":27,"turns":7},{"damage":21,"enemies":"Snake Plant","floor":29,"turns":4},{"damage":5,"enemies":"Book of Stabbing","floor":31,"turns":6},{"damage":2,"enemies":"conspire:MysteriousRune","floor":33,"turns":9},{"damage":33,"enemies":"3 Darklings","floor":35,"turns":6},{"damage":1,"enemies":"Orb Walker","floor":36,"turns":4},{"damage":12,"enemies":"Mind Bloom Boss Battle","floor":37,"turns":7},{"damage":14,"enemies":"Writhing Mass","floor":39,"turns":5},{"damage":0,"enemies":"conspire:MimicChest","floor":40,"turns":8},{"damage":91,"enemies":"Reptomancer","floor":41,"turns":7},{"damage":17,"enemies":"3 Darklings","floor":42,"turns":4},{"damage":17,"enemies":"R_Hoarder","floor":46,"turns":9},{"damage":5,"enemies":"Replay:Hell Engine","floor":50,"turns":10},{"damage":6,"enemies":"Shield and Spear","floor":54,"turns":6},{"damage":12,"enemies":"The Heart","floor":55,"turns":8}],"seed_played":"6440728347695433342","potions_obtained":[{"floor":1,"key":"ColorlessPotion"},{"floor":27,"key":"DuplicationPotion"},{"floor":33,"key":"Doom Potion"},{"floor":36,"key":"LiquidBronze"},{"floor":37,"key":"Strength Potion"},{"floor":39,"key":"DuplicationPotion"},{"floor":40,"key":"Ancient Potion"},{"floor":46,"key":"Fruit Juice"},{"floor":54,"key":"BlessingOfTheForge"}],"is_trial":false,"path_per_floor":["M","M","T","?","?","R","?","?","T","R","E","R","M","E","R","B",null,"M","$","M","$","?","R","?","R","T","E","$","M","?","E","R","B",null,"M","M","?","$","M","?","E","M","T","?","R","E","R","T","R","B",null,"R","$","E","B",null],"character_chosen":"RUNESMITH_CLASS","items_purchased":["Medical Kit","Runesmith:Grindstone","Runesmith:PoweredAnvil+1","Lee\u0027s Waffle","Guide Book","Energy Potion"],"campfire_rested":2,"item_purchase_floors":[19,28,38,38,53,53],"current_hp_per_floor":[68,68,68,68,71,71,53,42,42,42,14,36,34,32,32,7,82,77,77,77,77,77,77,80,80,80,84,87,66,66,61,61,62,107,74,73,64,120,106,109,21,4,11,11,50,38,38,38,38,33,138,138,138,135,123],"gold":78,"neow_bonus":"REMOVE_TWO","is_daily":false,"chose_seed":false,"campfire_upgraded":8,"win_rate":0.0,"timestamp":1608586141,"path_taken":["M","M","?","?","?","R","?","?","T","R","E","R","?","E","R","BOSS","M","$","M","$","?","R","?","R","T","E","$","?","?","E","R","BOSS","M","M","?","$","M","?","E","M","T","?","R","E","R","?","R","BOSS","R","$","E","BOSS"],"items_purchased_type":["Relic","Card","Card","Relic","Relic","Potion"],"build_version":"2020-12-13","purchased_purges":5,"victory":true,"max_hp_per_floor":[70,70,70,70,73,73,73,73,73,73,76,76,76,79,79,82,82,85,85,85,85,85,85,88,88,88,101,104,104,104,104,104,107,107,107,107,110,120,120,123,126,126,133,133,133,138,138,138,138,138,138,138,138,141,141],"card_choices":[{"not_picked":["Runesmith:ChargedHammer","Runesmith:HeatedChisel"],"picked":"Runesmith:CraftMagma","floor":1},{"not_picked":["Runesmith:HammerThrow","Runesmith:ShiftingStrike","Runesmith:HeatExchange"],"picked":"SKIP","floor":2},{"not_picked":["Runesmith:ShiftingStrike","Runesmith:GrandSlam"],"picked":"Runesmith:CraftSpiculum","floor":11},{"not_picked":["Runesmith:HammerTime","Runesmith:UnstableHammer","Runesmith:CraftReservo"],"picked":"SKIP","floor":13},{"not_picked":["Runesmith:CraftReservo","Runesmith:MakeshiftArmor"],"picked":"Runesmith:PoweredAnvil","floor":14},{"not_picked":["Runesmith:LastStand","Runesmith:CraftMedicinae"],"picked":"Runesmith:DuctTape","floor":16},{"not_picked":["Runesmith:Repurpose+1","Runesmith:UnstableHammer"],"picked":"Runesmith:StaticCage+1","floor":18},{"not_picked":["Runesmith:EnergizedChisel","Runesmith:NegativeSpace","Runesmith:Terraform"],"picked":"SKIP","floor":20},{"not_picked":["Runesmith:HammerThrow+1","Runesmith:CraftObretio"],"picked":"Runesmith:Grindstone","floor":27},{"not_picked":["Runesmith:CraftProtectio","Runesmith:HammerThrow","Runesmith:ChargedHammer"],"picked":"SKIP","floor":29},{"not_picked":["Runesmith:CraftVitae","Runesmith:Grindstone","Runesmith:EnergizedChisel"],"picked":"SKIP","floor":31},{"not_picked":["Runesmith:MetallurgicalResearch","Runesmith:FissionHammer"],"picked":"Runesmith:UnlimitedPower","floor":33},{"not_picked":["Runesmith:Accelerate","Runesmith:HeatedChisel+1","Runesmith:DoubleUp+1"],"picked":"SKIP","floor":35},{"not_picked":["Runesmith:ShiftingStrike","Runesmith:Repurpose","Runesmith:OneForEveryone"],"picked":"SKIP","floor":36},{"not_picked":["Runesmith:ChaoticBlast+1","Runesmith:Reinforce+1"],"picked":"Runesmith:CraftMagma","floor":37},{"not_picked":["Runesmith:ShiftingStrike","Runesmith:Grindstone+1","Runesmith:MakeshiftArmor+1"],"picked":"SKIP","floor":39},{"not_picked":["Runesmith:WhiteBalance","Runesmith:BackupBattery"],"picked":"Runesmith:CraftMagma+1","floor":40},{"not_picked":["Runesmith:Retool","Runesmith:HeatExchange"],"picked":"Runesmith:StaticCage","floor":41},{"not_picked":["Runesmith:CraftReservo+1","Runesmith:Firestorm","Runesmith:EnergizedChisel"],"picked":"SKIP","floor":42},{"not_picked":["Runesmith:Augment","Runesmith:CraftMagma","Runesmith:UnstableHammer+1"],"picked":"SKIP","floor":46},{"not_picked":["Runesmith:LastStand","Runesmith:DoubleUp"],"picked":"Runesmith:Firestorm+1","floor":54}],"player_experience":224176,"relics_obtained":[{"floor":3,"key":"Mercury Hourglass"},{"floor":11,"key":"Bronze Scales"},{"floor":14,"key":"hubris:DeckOfHolding"},{"floor":26,"key":"hubris:ToyBattleship"},{"floor":27,"key":"Pear"},{"floor":31,"key":"Onion Ring"},{"floor":37,"key":"Du-Vu Doll"},{"floor":40,"key":"Mirror"},{"floor":41,"key":"Simple Rune"},{"floor":41,"key":"Omamori"},{"floor":43,"key":"Strawberry"},{"floor":46,"key":"Centennial Puzzle"},{"floor":46,"key":"Smiling Mask"},{"floor":48,"key":"Replay:Rubber Ducky"},{"floor":54,"key":"Lantern"},{"floor":54,"key":"hubris:SlimyHat"}],"event_choices":[{"damage_healed":0,"gold_gain":0,"player_choice":"Leave","damage_taken":0,"max_hp_gain":0,"max_hp_loss":0,"event_name":"conspire:Investor","floor":4,"gold_loss":0},{"damage_healed":0,"gold_gain":0,"player_choice":"Box","damage_taken":0,"relics_obtained":["Replay:Ringing Soul"],"max_hp_gain":0,"max_hp_loss":0,"event_name":"Big Fish","floor":5,"gold_loss":0,"cards_obtained":["Regret"]},{"damage_healed":0,"gold_gain":0,"player_choice":"Take Damage","damage_taken":18,"relics_obtained":["Golden Idol"],"max_hp_gain":0,"max_hp_loss":0,"event_name":"Golden Idol","floor":7,"gold_loss":0},{"damage_healed":0,"gold_gain":75,"player_choice":"Gather Gold","damage_taken":11,"max_hp_gain":0,"max_hp_loss":0,"event_name":"World of Goop","floor":8,"gold_loss":0},{"cards_removed":["Runesmith:Defend_RS"],"damage_healed":0,"gold_gain":0,"player_choice":"Purged","damage_taken":0,"max_hp_gain":0,"max_hp_loss":0,"event_name":"Purifier","floor":22,"gold_loss":0},{"damage_healed":0,"gold_gain":275,"player_choice":"Desecrate","damage_taken":0,"max_hp_gain":0,"max_hp_loss":0,"event_name":"Golden Shrine","floor":24,"gold_loss":0,"cards_obtained":["Regret"]},{"cards_removed":["Runesmith:Defend_RS"],"damage_healed":0,"gold_gain":0,"player_choice":"Give","damage_taken":0,"max_hp_gain":0,"max_hp_loss":0,"event_name":"betterNote:BetterNote","floor":30,"gold_loss":0,"cards_obtained":["conspire:GhostlyStrike"]},{"damage_healed":0,"gold_gain":0,"player_choice":"Fight","damage_taken":0,"max_hp_gain":0,"max_hp_loss":0,"event_name":"MindBloom","floor":37,"gold_loss":0}],"is_beta":false,"boss_relics":[{"not_picked":["Snecko Eye","Sozu"],"picked":"Empty Cage"},{"not_picked":["hubris:CrackedHourglass","hubris:BlackHole"],"picked":"Black Star"}],"items_purged_floors":[19,21,28,38,53],"is_endless":false,"potions_floor_spawned":[1,27,33,36,37,39,40,46,54],"ascension_level":0}}