{"host":"hqvh779b89tfrjxy","time":1608558382,"event":{"mods":["Act Like it!","BaseMod","Better Third Choice","Downfall","Elementarium","Filter the Spire","GifTheSpireLib","Marked Mod","Minty Spire (QoL Compilation)","Replay The Spire","Spicy Shops","StSLib"],"gold_per_floor":[109,184,200,220,238,238,272,272,272,299,299,319,335,335,335,335,335],"floor_reached":16,"playtime":935,"items_purged":[],"score":168,"play_id":"3839503d-51b5-4d91-9813-e608131fa3e3","local_time":"20201221144622","is_ascension_mode":true,"campfire_choices":[{"floor":6.0,"key":"DIG"},{"data":"Eruption","floor":8.0,"key":"SMITH"},{"floor":15.0,"key":"DIG"}],"circlet_count":0,"master_deck":["AscendersBane","Strike_P","Strike_P","Strike_P","Strike_P","Defend_P","Defend_P","Defend_P","Defend_P","Eruption+1","Vigilance","SashWhip","BowlingBash","Consecrate","Wallop"],"relics":["PureWater","Shovel","Ice Cream","ReplayTheSpireMod:Ninjato","Kunai","Yang","Strawberry","Art of War"],"acts_visited":["Exordium"],"potions_floor_usage":[],"damage_taken":[{"damage":0.0,"enemies":"Cultist","floor":1.0,"turns":3.0},{"damage":0.0,"enemies":"2 Louse","floor":3.0,"turns":3.0},{"damage":4.0,"enemies":"Jaw Worm","floor":4.0,"turns":6.0},{"damage":0.0,"enemies":"Exordium Thugs","floor":5.0,"turns":2.0},{"damage":25.0,"enemies":"3 Sentries","floor":7.0,"turns":7.0},{"damage":3.0,"enemies":"Lagavulin","floor":10.0,"turns":5.0},{"damage":1.0,"enemies":"Blue Slaver","floor":12.0,"turns":4.0},{"damage":2.0,"enemies":"Gremlin Gang","floor":13.0,"turns":4.0},{"damage":0,"enemies":"Hexaghost","floor":16,"turns":9}],"seed_played":"-4379574509683842430","potions_obtained":[{"floor":7.0,"key":"Cursed Concoction"},{"floor":13.0,"key":"SteroidPotion"}],"is_trial":false,"path_per_floor":["M","?","M","M","M","R","E","R","T","E","?","M","M","T","R","B"],"character_chosen":"WATCHER","items_purchased":[],"campfire_rested":0,"item_purchase_floors":[],"current_hp_per_floor":[65,54,54,50,50,50,25,25,25,22,17,16,14,14,14,14,14],"gold":335,"neow_bonus":"ONE_RARE_RELIC","is_daily":false,"chose_seed":false,"campfire_upgraded":1,"win_rate":0.0,"timestamp":1608558382,"path_taken":["M","?","M","M","M","R","E","R","T","E","?","M","?","?","R","BOSS"],"items_purchased_type":[],"build_version":"2020-12-13","purchased_purges":0,"victory":false,"max_hp_per_floor":[65,65,65,65,65,65,65,65,65,65,72,72,72,72,72,72,72],"card_choices":[{"not_picked":["Replay:ManipulateFuture","Evaluate","DeceiveReality"],"picked":"SKIP","floor":1.0},{"not_picked":["Replay:Hum","CrushJoints"],"picked":"SashWhip","floor":3.0},{"not_picked":["MarkedMod:Acupuncture","MentalFortress"],"picked":"BowlingBash","floor":4.0},{"not_picked":["Vengeance","Worship","Replay:BluntJabs"],"picked":"SKIP","floor":5.0},{"not_picked":["MarkedMod:Acupuncture","EmptyMind"],"picked":"Consecrate","floor":7.0},{"not_picked":["FlurryOfBlows","Prostrate","Scrawl"],"picked":"SKIP","floor":10.0},{"not_picked":["Replay:DivineShield","Replay:Cycle"],"picked":"Wallop","floor":12.0},{"not_picked":["MarkedMod:GentlePulse","Replay:ManipulateFuture","Collect"],"picked":"SKIP","floor":13.0}],"player_experience":155666,"relics_obtained":[{"floor":6.0,"key":"Ice Cream"},{"floor":7.0,"key":"ReplayTheSpireMod:Ninjato"},{"floor":9.0,"key":"Kunai"},{"floor":10.0,"key":"Yang"},{"floor":15.0,"key":"Art of War"}],"event_choices":[{"damage_healed":0.0,"max_hp_gain":0.0,"max_hp_loss":0.0,"gold_gain":75.0,"event_name":"betterThird:BetterGoop","player_choice":"Gold","floor":2.0,"gold_loss":0.0,"damage_taken":11.0},{"damage_healed":0.0,"max_hp_gain":0.0,"max_hp_loss":0.0,"gold_gain":0.0,"event_name":"betterThird:BetterScrap","player_choice":"Relic ","floor":11.0,"gold_loss":0.0,"damage_taken":12.0,"cards_obtained":["Sunder"]}],"is_beta":false,"boss_relics":[],"items_purged_floors":[],"is_endless":false,"potions_floor_spawned":[7,13],"killed_by":"Hexaghost","ascension_level":10}}