{"host":"17j25xn3vk5d1e3v","time":1608577481,"event":{"mods":["AchievementEnabler","Act Like it!","BaseMod","GifTheSpireLib","Hermit","HexUI Lib","Hubris","Minty Spire (QoL Compilation)","Replay The Spire","StSLib"],"gold_per_floor":[114,289,289,307,112,112,167,181,181,181,215,7,23,52,52,176,176,187,187,203,203,203],"floor_reached":21,"playtime":902,"items_purged":["Doubt","Strike_B"],"score":235,"play_id":"9ed952c3-5048-4ef7-af21-c3b48ff2d442","local_time":"20201221200441","is_ascension_mode":true,"campfire_choices":[{"data":"Secret Technique","floor":6,"key":"SMITH"},{"floor":15,"key":"REST"}],"circlet_count":0,"master_deck":["White Noise+1","Strike_B","Strike_B","Strike_B","Defend_B","Defend_B","Defend_B","Defend_B","Zap","Dualcast","Sweeping Beam","Storm","HandOfGreed","Impatience","Secret Technique+1","ReplayTheSpireMod:Calculation Training","ReplaySort","Genetic Algorithm","Meteor Strike","Crystallizer","Loop","hubris:DoWhile","Skim+1","Defragment"],"relics":["Cracked Core","NeowsBlessing","ReplayTheSpireMod:ShopPack","Smiling Mask","Garlic","Ring of Panic","ReplayTheSpireMod:Ring of Exchange","hubris:BottledRain","hubris:EmptyBottle"],"acts_visited":["Exordium","TheCity"],"potions_floor_usage":[14,18,18,20,20],"damage_taken":[{"damage":0,"enemies":"Cultist","floor":1,"turns":1},{"damage":0,"enemies":"Small Slimes","floor":4,"turns":1},{"damage":0,"enemies":"3 Sentries","floor":7,"turns":1},{"damage":7,"enemies":"Jaw Worm","floor":8,"turns":2},{"damage":20,"enemies":"Red Slaver","floor":11,"turns":4},{"damage":0,"enemies":"2 Fungi Beasts","floor":13,"turns":2},{"damage":10,"enemies":"Gremlin Nob","floor":14,"turns":3},{"damage":18,"enemies":"Slime Boss","floor":16,"turns":6},{"damage":45,"enemies":"Shell Parasite","floor":18,"turns":7},{"damage":0,"enemies":"Spheric Guardian","floor":20,"turns":2},{"damage":37,"enemies":"Centurion and Healer","floor":21,"turns":4}],"seed_played":"823818506889589896","potions_obtained":[{"floor":1,"key":"SmokeBomb"},{"floor":8,"key":"FocusPotion"},{"floor":11,"key":"Languid Potion"},{"floor":14,"key":"EssenceOfSteel"},{"floor":18,"key":"SteroidPotion"},{"floor":19,"key":"DistilledChaos"},{"floor":19,"key":"PotionOfCapacity"}],"is_trial":false,"path_per_floor":["M","?","?","M","$","R","E","M","T","?","M","$","M","E","R","B",null,"M","?","M","M"],"character_chosen":"DEFECT","items_purchased":["ReplayTheSpireMod:ShopPack","Meteor Strike"],"campfire_rested":1,"item_purchase_floors":[5,12],"current_hp_per_floor":[75,75,75,75,75,75,75,68,68,68,48,48,48,38,60,42,75,30,30,30,0,0],"gold":203,"neow_bonus":"THREE_ENEMY_KILL","is_daily":false,"chose_seed":false,"campfire_upgraded":1,"win_rate":0.0,"timestamp":1608577481,"path_taken":["M","?","?","?","$","R","E","M","T","?","M","?","M","E","R","BOSS","M","?","M","M"],"items_purchased_type":["Relic","Card"],"build_version":"2020-12-13","purchased_purges":2,"victory":false,"max_hp_per_floor":[75,75,75,75,75,75,75,75,75,75,75,75,75,75,75,75,75,75,75,75,75,75],"card_choices":[{"not_picked":["Scrape","Compile Driver"],"picked":"Sweeping Beam","floor":1},{"not_picked":["Stack","Conserve Battery"],"picked":"Storm","floor":4},{"not_picked":["ReplayUltimateDefense","Sadistic Nature"],"picked":"HandOfGreed","floor":5},{"not_picked":["Replay:Bootleg Shield Generator","Replay:BasicMightCard"],"picked":"Impatience","floor":5},{"not_picked":["Trip","Flash of Steel"],"picked":"Secret Technique","floor":5},{"not_picked":["Panic Button","Streamline"],"picked":"ReplayTheSpireMod:Calculation Training","floor":7},{"not_picked":["Heatsinks","ReplayTheSpireMod:GoodbyeWorld"],"picked":"ReplaySort","floor":8},{"not_picked":["Redo","Capacitor"],"picked":"Genetic Algorithm","floor":11},{"not_picked":["Streamline","ReplayTheSpireMod:Reroute Power"],"picked":"Crystallizer","floor":13},{"not_picked":["ReplaySolidLightProjector","Capacitor"],"picked":"Loop","floor":14},{"not_picked":["hubris:SpecializedCircuitry","Mirror Shield"],"picked":"hubris:DoWhile","floor":16},{"not_picked":["Streamline+1","Cold Snap"],"picked":"Skim+1","floor":18},{"not_picked":["Leap+1","Rebound"],"picked":"Defragment","floor":20}],"player_experience":189482,"relics_obtained":[{"floor":7,"key":"Smiling Mask"},{"floor":9,"key":"Garlic"},{"floor":10,"key":"Ring of Panic"},{"floor":10,"key":"ReplayTheSpireMod:Ring of Exchange"},{"floor":14,"key":"hubris:BottledRain"}],"event_choices":[{"damage_healed":0,"gold_gain":175,"player_choice":"AGREE","damage_taken":0,"max_hp_gain":0,"max_hp_loss":0,"event_name":"Liars Game","floor":2,"gold_loss":0,"cards_obtained":["Doubt"]},{"damage_healed":0,"gold_gain":0,"player_choice":"Upgraded","damage_taken":0,"max_hp_gain":0,"max_hp_loss":0,"event_name":"Upgrade Shrine","floor":3,"gold_loss":0,"cards_upgraded":["White Noise"]},{"damage_healed":0,"gold_gain":0,"player_choice":"Got Potions","damage_taken":0,"max_hp_gain":0,"max_hp_loss":0,"event_name":"Lab","floor":19,"gold_loss":0}],"is_beta":false,"boss_relics":[{"not_picked":["Replay:Wanted Poster","hubris:HerbalPaste"],"picked":"hubris:EmptyBottle"}],"items_purged_floors":[5,12],"is_endless":false,"potions_floor_spawned":[1,8,11,14,18],"killed_by":"Centurion and Healer","ascension_level":2}}