{"host":"uj8tnth4ulftv61g","time":1608570623,"event":{"mods":["BaseMod","Better Third Choice","Downfall","Minty Spire (QoL Compilation)","StSLib"],"gold_per_floor":[109,109,109,121,133,145,176,223,308,320,357,388,420,165,165,260,260,270,270,283,43,143,143,175,175,229,229,249,288,203,218,218,330,339,339,339],"floor_reached":35,"playtime":1777,"items_purged":[],"score":461,"play_id":"af2f2f3c-f59c-4c56-9bdb-f9cf1bb30628","local_time":"20201221121023","is_ascension_mode":true,"campfire_choices":[{"floor":6,"key":"REST"},{"floor":10,"key":"REST"},{"floor":15,"key":"REST"},{"data":"Ragnarok","floor":23,"key":"SMITH"},{"floor":25,"key":"REST"},{"floor":27,"key":"REST"},{"floor":32,"key":"REST"}],"circlet_count":0,"master_deck":["Strike_P","Strike_P","Strike_P","Strike_P","Defend_P","Defend_P","Defend_P+1","Defend_P+1","Eruption+1","Vigilance","Protect+1","BattleHymn","EmptyBody","EmptyFist","Tantrum","FlyingSleeves","Consecrate","Consecrate","Mayhem","Ragnarok+1","Prostrate+1","FearNoEvil+1","Meditate","Indignation+1","Tantrum","Nirvana","DevaForm","CurseOfTheBell"],"relics":["PureWater","Prayer Wheel","MawBank","The Courier","Happy Flower","Letter Opener","Matryoshka","expansioncontent:StudyCardRelic","Guardian:BottledAnomaly","Oddly Smooth Stone","Ginger","CeramicFish","Blood Vial","Mummified Hand","White Beast Statue","Calling Bell","War Paint","Yang","Turnip"],"acts_visited":["Exordium","TheCity","TheBeyond"],"potions_floor_usage":[11,18,24,28,29,33],"damage_taken":[{"damage":2,"enemies":"Small Slimes","floor":1,"turns":5},{"damage":2,"enemies":"Jaw Worm","floor":7,"turns":2},{"damage":30,"enemies":"Lagavulin","floor":8,"turns":7},{"damage":6,"enemies":"3 Sentries","floor":11,"turns":6},{"damage":1,"enemies":"2 Louse","floor":12,"turns":2},{"damage":0,"enemies":"Red Slaver","floor":13,"turns":3},{"damage":27,"enemies":"Hexaghost","floor":16,"turns":5},{"damage":0,"enemies":"Spheric Guardian","floor":18,"turns":1},{"damage":7,"enemies":"Chosen","floor":20,"turns":3},{"damage":41,"enemies":"Book of Stabbing","floor":24,"turns":6},{"damage":7,"enemies":"Snake Plant","floor":28,"turns":3},{"damage":17,"enemies":"Gremlin Leader","floor":29,"turns":4},{"damage":15,"enemies":"Centurion and Healer","floor":31,"turns":3},{"damage":37,"enemies":"Champ","floor":33,"turns":5},{"damage":82,"enemies":"3 Darklings","floor":35,"turns":2}],"seed_played":"7610172750075733618","potions_obtained":[{"floor":1,"key":"LiquidMemories"},{"floor":8,"key":"SkillPotion"},{"floor":12,"key":"GamblersBrew"},{"floor":18,"key":"sneckomod:MuddlingPotion"},{"floor":20,"key":"Weak Potion"},{"floor":24,"key":"Dexterity Potion"},{"floor":31,"key":"DuplicationPotion"},{"floor":33,"key":"champ:CounterPotion"}],"is_trial":false,"path_per_floor":["M","$","?","?","?","R","M","E","T","R","E","M","M","$","R","B",null,"M","?","M","$","?","R","E","R","T","R","M","E","?","M","R","B",null,"M"],"character_chosen":"WATCHER","items_purchased":["Mayhem","Ragnarok","Guardian:BottledAnomaly","Oddly Smooth Stone"],"campfire_rested":6,"item_purchase_floors":[14,14,21,21],"current_hp_per_floor":[70,70,30,16,16,36,34,4,4,24,18,17,17,17,37,10,69,69,79,72,72,72,72,31,54,54,77,72,57,57,44,67,32,79,0,0],"gold":339,"neow_bonus":"ONE_RARE_RELIC","is_daily":false,"chose_seed":false,"campfire_upgraded":1,"win_rate":0.0,"timestamp":1608570623,"path_taken":["M","$","?","?","?","R","M","E","T","R","E","M","?","?","R","BOSS","M","?","?","$","?","R","E","R","T","R","?","E","?","M","R","BOSS","M"],"items_purchased_type":["Card","Card","Relic","Relic"],"build_version":"2020-12-13","purchased_purges":0,"victory":false,"max_hp_per_floor":[72,72,72,72,69,69,69,69,69,69,69,69,69,69,69,69,69,69,79,79,79,79,79,79,79,79,79,79,79,79,79,79,79,79,79,79],"card_choices":[{"not_picked":["ClearTheMind","Crescendo"],"picked":"Protect","floor":1},{"not_picked":["PathToVictory","ThirdEye"],"picked":"BattleHymn","floor":1},{"not_picked":["Wireheading","BowlingBash"],"picked":"EmptyBody","floor":7},{"not_picked":["Halt","ConjureBlade"],"picked":"EmptyFist","floor":7},{"not_picked":["ClearTheMind","ForeignInfluence","Prostrate"],"picked":"SKIP","floor":8},{"not_picked":["Halt","Vengeance"],"picked":"Tantrum","floor":11},{"not_picked":["Protect","Collect"],"picked":"FlyingSleeves","floor":12},{"not_picked":["Fasting2","DeceiveReality","BowlingBash"],"picked":"SKIP","floor":12},{"not_picked":["BattleHymn","Pray"],"picked":"Consecrate","floor":13},{"not_picked":["Study","SashWhip"],"picked":"Consecrate","floor":13},{"not_picked":["MasterReality","LessonLearned"],"picked":"Alpha","floor":16},{"not_picked":["ForeignInfluence+1","EmptyMind"],"picked":"Prostrate+1","floor":18},{"not_picked":["Weave","BowlingBash"],"picked":"FearNoEvil+1","floor":18},{"not_picked":["Evaluate","Protect"],"picked":"Meditate","floor":20},{"not_picked":["SpiritShield","ThirdEye+1"],"picked":"Indignation+1","floor":20},{"not_picked":["LikeWater","MentalFortress","EmptyBody+1"],"picked":"SKIP","floor":24},{"not_picked":["Collect","FlurryOfBlows"],"picked":"Tantrum","floor":28},{"not_picked":["FlurryOfBlows","Collect","Consecrate"],"picked":"SKIP","floor":28},{"not_picked":["Protect","ClearTheMind"],"picked":"Nirvana","floor":29},{"not_picked":["Consecrate","BowlingBash+1","WheelKick+1"],"picked":"SKIP","floor":31},{"not_picked":["Wish","FollowUp","SignatureMove"],"picked":"SKIP","floor":31},{"not_picked":["LessonLearned","Establishment"],"picked":"DevaForm","floor":33}],"player_experience":572710,"relics_obtained":[{"floor":8,"key":"Happy Flower"},{"floor":9,"key":"Letter Opener"},{"floor":11,"key":"Matryoshka"},{"floor":24,"key":"Ginger"},{"floor":26,"key":"CeramicFish"},{"floor":26,"key":"Blood Vial"},{"floor":29,"key":"Mummified Hand"},{"floor":34,"key":"War Paint"},{"floor":34,"key":"Yang"},{"floor":34,"key":"Turnip"}],"event_choices":[{"damage_healed":0,"gold_gain":1,"player_choice":"Relic Relic ","damage_taken":40,"max_hp_gain":0,"max_hp_loss":0,"event_name":"betterThird:BetterScrap","floor":3,"gold_loss":0,"cards_obtained":["Hyperbeam"]},{"damage_healed":30,"gold_gain":0,"player_choice":"Upgrade","damage_taken":14,"max_hp_gain":0,"max_hp_loss":72,"event_name":"betterThird:BetterShining","floor":4,"gold_loss":0,"cards_upgraded":["Defend_P","Eruption"]},{"cards_removed":["Parasite"],"damage_healed":0,"gold_gain":0,"player_choice":"Purged","damage_taken":0,"max_hp_gain":0,"max_hp_loss":0,"event_name":"Purifier","floor":5,"gold_loss":0},{"cards_removed":["Alpha"],"damage_healed":0,"gold_gain":0,"player_choice":"Offered Rare","damage_taken":0,"max_hp_gain":10,"max_hp_loss":0,"event_name":"Bonfire Elementals","floor":19,"gold_loss":0},{"damage_healed":0,"gold_gain":100,"player_choice":"Pray","damage_taken":0,"max_hp_gain":0,"max_hp_loss":0,"event_name":"Golden Shrine","floor":22,"gold_loss":0},{"damage_healed":0,"gold_gain":0,"player_choice":"Obtained Relic","damage_taken":0,"relics_obtained":["White Beast Statue"],"max_hp_gain":0,"max_hp_loss":0,"event_name":"Addict","floor":30,"gold_loss":85}],"is_beta":false,"boss_relics":[{"not_picked":["Philosopher\u0027s Stone","Ectoplasm"],"picked":"expansioncontent:StudyCardRelic"},{"not_picked":["Cursed Key","Fusion Hammer"],"picked":"Calling Bell"}],"items_purged_floors":[],"is_endless":false,"potions_floor_spawned":[1,8,12,18,20,24,31,33],"killed_by":"3 Darklings","ascension_level":3}}