{"host":"pjgcdp3h1plnbocs","time":1608550876,"event":{"mods":["AchievementEnabler","BaseMod","Colored Map","Highlight Path","Minty Spire (QoL Compilation)"],"gold_per_floor":[109,125,137,137,137,170,170,198,222,239,253,280,124,157,157,253,253,266,281,330,330,343,370,370,115,168,193,193,193,219,219,219,315,315,332,432,527,65,78,104,154,154,154,204,237,265,344,389,401,413],"floor_reached":51,"playtime":2257,"items_purged":["Strike_B","Strike_B","Defend_B"],"score":1345,"play_id":"ed9e076f-ad0e-46e2-b798-55617a26835d","local_time":"20201221124116","is_ascension_mode":true,"campfire_choices":[{"data":"Dualcast","floor":7.0,"key":"SMITH"},{"data":"Defragment","floor":15.0,"key":"SMITH"},{"data":"Redo","floor":24.0,"key":"SMITH"},{"floor":28.0,"key":"REST"},{"floor":32.0,"key":"DIG"},{"floor":42,"key":"REST"},{"floor":49,"key":"REST"}],"circlet_count":0,"master_deck":["Defend_B","Defend_B","Zap+1","Dualcast+1","Chill","Blizzard","Cold Snap+1","Hologram","Cold Snap+1","Defragment","Defragment+1","Blizzard","Coolheaded+1","Redo+1","Creative AI","Creative AI+1","Redo","Coolheaded","Defragment+1"],"relics":["Cracked Core","Vajra","PreservedInsect","Strawberry","Gremlin Horn","Kunai","Black Star","Happy Flower","Mummified Hand","White Beast Statue","Omamori","Regal Pillow","Shovel","Smiling Mask","DataDisk","Symbiotic Virus","SsserpentHead","Anchor","Empty Cage","Du-Vu Doll","Incense Burner","Frozen Egg 2","Nunchaku","Whetstone","Pear","MawBank","Mercury Hourglass","Boot","Pantograph"],"acts_visited":["Exordium","TheCity","TheBeyond"],"potions_floor_usage":[37,50,50],"damage_taken":[{"damage":7.0,"enemies":"Jaw Worm","floor":1.0,"turns":3.0},{"damage":0.0,"enemies":"2 Louse","floor":2.0,"turns":3.0},{"damage":0.0,"enemies":"Cultist","floor":3.0,"turns":4.0},{"damage":10.0,"enemies":"Lagavulin","floor":6.0,"turns":8.0},{"damage":4.0,"enemies":"Gremlin Nob","floor":8.0,"turns":3.0},{"damage":9.0,"enemies":"Red Slaver","floor":10.0,"turns":4.0},{"damage":3.0,"enemies":"2 Fungi Beasts","floor":11.0,"turns":2.0},{"damage":1.0,"enemies":"3 Sentries","floor":12.0,"turns":4.0},{"damage":0.0,"enemies":"Gremlin Nob","floor":14.0,"turns":3.0},{"damage":0.0,"enemies":"The Guardian","floor":16.0,"turns":11.0},{"damage":3.0,"enemies":"Chosen","floor":18.0,"turns":4.0},{"damage":6.0,"enemies":"Spheric Guardian","floor":19.0,"turns":5.0},{"damage":5.0,"enemies":"Cultist and Chosen","floor":22.0,"turns":7.0},{"damage":26.0,"enemies":"Book of Stabbing","floor":23.0,"turns":6.0},{"damage":23.0,"enemies":"Slavers","floor":27.0,"turns":3.0},{"damage":0.0,"enemies":"Gremlin Leader","floor":30.0,"turns":4.0},{"damage":31.0,"enemies":"Champ","floor":33.0,"turns":11.0},{"damage":0.0,"enemies":"Orb Walker","floor":35.0,"turns":3.0},{"damage":0.0,"enemies":"Mind Bloom Boss Battle","floor":36.0,"turns":5.0},{"damage":41,"enemies":"2 Orb Walkers","floor":37,"turns":5},{"damage":2,"enemies":"3 Shapes","floor":39,"turns":3},{"damage":0,"enemies":"Giant Head","floor":40,"turns":6},{"damage":15,"enemies":"Nemesis","floor":45,"turns":5},{"damage":6,"enemies":"3 Darklings","floor":46,"turns":4},{"damage":1,"enemies":"Writhing Mass","floor":47,"turns":7},{"damage":0,"enemies":"Giant Head","floor":48,"turns":8},{"damage":22,"enemies":"Donu and Deca","floor":50,"turns":7}],"seed_played":"-3060852193043707951","potions_obtained":[{"floor":0.0,"key":"FocusPotion"},{"floor":0.0,"key":"Explosive Potion"},{"floor":0.0,"key":"DuplicationPotion"},{"floor":1.0,"key":"Dexterity Potion"},{"floor":6.0,"key":"EssenceOfSteel"},{"floor":11.0,"key":"Block Potion"},{"floor":19.0,"key":"AttackPotion"},{"floor":22.0,"key":"PotionOfCapacity"},{"floor":30.0,"key":"PowerPotion"},{"floor":33.0,"key":"Swift Potion"},{"floor":37,"key":"BlessingOfTheForge"},{"floor":47,"key":"PotionOfCapacity"}],"is_trial":false,"path_per_floor":["M","M","M","?","?","E","R","E","T","M","M","E","$","E","R","B",null,"M","M","T","?","M","E","R","$","T","E","R","?","E","?","R","B",null,"M","?","?","$","M","E","?","R","T","?","E","M","M","E","R","B",null],"character_chosen":"DEFECT","items_purchased":["Defragment","Omamori","Frozen Egg 2","Creative AI+1"],"campfire_rested":3,"item_purchase_floors":[13,25,38,38],"current_hp_per_floor":[61,61,61,54,54,44,44,40,47,38,35,34,34,34,34,34,70,67,61,61,61,56,30,30,30,30,7,46,46,46,46,46,15,65,65,65,24,24,22,22,22,61,71,71,56,50,49,49,91,70],"gold":425,"neow_bonus":"THREE_SMALL_POTIONS","is_daily":false,"chose_seed":false,"campfire_upgraded":3,"win_rate":0.0,"timestamp":1608550876,"path_taken":["M","M","M","?","?","E","R","E","T","?","M","E","$","E","R","BOSS","M","M","?","?","M","E","R","$","T","E","R","?","E","?","R","BOSS","M","?","?","$","M","E","?","R","T","?","E","M","?","E","R","BOSS"],"items_purchased_type":["Card","Relic","Relic","Card"],"build_version":"2020-12-13","purchased_purges":3,"victory":true,"max_hp_per_floor":[75,75,75,75,75,75,75,75,82,82,82,82,82,82,82,82,82,82,82,82,82,82,82,82,82,82,82,82,82,82,82,82,82,82,82,82,82,82,82,82,82,82,92,92,92,92,92,92,92,92],"card_choices":[{"not_picked":["Barrage","Rip and Tear"],"picked":"Sweeping Beam","floor":1.0},{"not_picked":["Self Repair","Barrage"],"picked":"Chill","floor":2.0},{"not_picked":["Stack","Self Repair"],"picked":"Blizzard","floor":3.0},{"not_picked":["Hyperbeam","Barrage"],"picked":"Cold Snap","floor":6.0},{"not_picked":["Self Repair","Genetic Algorithm"],"picked":"Hologram","floor":8.0},{"not_picked":["Chaos","Turbo","Double Energy"],"picked":"SKIP","floor":10.0},{"not_picked":["Genetic Algorithm","Gash"],"picked":"Cold Snap","floor":11.0},{"not_picked":["Storm","Doom and Gloom"],"picked":"Defragment","floor":12.0},{"not_picked":["Gash","Cold Snap","Heatsinks"],"picked":"SKIP","floor":14.0},{"not_picked":["Turbo","Storm","Barrage"],"picked":"SKIP","floor":18.0},{"not_picked":["Compile Driver","Leap"],"picked":"Blizzard","floor":19.0},{"not_picked":["Creative AI","Redo"],"picked":"Coolheaded+1","floor":22.0},{"not_picked":["Beam Cell","Reinforced Body"],"picked":"Redo","floor":23.0},{"not_picked":["Barrage","Static Discharge","Consume"],"picked":"SKIP","floor":27.0},{"not_picked":["Rebound+1","Auto Shields","FTL+1"],"picked":"SKIP","floor":30.0},{"not_picked":["Biased Cognition","Hyperbeam"],"picked":"Creative AI","floor":33.0},{"not_picked":["Rebound+1","Auto Shields+1","BootSequence"],"picked":"SKIP","floor":35.0},{"not_picked":["Conserve Battery+1","Barrage","Genetic Algorithm+1"],"picked":"SKIP","floor":39},{"not_picked":["Sweeping Beam","Ball Lightning"],"picked":"Redo","floor":40},{"not_picked":["Consume","Turbo"],"picked":"Coolheaded","floor":45},{"not_picked":["Core Surge","Ball Lightning"],"picked":"Defragment+1","floor":46},{"not_picked":["FTL+1","Barrage","Doom and Gloom"],"picked":"SKIP","floor":47},{"not_picked":["Ball Lightning","Steam+1","Consume"],"picked":"SKIP","floor":48}],"player_experience":131099,"relics_obtained":[{"floor":6.0,"key":"Vajra"},{"floor":8.0,"key":"PreservedInsect"},{"floor":9.0,"key":"Strawberry"},{"floor":12.0,"key":"Gremlin Horn"},{"floor":14.0,"key":"Kunai"},{"floor":20.0,"key":"Happy Flower"},{"floor":23.0,"key":"Mummified Hand"},{"floor":23.0,"key":"White Beast Statue"},{"floor":26.0,"key":"Regal Pillow"},{"floor":27.0,"key":"Shovel"},{"floor":27.0,"key":"Smiling Mask"},{"floor":30.0,"key":"DataDisk"},{"floor":30.0,"key":"Symbiotic Virus"},{"floor":32.0,"key":"Anchor"},{"floor":36.0,"key":"Du-Vu Doll"},{"floor":37,"key":"Incense Burner"},{"floor":40,"key":"Nunchaku"},{"floor":40,"key":"Whetstone"},{"floor":43,"key":"Pear"},{"floor":45,"key":"MawBank"},{"floor":45,"key":"Mercury Hourglass"},{"floor":48,"key":"Boot"},{"floor":48,"key":"Pantograph"}],"event_choices":[{"cards_removed":["Strike_B"],"damage_healed":0.0,"max_hp_gain":0.0,"max_hp_loss":0.0,"gold_gain":0.0,"event_name":"Golden Wing","player_choice":"Card Removal","floor":4.0,"gold_loss":0.0,"damage_taken":7.0},{"damage_healed":0.0,"max_hp_gain":0.0,"max_hp_loss":0.0,"gold_gain":0.0,"event_name":"Accursed Blacksmith","player_choice":"Forge","floor":5.0,"gold_loss":0.0,"damage_taken":0.0,"cards_upgraded":["Zap"]},{"damage_healed":0.0,"max_hp_gain":0.0,"max_hp_loss":0.0,"gold_gain":0.0,"event_name":"Ghosts","player_choice":"Ignored","floor":21.0,"gold_loss":0.0,"damage_taken":0.0},{"damage_healed":0.0,"max_hp_gain":0.0,"max_hp_loss":0.0,"gold_gain":0.0,"event_name":"Vampires","player_choice":"Ignored","floor":29.0,"gold_loss":0.0,"damage_taken":0.0},{"damage_healed":0.0,"max_hp_gain":0.0,"max_hp_loss":0.0,"gold_gain":0.0,"event_name":"FaceTrader","player_choice":"Trade","floor":31.0,"gold_loss":0.0,"damage_taken":0.0,"relics_obtained":["SsserpentHead"]},{"damage_healed":0.0,"max_hp_gain":0.0,"max_hp_loss":0.0,"gold_gain":0.0,"event_name":"MindBloom","player_choice":"Fight","floor":36.0,"gold_loss":0.0,"damage_taken":0.0},{"damage_healed":0,"gold_gain":0,"player_choice":"Fight","damage_taken":0,"max_hp_gain":0,"max_hp_loss":0,"event_name":"Mysterious Sphere","floor":37,"gold_loss":0},{"cards_removed":["Sweeping Beam"],"damage_healed":0,"gold_gain":0,"player_choice":"Removed Attack","damage_taken":0,"max_hp_gain":0,"max_hp_loss":0,"event_name":"Falling","floor":41,"gold_loss":0},{"damage_healed":0,"gold_gain":0,"player_choice":"Ignored","damage_taken":0,"max_hp_gain":0,"max_hp_loss":0,"event_name":"SecretPortal","floor":44,"gold_loss":0}],"is_beta":false,"boss_relics":[{"not_picked":["SlaversCollar","Runic Dome"],"picked":"Black Star"},{"not_picked":["Nuclear Battery","Sozu"],"picked":"Empty Cage"}],"items_purged_floors":[13,25,38],"is_endless":false,"potions_floor_spawned":[1,2,6,11,19,22,27,30,33,35,36,37,39,40,45,46,47,48],"ascension_level":6}}