{"host":"7o30bgpqouqblh42","time":1608563940,"event":{"mods":["AchievementEnabler","Aspiration","BaseMod","Colored Map","Downfall","Highlight Path","Hubris","Minty Spire (QoL Compilation)","StSLib","SuperFastMode"],"gold_per_floor":[99,99,109,128,143,143,166,16,26,26,45,59,123,143,160,257,257,257,287,387,14,45,45,45,56,56,71,71,82,100,125,143,143,143,143],"floor_reached":33,"playtime":2745,"items_purged":[],"score":281,"play_id":"01d796d1-58a1-4cbd-8486-dd99f9fe8535","local_time":"20201221101900","is_ascension_mode":false,"campfire_choices":[{"floor":1,"key":"RECALL"},{"data":"Guardian:GatlingBeam","floor":8,"key":"SMITH"},{"data":"Guardian:PolyBeam","floor":10,"key":"SMITH"},{"data":"Guardian:SphericShield","floor":18,"key":"SMITH"},{"data":"Guardian:TwinSlam","floor":26,"key":"SMITH"}],"circlet_count":0,"master_deck":["Guardian:TwinSlam+1","Guardian:Harden","Guardian:PolyBeam+1","Guardian:GatlingBeam+1","Guardian:Preprogram","Guardian:ArmoredProtocol","Guardian:TemporalStrike","Guardian:Recover","Guardian:TemporalStrike","Guardian:FastForward","Guardian:FastForward","Guardian:SphericShield+1","Guardian:RollAttack","Guardian:TemporalStrike","Guardian:VentSteam","Guardian:FloatingOrbs+1","Guardian:CrystalBeam","Guardian:GatlingBeam+1","Guardian:Suspension","Guardian:TemporalShield+1","Guardian:GuardianWhirl","Guardian:StasisStrike","Guardian:TimeBomb+1"],"relics":["Guardian:ModeShifter","hubris:SphereOfDissonance","downfall:HeartBlessingRed","downfall:HeartBlessingBlue","hubris:OldNail","Pandora\u0027s Box","Potion Belt","DollysMirror","Bag of Preparation","Guardian:PickAxe","Gremlin Horn","Boot"],"acts_visited":["Exordium","TheCity"],"potions_floor_usage":[9,16,16,19,19,30,33,33],"damage_taken":[{"damage":2,"enemies":"Jaw Worm","floor":3,"turns":3},{"damage":0,"enemies":"Small Slimes","floor":4,"turns":4},{"damage":0,"enemies":"2 Louse","floor":5,"turns":2},{"damage":0,"enemies":"Exordium Thugs","floor":9,"turns":3},{"damage":4,"enemies":"3 Louse","floor":11,"turns":2},{"damage":2,"enemies":"Red Slaver","floor":12,"turns":2},{"damage":23,"enemies":"3 Sentries","floor":13,"turns":6},{"damage":2,"enemies":"Exordium Wildlife","floor":14,"turns":4},{"damage":6,"enemies":"Blue Slaver","floor":15,"turns":1},{"damage":5,"enemies":"downfall:Silent","floor":16,"turns":7},{"damage":31,"enemies":"Gremlin Leader","floor":19,"turns":6},{"damage":2,"enemies":"downfall:FleeingMerchant","floor":21,"turns":4},{"damage":16,"enemies":"Book of Stabbing","floor":22,"turns":4},{"damage":10,"enemies":"Chosen","floor":25,"turns":3},{"damage":0,"enemies":"3 Byrds","floor":27,"turns":2},{"damage":10,"enemies":"Snake Plant","floor":29,"turns":3},{"damage":0,"enemies":"3 Cultists","floor":30,"turns":3},{"damage":0,"enemies":"Cultist and Chosen","floor":32,"turns":5},{"damage":15,"enemies":"downfall:Watcher","floor":33,"turns":3}],"seed_played":"2828275033403012519","potions_obtained":[{"floor":4,"key":"Guardian:DefensiveModePotion"},{"floor":5,"key":"Strength Potion"},{"floor":9,"key":"sneckomod:MuddlingPotion"},{"floor":15,"key":"Strength Potion"},{"floor":16,"key":"ColorlessPotion"},{"floor":19,"key":"Strength Potion"},{"floor":27,"key":"Guardian:BlockOnCardUsePotion"},{"floor":29,"key":"champ:CounterPotion"}],"is_trial":false,"path_per_floor":["R","?","M","M","M","?","T","R","M","R","M","M","?","M","M","B",null,"R","E","?","$","E","R","T","M","R","M","?","M","M","T","M","B"],"character_chosen":"GUARDIAN","items_purchased":["Guardian:CrystalBeam","DollysMirror","Bag of Preparation"],"campfire_rested":0,"item_purchase_floors":[21,21,21],"current_hp_per_floor":[56,53,51,51,51,51,51,61,61,61,57,55,32,30,24,19,90,90,59,59,57,41,41,41,31,31,31,23,13,13,13,13,0,0,0],"gold":143,"neow_bonus":"TRANSFORM_TWO_CARDS","is_daily":false,"chose_seed":false,"campfire_upgraded":4,"win_rate":0.0,"timestamp":1608563940,"path_taken":["R","?","M","M","M","?","T","R","M","R","M","M","?","M","M","BOSS","R","E","?","$","E","R","T","M","R","M","?","M","?","?","M","BOSS"],"items_purchased_type":["Card","Relic","Relic"],"build_version":"2020-12-13","purchased_purges":0,"victory":false,"max_hp_per_floor":[80,80,80,80,80,80,80,90,90,90,90,90,90,90,90,90,90,90,90,90,90,90,90,90,90,90,90,90,90,90,90,90,90,90,90],"card_choices":[{"not_picked":["Guardian:Reroute","Guardian:VentSteam"],"picked":"Guardian:Gem_Blue","floor":3},{"not_picked":["Guardian:Gem_Blue","Guardian:ShieldCharger"],"picked":"Guardian:PolyBeam","floor":4},{"not_picked":["Guardian:ShieldCharger","Guardian:Clone"],"picked":"Guardian:GatlingBeam","floor":5},{"not_picked":["Guardian:PrismaticBeam","Guardian:Incinerate"],"picked":"Guardian:Preprogram","floor":9},{"not_picked":["Guardian:PolyBeam","Guardian:ChargeUp"],"picked":"Guardian:ArmoredProtocol","floor":11},{"not_picked":["Guardian:Reroute","Guardian:MultiBeam"],"picked":"Guardian:TemporalStrike","floor":12},{"not_picked":["Guardian:TemporalShield","Guardian:ShieldCharger"],"picked":"Guardian:Recover","floor":13},{"not_picked":["Guardian:ShieldSpikes","Guardian:WalkerClaw"],"picked":"Guardian:TemporalStrike","floor":14},{"not_picked":["Guardian:RollAttack","Guardian:CrystalBeam"],"picked":"Guardian:Gem_Orange","floor":15},{"not_picked":["Guardian:Gem_Orange","Guardian:HyperBeam_Guardian"],"picked":"Guardian:FastForward","floor":16},{"not_picked":["Guardian:Gem_Red","Guardian:Gem_Green"],"picked":"Guardian:FloatingOrbs+1","floor":19},{"not_picked":["Guardian:EvasiveProtocol+1","Guardian:WalkerClaw"],"picked":"Guardian:Gem_Red","floor":21},{"not_picked":["Guardian:TimeCapacitor+1","Guardian:CrystalBeam"],"picked":"Guardian:Suspension","floor":22},{"not_picked":["Guardian:PrimingBeam","Guardian:Gem_Lightblue"],"picked":"Guardian:TemporalShield","floor":25},{"not_picked":["Guardian:Reroute","Guardian:FloatingOrbs"],"picked":"Guardian:GuardianWhirl","floor":27},{"not_picked":["Guardian:ChargeUp","Guardian:PrismaticBarrier","Guardian:Recover+1"],"picked":"SKIP","floor":29},{"not_picked":["Guardian:Suspension","Guardian:WalkerClaw"],"picked":"Guardian:StasisStrike","floor":30},{"not_picked":["Guardian:ArmoredProtocol","Guardian:FloatingOrbs"],"picked":"Guardian:TimeBomb+1","floor":32}],"player_experience":68245,"relics_obtained":[{"floor":13,"key":"hubris:OldNail"},{"floor":19,"key":"Potion Belt"},{"floor":22,"key":"Guardian:PickAxe"},{"floor":24,"key":"Gremlin Horn"},{"floor":31,"key":"Boot"}],"event_choices":[{"damage_healed":0,"gold_gain":0,"player_choice":"Success","damage_taken":3,"relics_obtained":["hubris:SphereOfDissonance"],"max_hp_gain":0,"max_hp_loss":0,"event_name":"Scrap Ooze","floor":2,"gold_loss":0}],"is_beta":false,"boss_relics":[{"not_picked":["hubris:RunicObelisk","SacredBark"],"picked":"Pandora\u0027s Box"}],"items_purged_floors":[],"is_endless":false,"potions_floor_spawned":[4,5,9,15,16,19,27,29],"killed_by":"downfall:Watcher","ascension_level":0}}