{"host":"li2oyy8xcjugrjw6","time":1608508851,"event":{"mods":["AchievementEnabler","BaseMod","Colored Map","Minty Spire (QoL Compilation)","Permanent Neow","Replay The Spire","StSLib"],"gold_per_floor":[117,131,150,167,178,178,206,206,206,206,224,224,29,39,39,143,143,157,176,191,202,219,219,254,254,254,282,10,37,50,68,68,68,68],"floor_reached":33,"playtime":1869,"items_purged":["Strike_G","Strike_G"],"score":465,"play_id":"188e753a-67e6-47c6-a402-f95d14c4bc10","local_time":"20201220160051","is_ascension_mode":true,"campfire_choices":[{"data":"Blade Dance","floor":6.0,"key":"SMITH"},{"floor":8.0,"key":"REST"},{"data":"Sucker Punch","floor":12.0,"key":"SMITH"},{"data":"Blade Dance","floor":15.0,"key":"SMITH"},{"data":"Sucker Punch","floor":23,"key":"SMITH"},{"data":"Leg Sweep","floor":25,"key":"SMITH"},{"data":"Strike_G","floor":32,"key":"PURGE"}],"circlet_count":0,"master_deck":["AscendersBane","Strike_G","Strike_G","Defend_G","Defend_G","Defend_G","Defend_G","Defend_G","Survivor","Neutralize","Atom Bomb","Noxious Fumes","Accuracy","Blade Dance+1","Noxious Fumes","Blade Dance+1","Sucker Punch+1","Replay:Bag of Tricks","Blade Dance","Corpse Explosion","AbeCurse","Sucker Punch+1","Finisher+1","Finisher","Crippling Poison","Blade Dance","Leg Sweep+1","Deflect+1","Cloak And Dagger+1","Crippling Poison+1","Backflip+1"],"relics":["Ring of the Snake","Replay:Rubber Ducky","Paper Crane","Abe\u0027s Treasure","Ginger","Gremlin Horn","Toxic Egg 2","Snake Skull","Bag of Marbles"],"acts_visited":["Exordium","TheCity"],"potions_floor_usage":[24,33,33,33],"damage_taken":[{"damage":5.0,"enemies":"Cultist","floor":1.0,"turns":5.0},{"damage":4.0,"enemies":"2 Louse","floor":2.0,"turns":5.0},{"damage":6.0,"enemies":"Jaw Worm","floor":3.0,"turns":6.0},{"damage":13.0,"enemies":"Exordium Thugs","floor":4.0,"turns":5.0},{"damage":13.0,"enemies":"3 Louse","floor":5.0,"turns":4.0},{"damage":17.0,"enemies":"3 Sentries","floor":7.0,"turns":4.0},{"damage":0.0,"enemies":"Large Slime","floor":11.0,"turns":4.0},{"damage":1.0,"enemies":"Blue Slaver","floor":14.0,"turns":2.0},{"damage":5.0,"enemies":"The Guardian","floor":16.0,"turns":9.0},{"damage":2.0,"enemies":"Shell Parasite","floor":18.0,"turns":4.0},{"damage":0,"enemies":"3 Byrds","floor":19,"turns":3},{"damage":0,"enemies":"Snecko","floor":20,"turns":4},{"damage":0,"enemies":"Centurion and Healer","floor":21,"turns":2},{"damage":12,"enemies":"Chosen and Byrds","floor":22,"turns":3},{"damage":32,"enemies":"Book of Stabbing","floor":24,"turns":4},{"damage":8,"enemies":"Slavers","floor":27,"turns":5},{"damage":0,"enemies":"Shelled Parasite and Fungi","floor":30,"turns":2},{"damage":0,"enemies":"Snake Plant","floor":31,"turns":1},{"damage":8,"enemies":"Champ","floor":33,"turns":5}],"seed_played":"3410111103993422200","potions_obtained":[{"floor":3.0,"key":"ColorlessPotion"},{"floor":5.0,"key":"Strength Potion"},{"floor":14.0,"key":"SpeedPotion"},{"floor":18.0,"key":"SteroidPotion"},{"floor":27,"key":"Poison Potion"},{"floor":31,"key":"Strength Potion"}],"is_trial":false,"path_per_floor":["M","M","M","M","M","R","E","R","T","?","M","R","$","M","R","B",null,"M","M","M","M","M","R","E","R","T","E","$","T","M","M","R_BF","B"],"character_chosen":"THE_SILENT","items_purchased":["Replay:Bag of Tricks","SpeedPotion","Snake Skull","Cloak And Dagger+1"],"campfire_rested":1,"item_purchase_floors":[13,13,28,28],"current_hp_per_floor":[58,54,48,35,22,22,5,26,26,26,26,26,26,25,25,20,58,56,56,56,56,44,44,12,12,12,4,4,4,4,4,4,0,0],"gold":68,"neow_bonus":"ONE_RANDOM_RARE_CARD","is_daily":false,"chose_seed":false,"campfire_upgraded":5,"win_rate":0.0,"timestamp":1608508851,"path_taken":["M","?","M","M","M","R","E","R","T","?","?","R","$","M","R","BOSS","M","?","M","M","M","R","E","R","T","E","?","?","M","?","R_BF","BOSS"],"items_purchased_type":["Card","Potion","Relic","Card"],"build_version":"2020-12-13","purchased_purges":2,"victory":false,"max_hp_per_floor":[70,70,70,70,70,70,70,70,70,70,70,70,70,70,70,70,70,70,70,70,70,70,70,70,70,70,70,70,70,70,70,70,70,70],"card_choices":[{"not_picked":["PiercingWail","Predator"],"picked":"Noxious Fumes","floor":1.0},{"not_picked":["Poisoned Stab","Slice"],"picked":"Accuracy","floor":2.0},{"not_picked":["Replay:Poison Smokescreen","Glass Knife"],"picked":"Blade Dance","floor":3.0},{"not_picked":["PiercingWail","Cloak And Dagger"],"picked":"Noxious Fumes","floor":4.0},{"not_picked":["Acrobatics","Underhanded Strike"],"picked":"Blade Dance","floor":5.0},{"not_picked":["Acrobatics","Dodge and Roll","Sucker Punch"],"picked":"SKIP","floor":7.0},{"not_picked":["Deflect","Poisoned Stab"],"picked":"Sucker Punch","floor":11.0},{"not_picked":["Dodge and Roll","Bane"],"picked":"Blade Dance","floor":14.0},{"not_picked":["Night Terror","Adrenaline"],"picked":"Corpse Explosion","floor":16.0},{"not_picked":["Deflect+1","Dodge and Roll"],"picked":"Sucker Punch","floor":18.0},{"not_picked":["Eviscerate","Burst"],"picked":"Finisher+1","floor":19},{"not_picked":["Fluid Movement","Cloak And Dagger"],"picked":"Finisher","floor":20},{"not_picked":["Poisoned Stab","Outmaneuver"],"picked":"Crippling Poison","floor":21},{"not_picked":["Underhanded Strike","ReplayTheSpireMod:The Works"],"picked":"Blade Dance","floor":22},{"not_picked":["Flechettes+1","Prepared"],"picked":"Leg Sweep","floor":24},{"not_picked":["Expertise+1","Deadly Poison+1"],"picked":"Deflect+1","floor":27},{"not_picked":["Bane+1","Underhanded Strike+1"],"picked":"Crippling Poison+1","floor":30},{"not_picked":["ReplayTheSpireMod:Tripwire+1","Night Terror+1"],"picked":"Backflip+1","floor":31}],"player_experience":926166,"relics_obtained":[{"floor":7.0,"key":"Replay:Rubber Ducky"},{"floor":9.0,"key":"Paper Crane"},{"floor":24,"key":"Ginger"},{"floor":26,"key":"Gremlin Horn"},{"floor":27,"key":"Toxic Egg 2"},{"floor":29,"key":"Bag of Marbles"}],"event_choices":[{"damage_healed":0.0,"max_hp_gain":0.0,"max_hp_loss":0.0,"gold_gain":0.0,"event_name":"NoteForYourself","player_choice":"Ignored","floor":10.0,"gold_loss":0.0,"damage_taken":0.0}],"is_beta":false,"boss_relics":[{"not_picked":["Painkiller Herb","SacredBark"],"picked":"Abe\u0027s Treasure"}],"items_purged_floors":[13,28],"is_endless":false,"potions_floor_spawned":[3,5,14,18,21,27,31],"killed_by":"Champ","ascension_level":10}}