{"host":"o3b7ow6d1xe49css","time":1608544203,"event":{"mods":["Act Like it!","Aspiration","BaseMod","Bestiary","Better Altar","Better Match","Better Note","Better Sensory Stone","Better Skull","Better Third Choice","Colored Powertips","Conspire","Energized Spire","Force Act Four","GifTheSpireLib","Halation","Hermit","Hubris","Infinite Spire","Lobotomy","Minty Spire (QoL Compilation)","Quick Restart","Replay The Spire","Spicy Shops","Spikes Relics","StSLib","Stuff the Spire","The Blue Laboratory","Wandering Minibosses","vexMod"],"gold_per_floor":[112,131,141,159,170,198,226,254,325,38,38,65,65,100,100,199,199,214,234,234,234,251,276,311,311,311,337,105,105,105,135,135,234,234,244,119,23,23,39,39,39,66,66,66,66,98,98,98,98,194,194,194,41,74,172],"floor_reached":56,"playtime":2241,"items_purged":["Strike_R","Strike_R","Strike_R","Strike_R"],"score":1794,"play_id":"0612a277-eca5-4ae7-b4aa-a96c6ee7c947","local_time":"20201221005003","daily_mods":["Heirloom","Flight","Elite Swarm"],"is_ascension_mode":true,"campfire_choices":[{"data":"Limit Break","floor":13,"key":"SMITH"},{"data":"Demon Form","floor":15,"key":"SMITH"},{"data":"hubris:StunningStrike","floor":25,"key":"SMITH"},{"floor":29,"key":"RECALL"},{"floor":32,"key":"DIG"},{"floor":40,"key":"DIG"},{"floor":41,"key":"DIG"},{"floor":44,"key":"DIG"},{"floor":45,"key":"DIG"},{"data":"Offering","floor":49,"key":"SMITH"},{"data":"Demon Form+1","floor":52,"key":"SMITH"}],"circlet_count":0,"master_deck":["Defend_R","Defend_R","Defend_R","Bash","Replay:Undeath\u0027s Touch","Twin Strike","Shrug It Off","ReplayTheSpireMod:Muscle Training","Limit Break+1","Berserk","Strike_R","OSAHOGD","Demon Form+2","OldLady","hubris:StunningStrike+1","LittlePrince","WallGazer","Feed","Feed","UniverseFragment","GreedKing","Mercenary","Limit Break+1","Anger","PunishingBird","Offering+1","Brutality"],"relics":["Burning Blood","Ring of Chaos","conspire:InfiniteJournal","halation:LettersToHer","Incense Burner","CogitoBucket","Anchor","LugNut","hubris:Potato","Sling","halation:PinkSoulGem","StuffTheSpire:SapphireSignet","CherryCoatedStake","vexMod:TanglingVine","FleshIdol","Juzu Bracelet","halation:SwordOfLegend","ReplayTheSpireMod:TigerMarble","Shovel","Matryoshka","StuffTheSpire:HeavyRock","Calipers","aspiration:DefectSkillbook","wanderingMiniBosses:Blackblade","LuminousBracelet","halation:Toothbrush","Oddly Smooth Stone","Eternal Feather","StuffTheSpire:GrapeVine","StuffTheSpire:Expresso","Pear","Replay:Kaleidoscope","hubris:DisguiseKit","vexMod:BigBerry","Ring of Chaos","infinitespire:Satchel","hubris:FunFungus"],"acts_visited":["Exordium","TheCity","TheBeyond","Exordium","TheEnding"],"potions_floor_usage":[4,6,7,16,18,23,31,33,55],"damage_taken":[{"damage":6,"enemies":"Cultist","floor":1,"turns":3},{"damage":2,"enemies":"Jaw Worm","floor":2,"turns":3},{"damage":7,"enemies":"2 Louse","floor":3,"turns":2},{"damage":3,"enemies":"Blue Slaver","floor":4,"turns":4},{"damage":11,"enemies":"Looter","floor":5,"turns":2},{"damage":26,"enemies":"3 Sentries","floor":6,"turns":5},{"damage":13,"enemies":"Lagavulin","floor":7,"turns":7},{"damage":32,"enemies":"Gremlin Nob","floor":8,"turns":4},{"damage":0,"enemies":"Lagavulin","floor":12,"turns":4},{"damage":0,"enemies":"Gremlin Nob","floor":14,"turns":2},{"damage":16,"enemies":"The Guardian","floor":16,"turns":7},{"damage":31,"enemies":"Shell Parasite","floor":18,"turns":8},{"damage":1,"enemies":"Chosen","floor":19,"turns":3},{"damage":18,"enemies":"Snake Plant","floor":22,"turns":5},{"damage":20,"enemies":"Slavers","floor":23,"turns":5},{"damage":40,"enemies":"Gremlin Leader","floor":24,"turns":7},{"damage":2,"enemies":"Nightmare","floor":27,"turns":3},{"damage":28,"enemies":"Slavers","floor":31,"turns":3},{"damage":19,"enemies":"conspire:MysteriousRune","floor":33,"turns":4},{"damage":54,"enemies":"3 Shapes","floor":35,"turns":7},{"damage":0,"enemies":"Orb Walker","floor":39,"turns":2},{"damage":2,"enemies":"Giant Head","floor":42,"turns":4},{"damage":62,"enemies":"Nemesis","floor":46,"turns":7},{"damage":16,"enemies":"Time Eater","floor":50,"turns":6},{"damage":0,"enemies":"Shield and Spear","floor":54,"turns":2},{"damage":51,"enemies":"The Heart","floor":55,"turns":6}],"seed_played":"-4320404935285792166","potions_obtained":[{"floor":3,"key":"ColorlessPotion"},{"floor":4,"key":"Explosive Potion"},{"floor":6,"key":"BlessingOfTheForge"},{"floor":8,"key":"blueLaboratory:FruitPreserves"},{"floor":14,"key":"ColorlessPotion"},{"floor":16,"key":"Energy Potion"},{"floor":21,"key":"blueLaboratory:ImpenetrablePotion"},{"floor":31,"key":"DistilledChaos"},{"floor":33,"key":"BlessingOfTheForge"},{"floor":50,"key":"blueLaboratory:BottleOfRum"},{"floor":55,"key":"Adrenaline Potion"}],"is_trial":true,"path_per_floor":["M","M","M","M","M","E","E","E","T","$","?","E","R","E","R","B",null,"M","M","?","?","M","E","E","R","T","NM","$","R","AVR","E","R","B",null,"M","$","$","?","M","R","R","E","T","R","R","E","$","?","R","B",null,"R","$","E","B",null],"character_chosen":"IRONCLAD","items_purchased":["hubris:Potato","Sling","Shovel","Anger","Strength Potion","infinitespire:Satchel"],"campfire_rested":0,"item_purchase_floors":[10,10,28,28,37,53],"current_hp_per_floor":[80,80,79,80,75,55,48,22,22,22,22,28,28,34,34,24,66,50,62,67,67,57,50,35,34,34,38,38,41,41,43,46,39,79,88,88,88,88,104,113,113,115,115,125,125,86,86,94,112,120,158,158,158,164,160],"gold":172,"neow_bonus":"","is_daily":false,"chose_seed":false,"campfire_upgraded":5,"win_rate":0.0,"timestamp":1608544203,"path_taken":["M","M","M","M","?","E","E","E","T","$","?","E","R","E","R","BOSS","M","M","?","?","?","E","E","R","T","NM","$","R","AVR","E","R","BOSS","M","$","$","?","M","R","R","E","T","R","R","E","?","?","R","BOSS","R","$","E","BOSS"],"items_purchased_type":["Relic","Relic","Relic","Card","Potion","Relic"],"build_version":"2020-12-13","purchased_purges":4,"victory":true,"max_hp_per_floor":[80,80,80,80,80,80,80,80,80,80,80,80,80,80,80,80,80,86,86,86,86,86,86,86,86,86,86,86,86,86,86,86,92,92,107,107,107,107,115,115,115,115,115,125,125,125,125,128,128,128,158,158,158,164,167],"card_choices":[{"not_picked":["ReplayTheSpireMod:Corrosion Curse","Rampage"],"picked":"Replay:Undeath\u0027s Touch","floor":1},{"not_picked":["Armaments","Havoc"],"picked":"Twin Strike","floor":2},{"not_picked":["Anger","StuffTheSpire:RagingBull"],"picked":"Shrug It Off","floor":3},{"not_picked":["ReplayTheSpireMod:Strike From Hell","Clash","StuffTheSpire:Slingshot"],"picked":"SKIP","floor":4},{"not_picked":["StuffTheSpire:Incineration","StuffTheSpire:BloodClot"],"picked":"ReplayTheSpireMod:Muscle Training","floor":5},{"not_picked":["Corruption","Fiend Fire"],"picked":"Limit Break","floor":6},{"not_picked":["Corruption","Exhume"],"picked":"Berserk","floor":7},{"not_picked":["VoidDream","CrumblingArmor"],"picked":"OSAHOGD","floor":8},{"not_picked":["Double Tap","Bludgeon"],"picked":"Demon Form","floor":8},{"not_picked":["BodiesMountain","LaLuna","Murderer"],"picked":"Singing Bowl","floor":12},{"not_picked":["PunishingBird","MeatLantern"],"picked":"OldLady","floor":12},{"not_picked":["conspire:HitWhereItHurts","Impervious"],"picked":"hubris:StunningStrike","floor":12},{"not_picked":["UniverseFragment","Murderer"],"picked":"LittlePrince","floor":14},{"not_picked":["Double Tap","Juggernaut","Offering"],"picked":"SKIP","floor":14},{"not_picked":["MHz","MeatLantern"],"picked":"WallGazer","floor":16},{"not_picked":["Eclipse","Bludgeon"],"picked":"Feed","floor":16},{"not_picked":["BlackSwan","FairyFestival","Wellcheers"],"picked":"Singing Bowl","floor":18},{"not_picked":["Seeing Red","Shrug It Off+1"],"picked":"Cleave","floor":18},{"not_picked":["DreamingCurrent","SilentOrchestra","FairyFestival"],"picked":"Singing Bowl","floor":19},{"not_picked":["Life Link+1","Ghostly Armor"],"picked":"Feed","floor":19},{"not_picked":["Murderer","Laetitia"],"picked":"UniverseFragment","floor":22},{"not_picked":["Demon Form","Pommel Strike+1","Metallicize"],"picked":"SKIP","floor":22},{"not_picked":["MeatLantern","Variant","FairyFestival"],"picked":"Singing Bowl","floor":23},{"not_picked":["SpiderBud","LaLuna"],"picked":"GreedKing","floor":23},{"not_picked":["Demonic Infusion","StuffTheSpire:TitanForm","Exhume"],"picked":"SKIP","floor":23},{"not_picked":["BodiesMountain","DespairKnight"],"picked":"Scorched","floor":24},{"not_picked":["conspire:HitWhereItHurts","Replay:Many Hands","Bludgeon"],"picked":"SKIP","floor":24},{"not_picked":["conspire:HitWhereItHurts","Replay:Many Hands","Bludgeon"],"picked":"SKIP","floor":24},{"not_picked":["Laetitia","QueenBee"],"picked":"Mercenary","floor":27},{"not_picked":["conspire:Purge","Feed"],"picked":"Limit Break","floor":27},{"not_picked":["RedShoes","Freischutz","Wellcheers"],"picked":"Singing Bowl","floor":31},{"not_picked":["Fiend Fire","Eclipse","conspire:HitWhereItHurts"],"picked":"SKIP","floor":31},{"not_picked":["HeroicMonk","CherryBlossoms"],"picked":"PunishingBird","floor":33},{"not_picked":["wanderingMiniBosses:FinaleOfPromise"],"picked":"SKIP","floor":35},{"not_picked":["Genetic Algorithm+1","Perfected Strike","Dropkick+1","Hologram"],"picked":"SKIP","floor":35},{"not_picked":["Clash+1","Invigoration","StuffTheSpire:Slingshot","Clothesline"],"picked":"SKIP","floor":39},{"not_picked":["Double Tap","Impervious","Barricade"],"picked":"Offering","floor":42},{"not_picked":["conspire:HitWhereItHurts","Replay:Many Hands","All For One","Demonic Infusion"],"picked":"SKIP","floor":46},{"not_picked":["Meteor Strike","Machine Learning","Feed","Alpha"],"picked":"Brutality","floor":54}],"player_experience":1801214,"relics_obtained":[{"floor":6,"key":"halation:LettersToHer"},{"floor":7,"key":"Incense Burner"},{"floor":8,"key":"Anchor"},{"floor":9,"key":"LugNut"},{"floor":9,"key":"halation:LettersToHer"},{"floor":12,"key":"StuffTheSpire:SapphireSignet"},{"floor":14,"key":"CherryCoatedStake"},{"floor":23,"key":"Juzu Bracelet"},{"floor":24,"key":"halation:SwordOfLegend"},{"floor":26,"key":"halation:LettersToHer"},{"floor":27,"key":"ReplayTheSpireMod:TigerMarble"},{"floor":31,"key":"StuffTheSpire:HeavyRock"},{"floor":32,"key":"Calipers"},{"floor":35,"key":"wanderingMiniBosses:Blackblade"},{"floor":40,"key":"halation:Toothbrush"},{"floor":41,"key":"Oddly Smooth Stone"},{"floor":42,"key":"Eternal Feather"},{"floor":43,"key":"StuffTheSpire:GrapeVine"},{"floor":43,"key":"StuffTheSpire:Expresso"},{"floor":43,"key":"halation:LettersToHer"},{"floor":44,"key":"Pear"},{"floor":45,"key":"Replay:Kaleidoscope"},{"floor":46,"key":"hubris:DisguiseKit"},{"floor":54,"key":"hubris:FunFungus"}],"event_choices":[{"damage_healed":5,"gold_gain":0,"player_choice":"LEAVE ","damage_taken":0,"relics_obtained":[],"max_hp_gain":0,"max_hp_loss":0,"event_name":"betterSkull:BetterSkull","floor":20,"gold_loss":0,"cards_upgraded":[]},{"damage_healed":0,"gold_gain":0,"player_choice":"Got Potions","damage_taken":0,"max_hp_gain":0,"max_hp_loss":0,"event_name":"Lab","floor":21,"gold_loss":0},{"damage_healed":0,"gold_gain":0,"player_choice":"Upgraded","damage_taken":0,"max_hp_gain":0,"max_hp_loss":0,"event_name":"Upgrade Shrine","floor":38,"gold_loss":0,"cards_upgraded":["Limit Break"]},{"cards_removed":["Scorched"],"damage_healed":5,"gold_gain":0,"player_choice":"Offered Common","damage_taken":0,"max_hp_gain":0,"max_hp_loss":0,"event_name":"Bonfire Elementals","floor":48,"gold_loss":0},{"cards_removed":["Scorched"],"damage_healed":5,"gold_gain":0,"player_choice":"Offered Special","damage_taken":0,"max_hp_gain":0,"max_hp_loss":0,"event_name":"Bonfire Elementals","floor":48,"gold_loss":0}],"is_beta":false,"boss_relics":[{"not_picked":["conspire:RoyalGoblet","halation:HeavySnake"],"picked":"vexMod:TanglingVine"},{"not_picked":["StuffTheSpire:RunicHypercube","Replay:Drink Me"],"picked":"aspiration:DefectSkillbook"},{"not_picked":["ReplayTheSpireMod:SealedPack","Calling Bell"],"picked":"vexMod:BigBerry"}],"items_purged_floors":[10,28,30,36],"is_endless":true,"potions_floor_spawned":[3,4,6,8,14,16,22,31,33,42,50,55],"ascension_level":5}}