{"host":"2461dio7vetlq1z3","time":1608539485,"event":{"mods":["2.2 Compatiblity","AchievementEnabler","BaseMod","Better Third Choice","Hermit","Lobotomy","Minty Spire (QoL Compilation)","Relic Stats","Spicy Shops","StSLib","Waifu the Spire"],"gold_per_floor":[111,111,123,139,139,180,199,199,222,242,273,293,68,81,81,202,202,215,231,251,251,268,268,298,298,298,298,325,325,359,370,370,370,370],"floor_reached":33,"playtime":2951,"items_purged":[],"score":394,"play_id":"84ddffba-e118-492b-b6fe-524d8bff121e","local_time":"20201221093125","is_ascension_mode":false,"campfire_choices":[],"circlet_count":0,"master_deck":["SpecialBullet","SpecialBullet","SpecialBullet","SpecialBullet","SpecialBullet","SpecialBullet","SpecialBullet","InformationCode","CentralCode","SecurityCode","MeatLantern","Wingbeat","SpiderBud","Ecstasy","Logging","BearPaw","BlackSwan","Hypocrisy","ScreamingWedge","DisciplinaryCode","Variant","SoundOfStar","Ecstasy","GreedKing","WelfareCode","ParadiseLost","Ecstasy"],"relics":["CogitoBucket","Smiling Mask","Bloody Idol","Akabeko","Orichalcum","Theresia","PreservedInsect","Sling","Lantern","Coffee Dripper","HellTrain","Peace Pipe","CaptainsWheel","Shovel","Boot","AtMidnight","SkinProphecy"],"acts_visited":["Exordium","TheCity"],"potions_floor_usage":[31],"damage_taken":[{"damage":0,"enemies":"2 Louse","floor":1,"turns":2},{"damage":0,"enemies":"Small Slimes","floor":3,"turns":2},{"damage":6,"enemies":"Cultist","floor":4,"turns":3},{"damage":13,"enemies":"Gremlin Nob","floor":6,"turns":3},{"damage":8,"enemies":"2 Fungi Beasts","floor":7,"turns":3},{"damage":10,"enemies":"Exordium Thugs","floor":10,"turns":4},{"damage":1,"enemies":"Lagavulin","floor":11,"turns":4},{"damage":0,"enemies":"Lots of Slimes","floor":12,"turns":5},{"damage":0,"enemies":"Red Slaver","floor":14,"turns":1},{"damage":3,"enemies":"The Guardian","floor":16,"turns":7},{"damage":0,"enemies":"Shell Parasite","floor":18,"turns":5},{"damage":0,"enemies":"Spheric Guardian","floor":19,"turns":2},{"damage":0,"enemies":"3 Cultists","floor":20,"turns":5},{"damage":0,"enemies":"Centurion and Healer","floor":22,"turns":4},{"damage":0,"enemies":"Gremlin Leader","floor":24,"turns":4},{"damage":55,"enemies":"Slavers","floor":28,"turns":5},{"damage":5,"enemies":"Gremlin Leader","floor":30,"turns":6},{"damage":29,"enemies":"Cultist and Chosen","floor":31,"turns":5},{"damage":17,"enemies":"Automaton","floor":33,"turns":8}],"seed_played":"3382150892653563952","potions_obtained":[{"floor":12,"key":"LiquidMemories"},{"floor":14,"key":"SkillPotion"},{"floor":16,"key":"Energy Potion"}],"is_trial":false,"path_per_floor":["M","?","M","M","?","E","M","R","T","M","E","M","$","M","R","B",null,"M","M","M","?","M","R","E","R","T","?","E","R","E","M","R","B"],"character_chosen":"Angela","items_purchased":["Sling","Lantern"],"campfire_rested":0,"item_purchase_floors":[13,13],"current_hp_per_floor":[70,63,70,70,53,40,40,40,40,38,45,53,53,61,61,66,70,70,70,70,70,70,70,70,70,70,70,28,28,40,16,16,0,0],"gold":370,"neow_bonus":"RANDOM_COMMON_RELIC","is_daily":false,"chose_seed":false,"campfire_upgraded":0,"win_rate":0.0,"timestamp":1608539485,"path_taken":["M","?","M","M","?","E","M","R","T","M","E","M","$","M","R","BOSS","M","M","M","?","M","R","E","R","T","?","E","R","E","M","R","BOSS"],"items_purchased_type":["Relic","Card"],"build_version":"2020-12-13","purchased_purges":0,"victory":false,"max_hp_per_floor":[70,70,70,70,70,70,70,70,70,70,70,70,70,70,70,70,70,70,70,70,70,70,70,70,70,70,70,70,70,70,70,70,72,72],"relic_stats":{"Peace Pipe":0,"Shovel":0,"counters":[22,81],"Bloody Idol":15,"PreservedInsect":131,"Orichalcum":[150],"Smiling Mask":0,"Boot":[0],"obtain_stats":[{"Lantern":13,"Golden Idol":5,"PreservedInsect":11,"Orichalcum":9,"SkinProphecy":31,"Smiling Mask":0,"Sling":13,"Boot":30,"Akabeko":6,"Peace Pipe":24,"CogitoBucket":0,"CaptainsWheel":26,"Shovel":28,"Bloody Idol":21,"AtMidnight":31,"Coffee Dripper":17,"HellTrain":18,"Theresia":10},{"Lantern":9,"Golden Idol":3,"PreservedInsect":8,"Orichalcum":5,"SkinProphecy":21,"Smiling Mask":0,"Sling":9,"Boot":19,"Akabeko":4,"Peace Pipe":17,"CogitoBucket":0,"CaptainsWheel":17,"Shovel":18,"Bloody Idol":15,"AtMidnight":21,"Coffee Dripper":11,"HellTrain":13,"Theresia":7},{"Lantern":27,"Golden Idol":7,"PreservedInsect":22,"Orichalcum":13,"SkinProphecy":73,"Smiling Mask":0,"Sling":27,"Boot":67,"Akabeko":10,"Peace Pipe":56,"CogitoBucket":0,"CaptainsWheel":56,"Shovel":61,"Bloody Idol":48,"AtMidnight":73,"Coffee Dripper":35,"HellTrain":41,"Theresia":18}]},"card_choices":[{"not_picked":["VoidDream","ShyLook"],"picked":"MeatLantern","floor":1},{"not_picked":["CUTE"],"picked":"Wingbeat","floor":1},{"not_picked":["Porccubus","Scorched"],"picked":"SpiderBud","floor":3},{"not_picked":["FourthMatchFlame"],"picked":"Ecstasy","floor":3},{"not_picked":["Hypocrisy"],"picked":"Logging","floor":4},{"not_picked":["Amita","Reverberation"],"picked":"SKIP","floor":6},{"not_picked":["FeatherOfHonor"],"picked":"BearPaw","floor":7},{"not_picked":["OSAHOGD","MHz"],"picked":"BlackSwan","floor":10},{"not_picked":["BearPaw","WristCuter"],"picked":"SKIP","floor":10},{"not_picked":["Galaxy"],"picked":"Hypocrisy","floor":11},{"not_picked":["Spore"],"picked":"ScreamingWedge","floor":12},{"not_picked":["LifeForTheDareDevil","Regret_ego"],"picked":"SKIP","floor":14},{"not_picked":["FairyFestival","VoidDream"],"picked":"Variant","floor":16},{"not_picked":["GoldRush"],"picked":"SoundOfStar","floor":16},{"not_picked":["Noise"],"picked":"Ecstasy","floor":18},{"not_picked":["Regret_ego","Penitence"],"picked":"SKIP","floor":19},{"not_picked":["FairyFestival","Laetitia"],"picked":"GreedKing","floor":20},{"not_picked":["Spore+1","Diffraction"],"picked":"SKIP","floor":20},{"not_picked":["RapturousDream","CrimsonScar+1"],"picked":"SKIP","floor":22},{"not_picked":["RapturousDream+1"],"picked":"ParadiseLost","floor":24},{"not_picked":["ShedSkin","Wingbeat+1"],"picked":"SKIP","floor":28},{"not_picked":["RapturousDream","CUTE"],"picked":"SKIP","floor":30},{"not_picked":["FrostShard"],"picked":"Ecstasy","floor":31}],"player_experience":811285,"relics_obtained":[{"floor":6,"key":"Akabeko"},{"floor":9,"key":"Orichalcum"},{"floor":11,"key":"PreservedInsect"},{"floor":24,"key":"Peace Pipe"},{"floor":26,"key":"CaptainsWheel"},{"floor":28,"key":"Shovel"},{"floor":30,"key":"Boot"},{"floor":31,"key":"AtMidnight"}],"event_choices":[{"cards_removed":["SpecialBullet"],"damage_healed":0,"gold_gain":0,"player_choice":"Card Removal","damage_taken":7,"max_hp_gain":0,"max_hp_loss":0,"event_name":"Golden Wing","floor":2,"gold_loss":0},{"damage_healed":0,"gold_gain":0,"player_choice":"Take Damage","damage_taken":17,"relics_obtained":["Golden Idol"],"max_hp_gain":0,"max_hp_loss":0,"event_name":"Golden Idol","floor":5,"gold_loss":0},{"damage_healed":0,"gold_gain":0,"player_choice":"Gave Idol","damage_taken":0,"relics_obtained":["Bloody Idol"],"max_hp_gain":0,"max_hp_loss":0,"event_name":"Forgotten Altar","floor":21,"relics_lost":["Golden Idol"],"gold_loss":0},{"damage_healed":0,"gold_gain":0,"player_choice":"Ignored","damage_taken":0,"max_hp_gain":0,"max_hp_loss":0,"event_name":"Vampires","floor":27,"gold_loss":0}],"is_beta":false,"boss_relics":[{"not_picked":["Snecko Eye","Calling Bell"],"picked":"Coffee Dripper"}],"items_purged_floors":[],"is_endless":false,"potions_floor_spawned":[12,14,16,20],"killed_by":"Automaton","ascension_level":0}}