{"host":"1c52r9kaxdyo25eq","time":1608584869,"event":{"mods":["AchievementEnabler","BaseMod","Minty Spire (QoL Compilation)","Rare Cards Sparkle","SuperFastMode","everything is the same but u backflip on backflip"],"gold_per_floor":[111,130,130,60,78,91,91,123,123,33,33,61,61,61,61,140,140,154,154,154,164,79,79,79,79,104,104,138,158,171,191,191,267,267,279,294,307,321,246,275,275,300,300,319,319,339,156,156,156,156,156,156],"floor_reached":51,"playtime":1802,"items_purged":["Choke","Deadly Poison+1"],"score":1435,"play_id":"6ba523ac-2b0f-4acd-9579-2448600b65db","local_time":"20201222060749","is_ascension_mode":true,"campfire_choices":[{"floor":7.0,"key":"REST"},{"floor":11.0,"key":"REST"},{"floor":13.0,"key":"REST"},{"floor":15.0,"key":"REST"},{"data":"Bouncing Flask","floor":23.0,"key":"SMITH"},{"data":"Catalyst","floor":27.0,"key":"SMITH"},{"floor":32.0,"key":"REST"},{"data":"Tactician","floor":41.0,"key":"SMITH"},{"floor":49.0,"key":"RECALL"}],"circlet_count":0,"master_deck":["AscendersBane","Survivor+1","Neutralize","Backflip","Tactician+1","Quick Slash","Acrobatics","Grand Finale","Prepared","Catalyst+1","Bouncing Flask+1","Burst","Prepared","Deflect","Backflip","Tactician","Reflex","Eviscerate+1","Backflip","Prepared+1","Escape Plan","Calculated Gamble+1","Tactician","Well Laid Plans"],"relics":["Cursed Key","HornCleat","Bronze Scales","Mercury Hourglass","Omamori","Pandora\u0027s Box","Dream Catcher","Toy Ornithopter","Empty Cage","Bag of Marbles","Incense Burner"],"acts_visited":["Exordium","TheCity","TheBeyond"],"potions_floor_usage":[],"damage_taken":[{"damage":0.0,"enemies":"Small Slimes","floor":1.0,"turns":4.0},{"damage":0.0,"enemies":"Cultist","floor":2.0,"turns":4.0},{"damage":2.0,"enemies":"Jaw Worm","floor":5.0,"turns":3.0},{"damage":0.0,"enemies":"2 Fungi Beasts","floor":6.0,"turns":4.0},{"damage":32.0,"enemies":"3 Sentries","floor":8.0,"turns":15.0},{"damage":28.0,"enemies":"Gremlin Nob","floor":12.0,"turns":4.0},{"damage":13.0,"enemies":"The Guardian","floor":16.0,"turns":9.0},{"damage":0.0,"enemies":"3 Byrds","floor":18.0,"turns":3.0},{"damage":6.0,"enemies":"Shell Parasite","floor":21.0,"turns":3.0},{"damage":11.0,"enemies":"Slavers","floor":28.0,"turns":4.0},{"damage":29.0,"enemies":"Shelled Parasite and Fungi","floor":29.0,"turns":4.0},{"damage":0.0,"enemies":"Snecko","floor":30.0,"turns":3.0},{"damage":0.0,"enemies":"Snake Plant","floor":31.0,"turns":3.0},{"damage":9.0,"enemies":"Automaton","floor":33.0,"turns":6.0},{"damage":0.0,"enemies":"3 Darklings","floor":35.0,"turns":4.0},{"damage":12.0,"enemies":"Orb Walker","floor":36.0,"turns":2.0},{"damage":24.0,"enemies":"Jaw Worm Horde","floor":37.0,"turns":3.0},{"damage":1.0,"enemies":"Sphere and 2 Shapes","floor":38.0,"turns":3.0},{"damage":0.0,"enemies":"Giant Head","floor":40.0,"turns":6.0},{"damage":0.0,"enemies":"Mind Bloom Boss Battle","floor":42.0,"turns":1.0},{"damage":0.0,"enemies":"Spire Growth","floor":44.0,"turns":3.0},{"damage":0.0,"enemies":"4 Shapes","floor":46.0,"turns":2.0},{"damage":60.0,"enemies":"Time Eater","floor":50.0,"turns":9.0},{"damage":0,"enemies":"Donu and Deca","floor":51,"turns":1}],"seed_played":"-8982917189500384050","potions_obtained":[{"floor":5.0,"key":"Fire Potion"},{"floor":8.0,"key":"PowerPotion"},{"floor":12.0,"key":"ColorlessPotion"},{"floor":28.0,"key":"Ancient Potion"},{"floor":31.0,"key":"SteroidPotion"},{"floor":37.0,"key":"SmokeBomb"}],"is_trial":false,"path_per_floor":["M","M","?","?","M","M","R","E","T","$","R","E","R","?","R","B",null,"M","?","?","M","?","R","?","?","T","R","E","M","M","M","R","B",null,"M","M","M","M","$","E","R","?","T","M","?","M","$","?","R","B","B"],"character_chosen":"THE_SILENT","items_purchased":["Grand Finale","Well Laid Plans"],"campfire_rested":5,"item_purchase_floors":[10,47],"current_hp_per_floor":[59,59,39,39,37,37,56,24,24,24,43,15,34,16,35,22,55,55,55,55,49,49,49,49,49,49,49,38,14,14,14,33,24,56,61,49,25,24,24,24,24,24,24,24,66,66,66,63,63,3,3,3],"gold":156,"neow_bonus":"BOSS_RELIC","is_daily":false,"chose_seed":false,"campfire_upgraded":3,"win_rate":0.0,"timestamp":1608584869,"path_taken":["M","M","?","?","M","?","R","E","T","$","R","E","R","?","R","BOSS","BOSS","M","?","?","?","?","R","?","?","T","R","E","?","M","M","R","BOSS","M","M","M","M","$","E","R","?","T","M","?","?","$","?","R","BOSS","BOSS"],"items_purchased_type":["Card","Card"],"build_version":"2020-12-13","purchased_purges":2,"victory":false,"max_hp_per_floor":[66,66,66,66,66,66,66,66,66,66,66,66,66,66,66,66,66,66,66,66,66,66,66,66,66,66,66,66,66,66,66,66,66,66,66,66,66,66,66,66,66,66,66,66,66,66,66,63,63,63,63,63],"card_choices":[{"not_picked":["Concentrate","Underhanded Strike"],"picked":"Deadly Poison","floor":1.0},{"not_picked":["Dash","Deflect"],"picked":"Backflip","floor":2.0},{"not_picked":["Concentrate","Bane"],"picked":"Tactician","floor":5.0},{"not_picked":["Backflip","Dodge and Roll"],"picked":"Quick Slash","floor":6.0},{"not_picked":["Underhanded Strike","PiercingWail"],"picked":"Acrobatics","floor":8.0},{"not_picked":["Die Die Die","Dagger Spray"],"picked":"Prepared","floor":12.0},{"not_picked":["Flying Knee","Predator+1"],"picked":"Backflip","floor":18.0},{"not_picked":["Distraction","Flechettes","Blade Dance"],"picked":"SKIP","floor":21.0},{"not_picked":["Finisher","Flechettes"],"picked":"Reflex","floor":28.0},{"not_picked":["Slice","Heel Hook+1"],"picked":"Eviscerate+1","floor":29.0},{"not_picked":["Poisoned Stab","Backflip","Dodge and Roll"],"picked":"SKIP","floor":30.0},{"not_picked":["Poisoned Stab","Dodge and Roll"],"picked":"Backflip","floor":30.0},{"not_picked":["Sucker Punch","Poisoned Stab"],"picked":"Prepared+1","floor":31.0},{"not_picked":["Crippling Poison","Predator","PiercingWail"],"picked":"SKIP","floor":35.0},{"not_picked":["Escape Plan","Dagger Throw","Dodge and Roll"],"picked":"SKIP","floor":36.0},{"not_picked":["Dagger Throw","Dodge and Roll"],"picked":"Escape Plan","floor":36.0},{"not_picked":["Blur","Flechettes"],"picked":"Calculated Gamble+1","floor":37.0},{"not_picked":["Outmaneuver+1","Underhanded Strike","Accuracy+1"],"picked":"SKIP","floor":38.0},{"not_picked":["Reflex+1","Flechettes+1"],"picked":"Tactician","floor":40.0},{"not_picked":["Bane+1","PiercingWail+1","Underhanded Strike"],"picked":"SKIP","floor":44.0},{"not_picked":["Riddle With Holes+1","Underhanded Strike+1","Eviscerate+1"],"picked":"SKIP","floor":46.0}],"player_experience":503329,"relics_obtained":[{"floor":8.0,"key":"Bronze Scales"},{"floor":12.0,"key":"Mercury Hourglass"},{"floor":28.0,"key":"Toy Ornithopter"},{"floor":40.0,"key":"Bag of Marbles"},{"floor":42.0,"key":"Incense Burner"}],"event_choices":[{"damage_healed":0.0,"max_hp_gain":0.0,"max_hp_loss":0.0,"gold_gain":0.0,"event_name":"Shining Light","player_choice":"Entered Light","floor":3.0,"gold_loss":0.0,"damage_taken":20.0,"cards_upgraded":["Survivor","Deadly Poison"]},{"damage_healed":0.0,"max_hp_gain":0.0,"max_hp_loss":0.0,"gold_gain":0.0,"event_name":"WeMeetAgain","player_choice":"Paid Gold","floor":4.0,"gold_loss":70.0,"damage_taken":0.0,"relics_obtained":["HornCleat"]},{"damage_healed":0.0,"max_hp_gain":0.0,"max_hp_loss":0.0,"gold_gain":0.0,"event_name":"Scrap Ooze","player_choice":"Success","floor":14.0,"gold_loss":0.0,"damage_taken":18.0,"relics_obtained":["Omamori"]},{"damage_healed":0.0,"max_hp_gain":0.0,"max_hp_loss":0.0,"gold_gain":0.0,"event_name":"The Library","player_choice":"Read","floor":19.0,"gold_loss":0.0,"damage_taken":0.0,"cards_obtained":["Tactician"]},{"damage_healed":0.0,"max_hp_gain":0.0,"max_hp_loss":0.0,"gold_gain":0.0,"event_name":"Wheel of Change","player_choice":"Cursed","floor":20.0,"gold_loss":0.0,"damage_taken":0.0,"cards_obtained":["Decay"]},{"damage_healed":0.0,"max_hp_gain":0.0,"max_hp_loss":0.0,"gold_gain":0.0,"event_name":"Addict","player_choice":"Obtained Relic","floor":22.0,"gold_loss":85.0,"damage_taken":0.0,"relics_obtained":["Dream Catcher"]},{"cards_removed":["Envenom"],"damage_healed":0.0,"max_hp_gain":0.0,"max_hp_loss":0.0,"gold_gain":0.0,"event_name":"Back to Basics","player_choice":"Elegance","floor":24.0,"gold_loss":0.0,"damage_taken":0.0},{"damage_healed":0.0,"max_hp_gain":0.0,"max_hp_loss":0.0,"gold_gain":0.0,"event_name":"Vampires","player_choice":"Ignored","floor":25.0,"gold_loss":0.0,"damage_taken":0.0},{"damage_healed":0.0,"max_hp_gain":0.0,"max_hp_loss":0.0,"gold_gain":0.0,"event_name":"MindBloom","player_choice":"Fight","floor":42.0,"gold_loss":0.0,"damage_taken":0.0},{"cards_removed":["Flechettes"],"damage_healed":42.0,"max_hp_gain":0.0,"max_hp_loss":0.0,"gold_gain":0.0,"event_name":"Bonfire Elementals","player_choice":"Offered Uncommon","floor":45.0,"gold_loss":0.0,"damage_taken":0.0},{"damage_healed":0.0,"max_hp_gain":0.0,"max_hp_loss":3.0,"gold_gain":0.0,"event_name":"Winding Halls","player_choice":"Max HP","floor":48.0,"gold_loss":0.0,"damage_taken":0.0}],"is_beta":false,"boss_relics":[{"not_picked":["Sozu","HoveringKite"],"picked":"Pandora\u0027s Box"},{"not_picked":["Calling Bell","WristBlade"],"picked":"Empty Cage"}],"items_purged_floors":[39,47],"is_endless":false,"potions_floor_spawned":[5,8,12,16,28,31,37,38,42,46],"killed_by":"Donu and Deca","ascension_level":20}}