{"host":"o5jvvi5yapo90aia","time":1608542052,"event":{"mods":["BaseMod","CapriCore","Minty Spire (QoL Compilation)","MostiFishMod","Prisma Mod","Spicy Shops","StSLib","TestMod","The Immortal","【东方二次创作】八云紫mod","【人物mod】游戏王New YuGiOh mod","【功能Mod】Neow奖励"],"gold_per_floor":[116,116,129,129,129,161,86,86,86],"floor_reached":8,"playtime":295,"items_purged":["Strike_R"],"score":108,"play_id":"1dd4b0db-6726-4549-8c89-71ca6f2932fb","local_time":"20201221171412","is_ascension_mode":true,"campfire_choices":[],"circlet_count":0,"master_deck":["AscendersBane","Strike_R","Strike_R","Defend_R+1","Defend_R","Defend_R+1","Defend_R","Bash","Sword Boomerang"],"relics":["DaveBox","testmod-TestBox","Empty Cage","EGODaCapo","testmod-NegativeEmotionEnhancer","Question Card","War Paint","Red Skull"],"acts_visited":["Exordium"],"potions_floor_usage":[6],"damage_taken":[{"damage":0,"enemies":"2 Louse","floor":1,"turns":4},{"damage":0,"enemies":"Small Slimes","floor":3,"turns":3},{"damage":33,"enemies":"Gremlin Nob","floor":6,"turns":6},{"damage":24,"enemies":"3 Sentries","floor":8,"turns":6}],"seed_played":"1767231846973968148","potions_obtained":[{"floor":3,"key":"Block Potion"}],"is_trial":false,"path_per_floor":["M","?","M","?","$","E","$","E"],"character_chosen":"IRONCLAD","items_purchased":[],"campfire_rested":0,"item_purchase_floors":[],"current_hp_per_floor":[71,45,49,49,49,19,19,0,0],"gold":86,"neow_bonus":"BOSS_RELIC","is_daily":false,"chose_seed":false,"campfire_upgraded":0,"win_rate":0.0,"timestamp":1608542052,"path_taken":["M","?","M","?","$","E","$","E"],"items_purchased_type":[],"build_version":"2020-12-13","purchased_purges":1,"victory":false,"max_hp_per_floor":[76,76,77,77,77,78,78,78,78],"card_choices":[{"not_picked":["Iron Wave","Warcry","Flame Barrier"],"picked":"SKIP","floor":1},{"not_picked":["Warcry","Twin Strike","Shrug It Off","Heavy Blade"],"picked":"SKIP","floor":3},{"not_picked":["Dark Embrace","Wild Strike","Flex"],"picked":"Sword Boomerang","floor":6}],"player_experience":1340875,"relics_obtained":[{"floor":1,"key":"Question Card"},{"floor":6,"key":"Red Skull"}],"event_choices":[{"damage_healed":0,"gold_gain":0,"player_choice":"Success","damage_taken":26,"relics_obtained":["War Paint"],"max_hp_gain":0,"max_hp_loss":0,"event_name":"Scrap Ooze","floor":2,"gold_loss":0},{"damage_healed":0,"gold_gain":0,"player_choice":"Leave","damage_taken":0,"max_hp_gain":0,"max_hp_loss":0,"event_name":"The Cleric","floor":4,"gold_loss":0}],"is_beta":false,"boss_relics":[],"items_purged_floors":[7],"is_endless":false,"potions_floor_spawned":[3],"killed_by":"3 Sentries","ascension_level":20}}