{"host":"pew4fjlaqz7m1maf","time":1608583320,"event":{"mods":["AchievementEnabler","Act Like it!","Bartender","BaseMod","Bestiary","Better Match","Better Note","Block Reminder","Booster Modes","Colored Map","Colored Powertips","Curses Come First","DeckTracker","Downfall","Duelist Mod","GifTheSpireLib","GungeonMod","Hallownest","Hero for Fun","Hyrulean Relics","Jedi Mod","LagranYue(ùfäiòNÅEåé)","Magitek Elite","MarisaÅiñ∂âJÅ@ñÇóùçπÅj","Melee Mod","Minty Spire (QoL Compilation)","Prisma Mod","Quick Restart","Random Character Button","Rare Cards Sparkle","Relic Stats","Replay The Spire","SOSÅiézîb?îVéqÅj","StSLib","Td1madao Mod","The Animator","The Blue Laboratory","The Bug Knight","The Mystic","The Servant 0.9.4","The Wild Card","TheHero","TheWitcher","Uncapped","Waifu the Spire","Åyå˜î\ModÅz?ñæìIç≈?Boss"],"gold_per_floor":[157,172,187,202,302,8,8,73,103,103,118,133,198,323,338,438,438,438,453,453,483,248,0,0,15,15,80,95,110,125,115,130,130,130],"floor_reached":33,"playtime":3561,"items_purged":["Corruption"],"score":425,"play_id":"f2bd929b-da4f-491a-8105-8e86b1d0c3d6","local_time":"20201221134200","daily_mods":["SealedDeck","Red Cards","Lethality"],"is_ascension_mode":false,"campfire_choices":[{"floor":10,"key":"REST"},{"floor":18,"key":"DIG"},{"data":"Limit Break","floor":20,"key":"SMITH"},{"data":"jedi:MakeshiftSword","floor":26,"key":"SMITH"}],"circlet_count":0,"master_deck":["ReplayReversal","ClearTheMind","FlurryOfBlows","Halt","ClearTheMind","Vengeance","EmptyBody","MentalFortress","ForeignInfluence","Evaluate","InnerPeace","FlurryOfBlows","FlurryOfBlows","Anger","Adaptation","jedi:MakeshiftSword+1","EmptyMind","expansioncontent:LastStand","Heavy Blade","Protect","WaveOfTheHand","Dual Wield","FollowUp","Collect","Limit Break+1","FlurryOfBlows+1","Replay:Many Hands","ReplayTheSpireMod:Stacked","Prostrate","jedi:fear","Demonic Infusion","Spot Weakness","CutThroughFate"],"relics":["PureWater","LagranYue:RandomDrawCardRelic","downfall:CloakOfManyFaces","CultistMask","FaceOfCleric","NlothsMask","GremlinMask","SsserpentHead","Ornamental Fan","StrikeDummy","LagranYue:SoulBurningRelic","jedi:shrinkray","Chameleon Ring","Meat on the Bone","Lee\u0027s Waffle","animator:ColorlessFragment","Blue Doll"],"acts_visited":["Exordium","TheCity"],"potions_floor_usage":[8,12,22,33,33],"damage_taken":[{"damage":4.0,"enemies":"Jaw Worm","floor":2.0,"turns":2.0},{"damage":0.0,"enemies":"Cultist","floor":3.0,"turns":3.0},{"damage":6.0,"enemies":"Small Slimes","floor":4.0,"turns":2.0},{"damage":9.0,"enemies":"downfall:FaceTrader","floor":5.0,"turns":3.0},{"damage":2.0,"enemies":"downfall:FleeingMerchant","floor":6.0,"turns":4.0},{"damage":20,"enemies":"Exordium Thugs","floor":8,"turns":2},{"damage":0,"enemies":"Lagavulin","floor":9,"turns":3},{"damage":1,"enemies":"2 Fungi Beasts","floor":11,"turns":3},{"damage":0,"enemies":"3 Louse","floor":12,"turns":1},{"damage":26,"enemies":"Red Slaver","floor":13,"turns":4},{"damage":18,"enemies":"Exordium Thugs","floor":15,"turns":3},{"damage":0,"enemies":"Slime Boss","floor":16,"turns":3},{"damage":6,"enemies":"Chosen","floor":19,"turns":2},{"damage":42,"enemies":"Book of Stabbing","floor":21,"turns":5},{"damage":26,"enemies":"downfall:FleeingMerchant","floor":22,"turns":3},{"damage":0,"enemies":"Centurion and Healer","floor":25,"turns":4},{"damage":0,"enemies":"Sentry and Sphere","floor":27,"turns":3},{"damage":0,"enemies":"3 Cultists","floor":28,"turns":4},{"damage":35,"enemies":"Shelled Parasite and Fungi","floor":29,"turns":3},{"damage":18,"enemies":"Sentry and Sphere","floor":30,"turns":4},{"damage":9,"enemies":"3 Cultists","floor":32,"turns":4},{"damage":60,"enemies":"downfall:Ironclad","floor":33,"turns":4}],"seed_played":"7329645460642280970","potions_obtained":[{"floor":2.0,"key":"blueLaboratory:HorrorPotion"},{"floor":3.0,"key":"Fire Potion"},{"floor":5.0,"key":"blueLaboratory:PhilterOfMotion"},{"floor":11,"key":"ColorlessPotion"},{"floor":15,"key":"blueLaboratory:BottleOfVodka"},{"floor":25,"key":"sneckomod:MuddlingPotion"},{"floor":32,"key":"AttackPotion"}],"is_trial":false,"path_per_floor":["R_BF","M","M","M","?","$","T","M","E","R","M","M","M","T","M","B",null,"R_BF","M","R","E","$","?","T","M","R","M","M","M","M","?","M","B"],"character_chosen":"WATCHER","items_purchased":["jedi:MakeshiftSword","EmptyMind","expansioncontent:LastStand","Heavy Blade","Meat on the Bone","Lee\u0027s Waffle","DuplicationPotion","Prostrate"],"campfire_rested":1,"item_purchase_floors":[6,6,6,6,22,22,22,22],"current_hp_per_floor":[72,68,68,62,57,56,56,37,38,60,60,61,36,36,19,20,80,80,74,74,32,90,90,90,90,90,90,90,55,48,48,50,0,0],"gold":130,"neow_bonus":"","is_daily":true,"chose_seed":false,"campfire_upgraded":2,"win_rate":0.0,"timestamp":1608583320,"path_taken":["R_BF","M","M","M","?","$","T","?","E","R","M","M","?","?","M","BOSS","R_BF","M","R","E","?","?","T","M","R","?","M","M","M","?","M","BOSS"],"items_purchased_type":["Card","Card","Card","Card","Relic","Relic","Potion","Card"],"build_version":"2020-12-13","purchased_purges":1,"victory":false,"max_hp_per_floor":[72,72,72,72,72,73,73,74,75,75,76,77,78,78,79,80,80,80,81,81,82,90,90,90,91,91,92,93,94,95,95,96,96,96],"relic_stats":{"SsserpentHead":350,"Lee\u0027s Waffle":84,"FaceOfCleric":17,"counters":[22,69],"Ornamental Fan":[92],"obtain_stats":[{"Lee\u0027s Waffle":22,"LagranYue:RandomDrawCardRelic":0,"animator:ColorlessFragment":23,"GremlinMask":5,"LagranYue:SoulBurningRelic":17,"Blue Doll":24,"DemoMod:GlassGuonStoneRelic":2,"jedi:shrinkray":18,"SsserpentHead":5,"Chameleon Ring":21,"FaceOfCleric":5,"Ornamental Fan":9,"CultistMask":5,"downfall:CloakOfManyFaces":5,"PureWater":0,"jedi:command_shop":23,"StrikeDummy":14,"NlothsMask":5,"Meat on the Bone":22},{"Lee\u0027s Waffle":15,"LagranYue:RandomDrawCardRelic":0,"animator:ColorlessFragment":15,"GremlinMask":4,"LagranYue:SoulBurningRelic":12,"Blue Doll":15,"DemoMod:GlassGuonStoneRelic":1,"jedi:shrinkray":12,"SsserpentHead":4,"Chameleon Ring":14,"FaceOfCleric":4,"Ornamental Fan":7,"CultistMask":4,"downfall:CloakOfManyFaces":4,"PureWater":0,"jedi:command_shop":15,"StrikeDummy":10,"NlothsMask":4,"Meat on the Bone":15},{"Lee\u0027s Waffle":43,"LagranYue:RandomDrawCardRelic":0,"animator:ColorlessFragment":43,"GremlinMask":10,"LagranYue:SoulBurningRelic":33,"Blue Doll":43,"DemoMod:GlassGuonStoneRelic":2,"jedi:shrinkray":33,"SsserpentHead":10,"Chameleon Ring":40,"FaceOfCleric":10,"Ornamental Fan":19,"CultistMask":10,"downfall:CloakOfManyFaces":10,"PureWater":0,"jedi:command_shop":43,"StrikeDummy":27,"NlothsMask":10,"Meat on the Bone":43}],"Meat on the Bone":22},"card_choices":[{"not_picked":["Nirvana","jedi:controlledanger"],"picked":"InnerPeace","floor":2.0},{"not_picked":["ReplayTheSpireMod:Strike From Hell","Sword Boomerang"],"picked":"FlurryOfBlows","floor":3.0},{"not_picked":["Weave","Thunderclap"],"picked":"FlurryOfBlows","floor":4.0},{"not_picked":["Shrug It Off","Nirvana"],"picked":"Anger","floor":5.0},{"not_picked":["EmptyMind","Iron Wave"],"picked":"Adaptation","floor":6.0},{"not_picked":["ReplayTheSpireMod:Muscle Training","Flame Barrier"],"picked":"Protect","floor":8},{"not_picked":["Clash","Pummel"],"picked":"WaveOfTheHand","floor":9},{"not_picked":["FollowUp","WheelKick"],"picked":"Corruption","floor":11},{"not_picked":["PathToVictory","CutThroughFate"],"picked":"Dual Wield","floor":12},{"not_picked":["Body Slam","Wild Strike"],"picked":"FollowUp","floor":13},{"not_picked":["Replay:Undeath\u0027s Touch","Weave"],"picked":"Collect","floor":15},{"not_picked":["Double Tap","Blasphemy"],"picked":"Limit Break","floor":16},{"not_picked":["Consecrate","Flex"],"picked":"FlurryOfBlows+1","floor":19},{"not_picked":["Replay:Hum","Weave"],"picked":"Replay:Many Hands","floor":21},{"not_picked":["jedi:strikingstrike","Flex+1"],"picked":"ReplayTheSpireMod:Stacked","floor":22},{"not_picked":["Body Slam","Flex+1"],"picked":"jedi:fear","floor":25},{"not_picked":["Prostrate","Cleave+1"],"picked":"Demonic Infusion","floor":27},{"not_picked":["Replay:Hum+1","Evaluate"],"picked":"Spot Weakness","floor":29},{"not_picked":["Wild Strike","Replay:DivineShield"],"picked":"CutThroughFate","floor":30}],"player_experience":83005,"relics_obtained":[{"floor":5.0,"key":"downfall:CloakOfManyFaces"},{"floor":9,"key":"Ornamental Fan"},{"floor":14,"key":"StrikeDummy"},{"floor":18,"key":"jedi:shrinkray"},{"floor":21,"key":"Chameleon Ring"},{"floor":24,"key":"Blue Doll"}],"event_choices":[],"is_beta":false,"boss_relics":[{"not_picked":["expansioncontent:StudyCardRelic","Painkiller Herb"],"picked":"LagranYue:SoulBurningRelic"}],"items_purged_floors":[22],"is_endless":false,"potions_floor_spawned":[2,3,5,11,15,25,29,32],"killed_by":"downfall:Ironclad","ascension_level":0}}