{"host":"j4nfyhit1dl35m08","time":1608592701,"event":{"mods":["BaseMod","Downfall","Highlight Path","Minty Spire (QoL Compilation)","StSLib"],"gold_per_floor":[99,124,124,124,274,294,345,373,373,373,373,373],"floor_reached":10,"playtime":881,"items_purged":[],"score":87,"play_id":"f5d8889c-f9a2-468a-b299-88e0d2c9828b","local_time":"20201221171821","is_ascension_mode":false,"campfire_choices":[{"data":"champ:Taunt","floor":1,"key":"SMITH"},{"data":"champ:ArenaPreparation","floor":9,"key":"SMITH"}],"circlet_count":0,"master_deck":["champ:Strike","champ:Strike","champ:Strike","champ:Strike","champ:Defend","champ:Defend","champ:Defend","champ:Defend","champ:Execute","champ:Taunt+1","champ:StanceDance","champ:FocusedBerserking","champ:Backstep","Slimebound:Icky","champ:EnGarde","champ:ArenaPreparation+1"],"relics":["champ:ChampionCrown","downfall:HeartsMalice","Pen Nib","Juzu Bracelet","Odd Mushroom"],"acts_visited":["Exordium"],"potions_floor_usage":[8],"damage_taken":[{"damage":0,"enemies":"Gremlin Nob","floor":2,"turns":1},{"damage":0,"enemies":"Cultist","floor":3,"turns":1},{"damage":0,"enemies":"2 Louse","floor":4,"turns":1},{"damage":13,"enemies":"Jaw Worm","floor":6,"turns":5},{"damage":75,"enemies":"The Mushroom Lair","floor":8,"turns":9},{"damage":32,"enemies":"3 Sentries","floor":10,"turns":2}],"seed_played":"2892479111337339964","potions_obtained":[{"floor":6,"key":"ColorlessPotion"},{"floor":8,"key":"Fire Potion"}],"is_trial":false,"path_per_floor":["R","E","M","M","?","M","T","?","R","E"],"character_chosen":"THE_CHAMP","items_purchased":[],"campfire_rested":0,"item_purchase_floors":[],"current_hp_per_floor":[90,90,90,90,90,87,87,25,25,0,0,0],"gold":373,"neow_bonus":"THREE_ENEMY_KILL","is_daily":false,"chose_seed":false,"campfire_upgraded":2,"win_rate":0.0,"timestamp":1608592701,"path_taken":["R","E","M","?","?","M","T","?","R","E"],"items_purchased_type":[],"build_version":"2020-12-13","purchased_purges":0,"victory":false,"max_hp_per_floor":[90,90,90,90,90,90,90,90,90,90,90,90],"card_choices":[{"not_picked":["champ:Haymaker","champ:RisingSlash"],"picked":"champ:StanceDance","floor":2},{"not_picked":["champ:CrookedStrike","champ:AdrenalArmor"],"picked":"champ:FocusedBerserking","floor":3},{"not_picked":["champ:BringItOn","champ:EnGarde"],"picked":"champ:Backstep","floor":4},{"not_picked":["champ:FalseCounter","champ:EnragedBash"],"picked":"champ:EnGarde","floor":6},{"not_picked":["champ:AdrenalArmor","champ:Haymaker"],"picked":"champ:ArenaPreparation","floor":8}],"player_experience":345706,"relics_obtained":[{"floor":2,"key":"Pen Nib"},{"floor":7,"key":"Juzu Bracelet"},{"floor":8,"key":"Odd Mushroom"}],"event_choices":[{"damage_healed":0,"gold_gain":0,"player_choice":"Fought Mushrooms","damage_taken":0,"max_hp_gain":0,"max_hp_loss":0,"event_name":"Mushrooms","floor":8,"gold_loss":0}],"is_beta":false,"boss_relics":[],"items_purged_floors":[],"is_endless":false,"potions_floor_spawned":[6,8],"killed_by":"3 Sentries","ascension_level":0}}