{"host":"d50bw6kybq14xu1u","time":1608548757,"event":{"mods":["BaseMod","Colored Map","Colored Powertips","Minty Spire (QoL Compilation)","Quick Restart"],"gold_per_floor":[112,112,112,187,206,206,242,260,286,321,321,337,370,99,99,228,228,253,253,277,301,322,360,372,415,427,777,789,836,848,860,872,1005,1017,1043,1055,167,180,180,216,235,276,276,276,276],"floor_reached":44,"playtime":1289,"items_purged":[],"score":768,"play_id":"f898fdac-5720-46e9-bf6c-6294bc4620a9","local_time":"20201221190557","is_ascension_mode":true,"campfire_choices":[{"data":"Bash","floor":6.0,"key":"SMITH"},{"data":"Spot Weakness","floor":11.0,"key":"SMITH"},{"data":"Limit Break","floor":15,"key":"SMITH"},{"floor":24,"key":"REST"},{"floor":30,"key":"REST"},{"floor":32,"key":"REST"}],"circlet_count":0,"master_deck":["Strike_R","Strike_R+1","Strike_R","Strike_R+1","Strike_R","Defend_R","Defend_R","Defend_R","Defend_R","Bash+1","Twin Strike","Spot Weakness+1","Sword Boomerang","Twin Strike","Twin Strike+1","Limit Break+1","Inflame","Perfected Strike+1","Demon Form","Cleave+1","Twin Strike+1","Twin Strike+1","Twin Strike+1","Demon Form","Feed+1","CurseOfTheBell","Pommel Strike+1","Apotheosis","Limit Break+1","Reaper+1"],"relics":["Burning Blood","NeowsBlessing","Golden Idol","Juzu Bracelet","Orichalcum","PreservedInsect","Ancient Tea Set","Molten Egg 2","Black Star","Strawberry","MawBank","Whetstone","Pantograph","HornCleat","Matryoshka","Old Coin","Lantern","Red Skull","Nilry\u0027s Codex","Calling Bell","Bag of Marbles","Paper Frog","FossilizedHelix","Pear","Kunai","DollysMirror","Gremlin Horn","Shuriken","Mummified Hand","Happy Flower","Anchor","Sundial"],"acts_visited":["Exordium","TheCity","TheBeyond"],"potions_floor_usage":[12,13,21,23,29,33,44],"damage_taken":[{"damage":0.0,"enemies":"Jaw Worm","floor":1.0,"turns":1.0},{"damage":0.0,"enemies":"2 Louse","floor":5.0,"turns":1.0},{"damage":0.0,"enemies":"Gremlin Nob","floor":7.0,"turns":1.0},{"damage":6.0,"enemies":"Small Slimes","floor":8.0,"turns":3.0},{"damage":21.0,"enemies":"3 Sentries","floor":10.0,"turns":6.0},{"damage":1,"enemies":"3 Louse","floor":12,"turns":3},{"damage":12,"enemies":"Lagavulin","floor":13,"turns":4},{"damage":25,"enemies":"Slime Boss","floor":16,"turns":7},{"damage":18,"enemies":"Spheric Guardian","floor":18,"turns":4},{"damage":18,"enemies":"2 Thieves","floor":20,"turns":3},{"damage":18,"enemies":"Snake Plant","floor":21,"turns":4},{"damage":16,"enemies":"Centurion and Healer","floor":22,"turns":5},{"damage":34,"enemies":"Slavers","floor":23,"turns":4},{"damage":25,"enemies":"Gremlin Leader","floor":25,"turns":4},{"damage":25,"enemies":"Book of Stabbing","floor":27,"turns":4},{"damage":0,"enemies":"Gremlin Leader","floor":29,"turns":2},{"damage":16,"enemies":"Automaton","floor":33,"turns":6},{"damage":9,"enemies":"3 Shapes","floor":35,"turns":4},{"damage":4,"enemies":"Orb Walker","floor":38,"turns":3},{"damage":20,"enemies":"Giant Head","floor":40,"turns":5},{"damage":10,"enemies":"Sphere and 2 Shapes","floor":41,"turns":4},{"damage":33,"enemies":"Reptomancer","floor":42,"turns":4},{"damage":55,"enemies":"Nemesis","floor":44,"turns":4}],"seed_played":"-4385292671530291390","potions_obtained":[{"floor":8.0,"key":"SpeedPotion"},{"floor":10.0,"key":"Weak Potion"},{"floor":12,"key":"Fire Potion"},{"floor":16,"key":"DuplicationPotion"},{"floor":21,"key":"FairyPotion"},{"floor":23,"key":"FearPotion"},{"floor":29,"key":"AttackPotion"},{"floor":38,"key":"Fire Potion"},{"floor":42,"key":"SkillPotion"}],"is_trial":false,"path_per_floor":["M","?","?","?","M","R","E","M","T","E","R","M","E","$","R","B",null,"M","?","M","M","M","E","R","E","T","E","?","E","R","?","R","B",null,"M","?","$","M","?","E","M","E","T","E"],"character_chosen":"IRONCLAD","items_purchased":["Limit Break","Inflame","Perfected Strike+1","Pear","Kunai","Swift Potion","Apotheosis","DollysMirror"],"campfire_rested":3,"item_purchase_floors":[14,14,14,37,37,37,37,37],"current_hp_per_floor":[80,60,48,37,43,43,49,49,49,34,34,39,33,33,33,14,80,68,68,56,44,34,37,63,44,44,25,25,31,57,41,67,77,87,84,83,93,93,93,79,75,52,52,0,0],"gold":276,"neow_bonus":"THREE_ENEMY_KILL","is_daily":false,"chose_seed":false,"campfire_upgraded":3,"win_rate":0.0,"timestamp":1608548757,"path_taken":["M","?","?","?","M","R","E","M","T","E","R","M","E","$","R","BOSS","M","?","M","M","M","E","R","E","T","E","?","E","R","?","R","BOSS","M","?","$","M","?","E","M","E","T","E"],"items_purchased_type":["Card","Card","Card","Relic","Relic","Potion","Card","Relic"],"build_version":"2020-12-13","purchased_purges":0,"victory":false,"max_hp_per_floor":[80,80,80,80,80,80,80,80,80,80,80,80,80,80,80,80,80,80,80,80,80,80,87,87,87,87,87,87,87,87,87,87,87,87,87,83,93,93,93,93,93,97,97,97,97],"card_choices":[{"not_picked":["Iron Wave","Warcry"],"picked":"Twin Strike","floor":1.0},{"not_picked":["Rage","Disarm","Headbutt"],"picked":"SKIP","floor":5.0},{"not_picked":["Cleave","Rampage"],"picked":"Spot Weakness","floor":7.0},{"not_picked":["Clothesline","Disarm"],"picked":"Sword Boomerang","floor":8.0},{"not_picked":["Infernal Blade","Ghostly Armor"],"picked":"Twin Strike","floor":10.0},{"not_picked":["Battle Trance","Headbutt","True Grit"],"picked":"SKIP","floor":12},{"not_picked":["True Grit","Shockwave"],"picked":"Twin Strike+1","floor":13},{"not_picked":["Barricade","Double Tap"],"picked":"Demon Form","floor":16},{"not_picked":["Shrug It Off","Rupture+1","Clothesline+1"],"picked":"SKIP","floor":18},{"not_picked":["Clash+1","Thunderclap+1"],"picked":"Cleave+1","floor":20},{"not_picked":["Metallicize+1","Clothesline+1"],"picked":"Twin Strike+1","floor":21},{"not_picked":["Shrug It Off","Flame Barrier","Flex"],"picked":"SKIP","floor":22},{"not_picked":["Searing Blow+1","Warcry"],"picked":"Twin Strike+1","floor":23},{"not_picked":["Clothesline+1","Disarm+1","Warcry+1"],"picked":"SKIP","floor":25},{"not_picked":["Armaments","Warcry"],"picked":"Twin Strike+1","floor":27},{"not_picked":["Carnage+1","Whirlwind+1"],"picked":"Demon Form","floor":29},{"not_picked":["Demon Form","Bludgeon+1"],"picked":"Feed+1","floor":33},{"not_picked":["Thunderclap+1","Demon Form"],"picked":"Pommel Strike+1","floor":35},{"not_picked":["Warcry","Armaments+1","Iron Wave+1"],"picked":"SKIP","floor":38},{"not_picked":["Pommel Strike+1","Iron Wave+1","Fire Breathing+1"],"picked":"SKIP","floor":40},{"not_picked":["Juggernaut","Dual Wield+1","Shockwave"],"picked":"SKIP","floor":41},{"not_picked":["Cleave+1","Heavy Blade+1"],"picked":"Reaper+1","floor":42}],"player_experience":2387,"relics_obtained":[{"floor":7.0,"key":"Orichalcum"},{"floor":9.0,"key":"PreservedInsect"},{"floor":10.0,"key":"Ancient Tea Set"},{"floor":13,"key":"Molten Egg 2"},{"floor":23,"key":"Strawberry"},{"floor":23,"key":"MawBank"},{"floor":25,"key":"Whetstone"},{"floor":25,"key":"Pantograph"},{"floor":26,"key":"HornCleat"},{"floor":27,"key":"Matryoshka"},{"floor":27,"key":"Old Coin"},{"floor":29,"key":"Lantern"},{"floor":29,"key":"Red Skull"},{"floor":31,"key":"Nilry\u0027s Codex"},{"floor":34,"key":"Bag of Marbles"},{"floor":34,"key":"Paper Frog"},{"floor":34,"key":"FossilizedHelix"},{"floor":40,"key":"Gremlin Horn"},{"floor":40,"key":"Shuriken"},{"floor":42,"key":"Mummified Hand"},{"floor":42,"key":"Happy Flower"},{"floor":43,"key":"Anchor"},{"floor":43,"key":"Sundial"}],"event_choices":[{"damage_healed":0.0,"max_hp_gain":0.0,"max_hp_loss":0.0,"gold_gain":0.0,"event_name":"Golden Idol","player_choice":"Take Damage","floor":2.0,"gold_loss":0.0,"damage_taken":20.0,"relics_obtained":["Golden Idol"]},{"damage_healed":0.0,"max_hp_gain":0.0,"max_hp_loss":0.0,"gold_gain":0.0,"event_name":"Scrap Ooze","player_choice":"Success","floor":3.0,"gold_loss":0.0,"damage_taken":12.0,"relics_obtained":["Juzu Bracelet"]},{"damage_healed":0.0,"max_hp_gain":0.0,"max_hp_loss":0.0,"gold_gain":75.0,"event_name":"World of Goop","player_choice":"Gather Gold","floor":4.0,"gold_loss":0.0,"damage_taken":11.0},{"damage_healed":0,"gold_gain":0,"player_choice":"Ignored","damage_taken":0,"max_hp_gain":0,"max_hp_loss":0,"event_name":"Beggar","floor":19,"gold_loss":0},{"damage_healed":0,"gold_gain":0,"player_choice":"Ignored","damage_taken":0,"max_hp_gain":0,"max_hp_loss":0,"event_name":"Vampires","floor":28,"gold_loss":0},{"damage_healed":0,"gold_gain":0,"player_choice":"Obtained Book","damage_taken":16,"max_hp_gain":0,"max_hp_loss":0,"event_name":"Cursed Tome","floor":31,"gold_loss":0},{"damage_healed":0,"gold_gain":0,"player_choice":"Max HP","damage_taken":0,"max_hp_gain":0,"max_hp_loss":4,"event_name":"Winding Halls","floor":36,"gold_loss":0},{"damage_healed":0,"gold_gain":0,"player_choice":"Ignored","damage_taken":0,"max_hp_gain":0,"max_hp_loss":0,"event_name":"SecretPortal","floor":39,"gold_loss":0}],"is_beta":false,"boss_relics":[{"not_picked":["Runic Dome","Busted Crown"],"picked":"Black Star"},{"not_picked":["Tiny House","Sozu"],"picked":"Calling Bell"}],"items_purged_floors":[],"is_endless":false,"potions_floor_spawned":[8,10,12,16,21,23,29,38,42],"killed_by":"Nemesis","ascension_level":1}}