{"host":"7pe9xwx78c6nlay8","time":1608565374,"event":{"mods":["BaseMod","Minty Spire (QoL Compilation)"],"gold_per_floor":[117,133,133,308,308,308,328,347,370,370,409,12,48,48,48,177,177,201,216,216,216,216,249,249,249],"floor_reached":24,"playtime":611,"items_purged":["Doubt"],"score":344,"play_id":"2caf624f-0f81-4704-97fc-44634e545b05","local_time":"20201221234254","is_ascension_mode":true,"campfire_choices":[{"data":"Eruption","floor":6.0,"key":"SMITH"},{"floor":15.0,"key":"REST"}],"circlet_count":0,"master_deck":["AscendersBane","Strike_P","Strike_P","Defend_P","Defend_P","Defend_P+1","Defend_P","Eruption+1","Vigilance","PathToVictory+1","CutThroughFate","Prostrate","PathToVictory","Mayhem+1","CutThroughFate","DevaForm+1","CurseOfTheBell","Wireheading+1","Judgement","Wireheading+1"],"relics":["PureWater","NeowsBlessing","Golden Idol","Bag of Marbles","Orichalcum","Juzu Bracelet","Bottled Tornado","Calling Bell","Vajra","Frozen Egg 2","Du-Vu Doll","Blue Candle","Nunchaku"],"acts_visited":["Exordium","TheCity"],"potions_floor_usage":[],"damage_taken":[{"damage":0.0,"enemies":"Cultist","floor":1.0,"turns":1.0},{"damage":0.0,"enemies":"Jaw Worm","floor":2.0,"turns":1.0},{"damage":0.0,"enemies":"2 Louse","floor":7.0,"turns":1.0},{"damage":1.0,"enemies":"2 Fungi Beasts","floor":8.0,"turns":3.0},{"damage":11.0,"enemies":"Lagavulin","floor":11.0,"turns":5.0},{"damage":14.0,"enemies":"Gremlin Nob","floor":13.0,"turns":3.0},{"damage":6.0,"enemies":"Slime Boss","floor":16.0,"turns":7.0},{"damage":16.0,"enemies":"3 Byrds","floor":18.0,"turns":5.0},{"damage":6.0,"enemies":"Shell Parasite","floor":19.0,"turns":5.0},{"damage":41.0,"enemies":"Gremlin Leader","floor":23.0,"turns":7.0},{"damage":3,"enemies":"Chosen and Byrds","floor":24,"turns":1}],"seed_played":"5692118212701345212","potions_obtained":[{"floor":2.0,"key":"ColorlessPotion"},{"floor":8.0,"key":"SkillPotion"},{"floor":16.0,"key":"Swift Potion"},{"floor":18.0,"key":"FearPotion"}],"is_trial":false,"path_per_floor":["M","M","?","?","?","R","M","M","T","?","E","$","E","?","R","B",null,"M","M","?","?","?","E","M"],"character_chosen":"WATCHER","items_purchased":["Mayhem","Juzu Bracelet"],"campfire_rested":1,"item_purchase_floors":[12,12],"current_hp_per_floor":[65,65,70,70,51,51,51,50,50,35,24,24,10,10,33,27,65,49,43,43,43,43,2,0,0],"gold":249,"neow_bonus":"THREE_ENEMY_KILL","is_daily":false,"chose_seed":false,"campfire_upgraded":1,"win_rate":0.0,"timestamp":1608565374,"path_taken":["M","?","?","?","?","R","M","M","T","?","E","$","E","?","R","BOSS","M","M","?","?","?","E","M"],"items_purchased_type":["Card","Relic"],"build_version":"2020-12-13","purchased_purges":1,"victory":false,"max_hp_per_floor":[72,72,77,77,77,77,77,77,77,77,77,77,77,77,77,77,77,77,77,77,77,77,77,77,77],"card_choices":[{"not_picked":["EmptyFist","JustLucky"],"picked":"PathToVictory","floor":1.0},{"not_picked":["BowlingBash","EmptyMind"],"picked":"CutThroughFate","floor":2.0},{"not_picked":["FlyingSleeves","DeceiveReality","Wish"],"picked":"SKIP","floor":7.0},{"not_picked":["LikeWater","FollowUp"],"picked":"Prostrate","floor":8.0},{"not_picked":["Sanctity","FlyingSleeves"],"picked":"PathToVictory","floor":11.0},{"not_picked":["Fasting2","Evaluate"],"picked":"CutThroughFate","floor":13.0},{"not_picked":["Wish","Devotion"],"picked":"DevaForm","floor":16.0},{"not_picked":["WreathOfFlame","Worship","Prostrate"],"picked":"SKIP","floor":18.0},{"not_picked":["CrushJoints","Consecrate","Crescendo"],"picked":"SKIP","floor":19.0},{"not_picked":["FlyingSleeves","SashWhip"],"picked":"Wireheading+1","floor":23.0}],"player_experience":1554002,"relics_obtained":[{"floor":9.0,"key":"Bag of Marbles"},{"floor":11.0,"key":"Orichalcum"},{"floor":13.0,"key":"Bottled Tornado"},{"floor":17.0,"key":"Vajra"},{"floor":17.0,"key":"Frozen Egg 2"},{"floor":17.0,"key":"Du-Vu Doll"},{"floor":23.0,"key":"Nunchaku"}],"event_choices":[{"damage_healed":0.0,"max_hp_gain":5.0,"max_hp_loss":0.0,"gold_gain":0.0,"event_name":"Big Fish","player_choice":"Donut","floor":3.0,"gold_loss":0.0,"damage_taken":0.0},{"damage_healed":0.0,"max_hp_gain":0.0,"max_hp_loss":0.0,"gold_gain":175.0,"event_name":"Liars Game","player_choice":"AGREE","floor":4.0,"gold_loss":0.0,"damage_taken":0.0,"cards_obtained":["Doubt"]},{"damage_healed":0.0,"max_hp_gain":0.0,"max_hp_loss":0.0,"gold_gain":0.0,"event_name":"Golden Idol","player_choice":"Take Damage","floor":5.0,"gold_loss":0.0,"damage_taken":19.0,"relics_obtained":["Golden Idol"]},{"damage_healed":0.0,"max_hp_gain":0.0,"max_hp_loss":0.0,"gold_gain":0.0,"event_name":"Shining Light","player_choice":"Entered Light","floor":10.0,"gold_loss":0.0,"damage_taken":15.0,"cards_upgraded":["PathToVictory","Defend_P"]},{"damage_healed":0.0,"max_hp_gain":0.0,"max_hp_loss":0.0,"gold_gain":0.0,"event_name":"Accursed Blacksmith","player_choice":"Forge","floor":14.0,"gold_loss":0.0,"damage_taken":0.0,"cards_upgraded":["Mayhem"]},{"damage_healed":0.0,"max_hp_gain":0.0,"max_hp_loss":0.0,"gold_gain":0.0,"cards_transformed":["Strike_P","Strike_P"],"event_name":"Drug Dealer","player_choice":"Became Test Subject","floor":20.0,"gold_loss":0.0,"damage_taken":0.0,"cards_obtained":["Wireheading","Judgement"]},{"damage_healed":0.0,"max_hp_gain":0.0,"max_hp_loss":0.0,"gold_gain":0.0,"event_name":"The Mausoleum","player_choice":"Opened","floor":21.0,"gold_loss":0.0,"damage_taken":0.0,"relics_obtained":["Blue Candle"]},{"damage_healed":0.0,"max_hp_gain":0.0,"max_hp_loss":0.0,"gold_gain":0.0,"event_name":"Upgrade Shrine","player_choice":"Upgraded","floor":22.0,"gold_loss":0.0,"damage_taken":0.0,"cards_upgraded":["DevaForm"]}],"is_beta":false,"boss_relics":[{"not_picked":["Velvet Choker","Tiny House"],"picked":"Calling Bell"}],"items_purged_floors":[12],"is_endless":false,"potions_floor_spawned":[2,8,16,18],"killed_by":"Chosen and Byrds","ascension_level":11}}