{"host":"hf26dlu7397s98tc","time":1608559549,"event":{"mods":["Act Like it!","Astrologer","BaseMod","CapriCore","Duelist Mod","Elementarium","GifTheSpireLib","Hermit","Luminous","Minty Spire (QoL Compilation)","Pale of the Ancients","Pikachu Mod","Quick Restart","StSLib","The Gatherer","The Immortal","Thieving Mod","UnlockEverythingMod","【东方二次创作】八云紫mod"],"gold_per_floor":[110,110,120,120,139,166,182,182,230,230,264,214,214,214,214,314,364,353,417,467,546,129,129,139,139,163,181,181,181],"floor_reached":28,"playtime":1292,"items_purged":["Regret","hermit:Strike_Hermit","hermit:Strike_Hermit"],"score":226,"play_id":"54847993-f706-4e04-a326-464669f28f89","local_time":"20201221220549","is_ascension_mode":false,"campfire_choices":[{"floor":8.0,"key":"REST"},{"floor":10.0,"key":"REST"},{"floor":13.0,"key":"REST"},{"data":"hermit:Dive","floor":15.0,"key":"SMITH"},{"floor":23,"key":"REST"}],"circlet_count":0,"master_deck":["hermit:Strike_Hermit","hermit:Strike_Hermit","hermit:Defend_Hermit","hermit:Defend_Hermit","hermit:Defend_Hermit","hermit:Defend_Hermit+1","hermit:Snapshot+1","hermit:Covet","hermit:TrackingShot+1","hermit:Dive+1","hermit:TakeAim","hermit:Deadeye","hermit:BigShot","hermit:Enervate","hermit:Deadeye+1","hermit:Combo","hermit:LoneWolf"],"relics":["hermit:Momento","NeowsBlessing","Matryoshka","Ancient Tea Set","Smiling Mask","Anchor","hermit:Spyglass","SsserpentHead","Tiny House","Red Mask","PreservedInsect","TheAbacus","Meat on the Bone","Lantern"],"acts_visited":["Exordium","TheCity"],"potions_floor_usage":[19,21,24,24],"damage_taken":[{"damage":0.0,"enemies":"Jaw Worm","floor":1.0,"turns":1.0},{"damage":0.0,"enemies":"Small Slimes","floor":3.0,"turns":1.0},{"damage":0.0,"enemies":"Cultist","floor":5.0,"turns":1.0},{"damage":44.0,"enemies":"Gremlin Nob","floor":6.0,"turns":6.0},{"damage":10.0,"enemies":"Exordium Thugs","floor":7.0,"turns":5.0},{"damage":33.0,"enemies":"Lagavulin","floor":11.0,"turns":6.0},{"damage":25.0,"enemies":"Slime Boss","floor":16.0,"turns":11.0},{"damage":7,"enemies":"2 Thieves","floor":18,"turns":4},{"damage":27,"enemies":"Chosen","floor":19,"turns":5},{"damage":35,"enemies":"Masked Bandits","floor":21,"turns":5},{"damage":16,"enemies":"Snecko","floor":24,"turns":5},{"damage":17,"enemies":"3 Cultists","floor":27,"turns":6},{"damage":30,"enemies":"Snake Plant","floor":28,"turns":4}],"seed_played":"-4387468369727400692","potions_obtained":[{"floor":1.0,"key":"SkillPotion"},{"floor":7.0,"key":"ThievingMod:ThievingPotion"},{"floor":17.0,"key":"Regen Potion"},{"floor":18,"key":"Weak Potion"},{"floor":21,"key":"SkillPotion"}],"is_trial":false,"path_per_floor":["M","?","M","?","M","E","M","R","T","R","E","$","R","?","R","B",null,"M","M","?","?","$","R","M","$","T","M","M"],"character_chosen":"HERMIT","items_purchased":["hermit:Combo","PreservedInsect","TheAbacus"],"campfire_rested":4,"item_purchase_floors":[22,22,22],"current_hp_per_floor":[75,60,60,60,60,16,6,28,28,50,17,17,39,39,39,14,80,73,46,46,23,23,47,31,31,31,26,0,0],"gold":181,"neow_bonus":"THREE_ENEMY_KILL","is_daily":false,"chose_seed":false,"campfire_upgraded":1,"win_rate":0.0,"timestamp":1608559549,"path_taken":["M","?","M","?","M","E","M","R","T","R","E","$","R","?","R","BOSS","M","?","?","?","$","R","M","?","T","M","M"],"items_purchased_type":["Card","Relic","Relic"],"build_version":"2020-12-13","purchased_purges":3,"victory":false,"max_hp_per_floor":[75,75,75,75,75,75,75,75,75,75,75,75,75,75,75,75,80,80,80,80,80,80,80,80,80,80,80,80,80],"card_choices":[{"not_picked":["hermit:Manifest","hermit:BodyArmor"],"picked":"hermit:TrackingShot","floor":1.0},{"not_picked":["hermit:CursedWeapon","hermit:PistolWhip"],"picked":"hermit:Dive","floor":3.0},{"not_picked":["hermit:Brawl","hermit:Glare"],"picked":"hermit:TakeAim","floor":5.0},{"not_picked":["hermit:ItchyTrigger","hermit:TakeCover"],"picked":"hermit:Deadeye","floor":6.0},{"not_picked":["hermit:Quickdraw","hermit:Misfire"],"picked":"hermit:BigShot","floor":7.0},{"not_picked":["hermit:Manifest","hermit:CursedWeapon"],"picked":"hermit:Enervate","floor":11.0},{"not_picked":["hermit:BodyArmor","hermit:TrackingShot+1"],"picked":"hermit:Deadeye+1","floor":18},{"not_picked":["hermit:Desperado","hermit:Coalescence","hermit:Spite"],"picked":"SKIP","floor":19},{"not_picked":["hermit:HighCaliber","hermit:TrackingShot","hermit:Purgatory"],"picked":"SKIP","floor":24},{"not_picked":["hermit:HoleUp+1","hermit:Dive"],"picked":"hermit:LoneWolf","floor":27}],"player_experience":187361,"relics_obtained":[{"floor":6.0,"key":"Ancient Tea Set"},{"floor":9.0,"key":"Smiling Mask"},{"floor":9.0,"key":"Anchor"},{"floor":11.0,"key":"hermit:Spyglass"},{"floor":21,"key":"Red Mask"},{"floor":26,"key":"Meat on the Bone"},{"floor":26,"key":"Lantern"}],"event_choices":[{"damage_healed":0.0,"max_hp_gain":0.0,"max_hp_loss":0.0,"gold_gain":0.0,"event_name":"Shining Light","player_choice":"Entered Light","floor":2.0,"gold_loss":0.0,"damage_taken":15.0,"cards_upgraded":["hermit:Snapshot","hermit:TrackingShot"]},{"damage_healed":0.0,"max_hp_gain":0.0,"max_hp_loss":0.0,"gold_gain":0.0,"event_name":"Big Fish","player_choice":"Box","floor":4.0,"gold_loss":0.0,"damage_taken":0.0,"relics_obtained":["Matryoshka"],"cards_obtained":["Regret"]},{"damage_healed":0.0,"max_hp_gain":0.0,"max_hp_loss":0.0,"gold_gain":0.0,"event_name":"FaceTrader","player_choice":"Trade","floor":14.0,"gold_loss":0.0,"damage_taken":0.0,"relics_obtained":["SsserpentHead"]},{"damage_healed":0,"gold_gain":0,"player_choice":"Ignored","damage_taken":0,"max_hp_gain":0,"max_hp_loss":0,"event_name":"Ghosts","floor":20,"gold_loss":0},{"damage_healed":0,"gold_gain":0,"player_choice":"Fought Bandits","damage_taken":0,"max_hp_gain":0,"max_hp_loss":0,"event_name":"Masked Bandits","floor":21,"gold_loss":0}],"is_beta":false,"boss_relics":[{"not_picked":["Velvet Choker","Philosopher\u0027s Stone"],"picked":"Tiny House"}],"items_purged_floors":[12,22,25],"is_endless":false,"potions_floor_spawned":[1,7,18,21],"killed_by":"Snake Plant","ascension_level":0}}