{"host":"xodzlm10r37577ou","time":1608530907,"event":{"mods":["Act Like it!","BaseMod","Gensokyo","Koishi","Marisa（F雨　魔理沙）","Minty Spire (QoL Compilation)","Reimu（博丽灵梦）","Replay The Spire","StSLib","【东方二次创作】八云紫mod"],"gold_per_floor":[116,116,43,43,4,81,6,37,37,37,99,65,65,124,124,253,253,317,12,12,67,67,128,207,207,207,220,285,113,113,125,125,224,224,234,295,390,405,405,462,462,462,485,284,296,65,78,78,378,378],"floor_reached":51,"playtime":3414,"items_purged":["Koishi:BasicStrike","Koishi:BasicStrike","Koishi:BasicDefend+1","Koishi:BasicDefend+1"],"score":778,"play_id":"880459cb-99e1-4b9e-b853-064c6d68864f","local_time":"20201221140827","is_ascension_mode":true,"campfire_choices":[{"data":"Koishi:HeartAttack","floor":10.0,"key":"SMITH"},{"data":"Koishi:SprinkleStarAndHeart","floor":13.0,"key":"SMITH"},{"data":"Koishi:HauntingSlash","floor":15.0,"key":"SMITH"},{"data":"Koishi:FadingMemory","floor":30.0,"key":"SMITH"},{"data":"Koishi:SubconsciousSweep","floor":32.0,"key":"SMITH"},{"floor":42,"key":"REST"}],"circlet_count":0,"master_deck":["Koishi:BasicDefend+1","Koishi:BasicDefend+1","Koishi:Provoke+1","Koishi:SprinkleStarAndHeart+1","Koishi:HeartAttack+1","Koishi:SubterraneanRose+1","Koishi:UnconsciousUprising+1","Koishi:SubconsciousSweep+1","Koishi:SubconsciousSweep+1","Koishi:FadingMemory+1","Koishi:SubterraneanRose+1","Koishi:JumpScare+1","Koishi:GeneticsOfTheUnconscious+1","Koishi:PredatoryInstincts+1","Koishi:FleetingPhantom+1","Koishi:UnansweredLove+1","Koishi:SubterraneanRose+1","Koishi:ReflexRadar+1","Koishi:UnconsciousUprising+1","Koishi:SubterraneanRose+1","Koishi:FadingMemory+1","Koishi:IdleWhim+1","Koishi:MassHysteria+1","Koishi:ReleaseOfTheId+1","Koishi:ReflexRadar+1","Koishi:RorschachInDanmaku+1","Koishi:SubterraneanRose+1","Koishi:MassHysteria+1"],"relics":["Koishi:ImaginaryFriend","NeowsBlessing","Gensokyo:OccultBall","ReplayTheSpireMod:Ring of Challenge","Ring of Searing","Bronze Scales","Sundial","ReplayFunnel","SacredBark","Toxic Egg 2","Pen Nib","HornCleat","Gensokyo:MosesMiracle","Replay:Accelerometer","Runic Pyramid","Prayer Wheel","Dream Catcher","Happy Flower","Koishi:ImperfectMetamorphosis"],"acts_visited":["Gensokyo:Gensokyo","Gensokyo:Gensokyoer","TheBeyond"],"potions_floor_usage":[39],"damage_taken":[{"damage":0.0,"enemies":"Gensokyo:Gryphon","floor":1.0,"turns":1.0},{"damage":9.0,"enemies":"Gensokyo:Cirno","floor":6.0,"turns":2.0},{"damage":0.0,"enemies":"Gensokyo:Aya","floor":8.0,"turns":1.0},{"damage":12.0,"enemies":"Gensokyo:3_Fairies","floor":11.0,"turns":4.0},{"damage":0.0,"enemies":"Gensokyo:Python","floor":14.0,"turns":3.0},{"damage":2.0,"enemies":"Gensokyo:Yukari","floor":16.0,"turns":8.0},{"damage":14.0,"enemies":"Gensokyo:2_Gloops","floor":18.0,"turns":6.0},{"damage":0.0,"enemies":"Gensokyo:CosmicMonolith","floor":21.0,"turns":3.0},{"damage":13.0,"enemies":"Gensokyo:Wraith","floor":23.0,"turns":4.0},{"damage":42.0,"enemies":"Gensokyo:Tenshi","floor":24.0,"turns":2.0},{"damage":11.0,"enemies":"Gensokyo:Mirror_and_Dog","floor":27.0,"turns":4.0},{"damage":13.0,"enemies":"Gensokyo:Swordslinger","floor":28.0,"turns":4.0},{"damage":1.0,"enemies":"Gensokyo:Wraith","floor":31.0,"turns":4.0},{"damage":22.0,"enemies":"Gensokyo:Kaguya","floor":33.0,"turns":7.0},{"damage":12.0,"enemies":"Orb Walker","floor":35.0,"turns":3.0},{"damage":10.0,"enemies":"3 Darklings","floor":36.0,"turns":4.0},{"damage":1.0,"enemies":"Mind Bloom Boss Battle","floor":37.0,"turns":5.0},{"damage":3,"enemies":"Writhing Mass","floor":38,"turns":3},{"damage":17,"enemies":"Writhing Mass","floor":39,"turns":17},{"damage":23,"enemies":"Writhing Mass","floor":40,"turns":4},{"damage":10,"enemies":"3 Darklings","floor":45,"turns":3},{"damage":10,"enemies":"Transient","floor":47,"turns":4},{"damage":17,"enemies":"Replay:Hell Engine","floor":50,"turns":4}],"seed_played":"-8236124208958527892","potions_obtained":[{"floor":6.0,"key":"Fire Potion"},{"floor":11.0,"key":"GrandPatriotsElixir:ReiMu"},{"floor":16.0,"key":"ZuzhouPotion:ReiMu"},{"floor":18.0,"key":"Regen Potion"},{"floor":27.0,"key":"Energy Potion"},{"floor":28.0,"key":"Adrenaline Potion"},{"floor":31.0,"key":"Energy Potion"},{"floor":35.0,"key":"SpeedPotion"},{"floor":36.0,"key":"SkillPotion"},{"floor":38,"key":"Death Potion"}],"is_trial":false,"path_per_floor":["M","?","$","?","$","E","$","E","T","R","M","$","R","M","R","B",null,"M","$","?","M","?","M","E","?","T","M","M","$","R","M","R","B",null,"M","M","?","M","?","R","?","R","T","$","M","$","M","T","R","B",null],"character_chosen":"KOISHI","items_purchased":["Koishi:SprinkleStarAndHeart","Koishi:DreadfulBlow+1","Koishi:SubconsciousSweep","Toxic Egg 2","Koishi:JumpScare+1","Koishi:ReflexRadar+1","Koishi:UnconsciousUprising+1","Koishi:ReleaseOfTheId+1","Koishi:RorschachInDanmaku+1"],"campfire_rested":1,"item_purchase_floors":[3,5,12,19,19,29,29,44,46],"current_hp_per_floor":[60,60,60,60,60,51,51,51,51,51,40,40,40,40,40,42,56,45,45,45,49,49,43,13,13,13,41,38,38,38,42,42,34,54,55,45,44,52,60,46,46,60,60,60,54,54,54,54,54,41],"gold":378,"neow_bonus":"THREE_ENEMY_KILL","is_daily":false,"chose_seed":false,"campfire_upgraded":5,"win_rate":0.0,"timestamp":1608530907,"path_taken":["M","?","$","?","$","E","?","E","T","R","?","?","R","?","R","BOSS","M","$","?","?","?","M","E","?","T","M","M","?","R","M","R","BOSS","M","M","?","M","?","R","?","R","T","$","M","$","M","?","R","BOSS"],"items_purchased_type":["Card","Card","Card","Relic","Card","Card","Card","Card","Card"],"build_version":"2020-12-13","purchased_purges":4,"victory":true,"max_hp_per_floor":[60,60,60,60,60,60,60,60,60,60,60,60,60,60,60,60,60,60,60,60,60,60,60,60,60,60,60,60,60,60,60,60,60,60,60,60,60,60,60,60,60,60,60,60,60,60,60,60,60,60],"card_choices":[{"not_picked":["Koishi:UnansweredLove","Koishi:UnconsciousUprising"],"picked":"Koishi:GeneticsOfTheUnconscious","floor":1.0},{"not_picked":["Koishi:FleetingPhantom","Koishi:ImGoingToCallYouNow"],"picked":"Koishi:HeartAttack","floor":6.0},{"not_picked":["Koishi:SpiritedAway","Koishi:ParalyzingFear"],"picked":"Koishi:SubterraneanRose","floor":8.0},{"not_picked":["Koishi:UnansweredLove","Koishi:TremblingHands"],"picked":"Koishi:UnconsciousUprising","floor":11.0},{"not_picked":["Koishi:Heartbroken","Koishi:YoukaiPolygraph"],"picked":"Koishi:Jaunt","floor":14.0},{"not_picked":["Koishi:SuperEgo","Koishi:Heartbroken"],"picked":"Koishi:FadingMemory","floor":16.0},{"not_picked":["Koishi:JumpScare+1","Koishi:UnansweredLove+1"],"picked":"Koishi:SubterraneanRose","floor":18.0},{"not_picked":["Koishi:Possession+1","Koishi:JumpScare+1"],"picked":"Koishi:PredatoryInstincts+1","floor":21.0},{"not_picked":["Koishi:PredatoryInstincts+1","Koishi:ParalyzingFear+1"],"picked":"Koishi:FleetingPhantom+1","floor":23.0},{"not_picked":["Koishi:UnseenTerror+1","Koishi:Catatonia"],"picked":"Koishi:UnansweredLove+1","floor":24.0},{"not_picked":["Koishi:UnseenTerror","Koishi:SprinkleStarAndHeart+1","Koishi:Prune"],"picked":"SKIP","floor":27.0},{"not_picked":["Koishi:JumpScare+1","Koishi:FleetingPhantom+1"],"picked":"Koishi:SubterraneanRose+1","floor":28.0},{"not_picked":["Koishi:GeneticsOfTheUnconscious+1","Koishi:SpiritedAway"],"picked":"Koishi:SubterraneanRose+1","floor":31.0},{"not_picked":["Koishi:SuperEgo","Koishi:PerfectMindControl+1"],"picked":"Koishi:FadingMemory+1","floor":33.0},{"not_picked":["Koishi:Possession+1","Koishi:Prune+1","Koishi:UnconsciousUprising+1"],"picked":"SKIP","floor":35.0},{"not_picked":["Koishi:CatchAndRose+1","Koishi:LastRemote","Koishi:PhantomBarrier+1"],"picked":"SKIP","floor":36.0},{"not_picked":["Koishi:UnseenTerror","Koishi:BloodcurdlingScream","Koishi:LastRemote"],"picked":"SKIP","floor":38},{"not_picked":["Koishi:SpiritedAway+1","Koishi:UnseenTerror","Koishi:UnansweredLove+1"],"picked":"SKIP","floor":38},{"not_picked":["Koishi:UnconsciousUprising+1","Koishi:SubconsciousSweep+1"],"picked":"Koishi:IdleWhim+1","floor":39},{"not_picked":["Koishi:PhantomStrike+1","Koishi:ApparitionsStalkTheNight+1"],"picked":"Koishi:MassHysteria+1","floor":40},{"not_picked":["Koishi:FidgetySnatcher","Koishi:Prune","Koishi:Ego"],"picked":"SKIP","floor":40},{"not_picked":["Koishi:PhantomStrike+1","Koishi:StingingMind+1"],"picked":"Koishi:ReflexRadar+1","floor":45},{"not_picked":["Koishi:SubconsciousSweep","Koishi:UnconsciousUprising+1","Koishi:FleetingPhantom+1"],"picked":"SKIP","floor":45},{"not_picked":["Koishi:Jaunt+1","Koishi:EmbryosDream+1","Koishi:PhantomStrike+1"],"picked":"SKIP","floor":47},{"not_picked":["Koishi:FreudianInstinct+1","Koishi:DanmakuParanoia+1","Koishi:SilentAndRestless"],"picked":"SKIP","floor":47}],"player_experience":575675,"relics_obtained":[{"floor":4.0,"key":"ReplayTheSpireMod:Ring of Challenge"},{"floor":4.0,"key":"Ring of Searing"},{"floor":6.0,"key":"Replay:Bottled Eggs"},{"floor":8.0,"key":"Bronze Scales"},{"floor":9.0,"key":"Sundial"},{"floor":11.0,"key":"Gensokyo:OccultBall"},{"floor":16.0,"key":"Gensokyo:OccultBall"},{"floor":16.0,"key":"ReplayFunnel"},{"floor":23.0,"key":"Pen Nib"},{"floor":24.0,"key":"HornCleat"},{"floor":26.0,"key":"Replay:Accelerometer"},{"floor":28.0,"key":"Gensokyo:OccultBall"},{"floor":31.0,"key":"Gensokyo:OccultBall"},{"floor":31.0,"key":"Gensokyo:MosesMiracle"},{"floor":33.0,"key":"Gensokyo:OccultBall"},{"floor":35.0,"key":"Gensokyo:OccultBall"},{"floor":37.0,"key":"Prayer Wheel"},{"floor":40,"key":"Gensokyo:OccultBall"},{"floor":40,"key":"Dream Catcher"},{"floor":43,"key":"Happy Flower"},{"floor":48,"key":"Koishi:ImperfectMetamorphosis"}],"event_choices":[{"damage_healed":0.0,"max_hp_gain":0.0,"max_hp_loss":0.0,"gold_gain":0.0,"event_name":"MindBloom","player_choice":"Fight","floor":37.0,"gold_loss":0.0,"damage_taken":0.0},{"cards_removed":["Koishi:DreadfulBlow"],"damage_healed":0,"gold_gain":0,"player_choice":"Removed Attack","damage_taken":0,"max_hp_gain":0,"max_hp_loss":0,"event_name":"Falling","floor":41,"gold_loss":0},{"damage_healed":0,"gold_gain":300,"player_choice":"Gold","damage_taken":0,"max_hp_gain":0,"max_hp_loss":0,"event_name":"Wheel of Change","floor":49,"gold_loss":0}],"is_beta":false,"boss_relics":[{"not_picked":["Sozu","ReplayTheSpireMod:DimensionalGlitch"],"picked":"SacredBark"},{"not_picked":["Velvet Choker","Black Star"],"picked":"Runic Pyramid"}],"items_purged_floors":[7,29,44,46],"is_endless":false,"potions_floor_spawned":[6,11,16,18,27,28,31,35,36,38],"ascension_level":5}}