{"host":"iyvjjqtjrywxqc57","time":1608547662,"event":{"mods":["AchievementEnabler","BaseMod","Bestiary","Colored Map","Colored Powertips","Downfall","Minty Spire (QoL Compilation)","Quick Restart","Rare Cards Sparkle","StSLib"],"gold_per_floor":[99,124,224,224,224,250,250,250,200,232,244,255,255,101,101,101,101,101],"floor_reached":16,"playtime":2194,"items_purged":[],"score":114,"play_id":"6f4770b9-2fca-4fe4-9a33-dd873d649449","local_time":"20201221044742","is_ascension_mode":false,"campfire_choices":[{"data":"Slimebound:Split","floor":1,"key":"SMITH"},{"data":"Slimebound:GrowthPunch","floor":4,"key":"SMITH"},{"floor":9,"key":"REST"}],"circlet_count":0,"master_deck":["Slimebound:Strike_Slimebound","Slimebound:Strike_Slimebound","Slimebound:Strike_Slimebound","Slimebound:Tackle","Slimebound:Defend_Slimebound","Slimebound:Defend_Slimebound+1","Slimebound:Defend_Slimebound+1","Slimebound:Defend_Slimebound","Slimebound:Split+1","Slimebound:CorrosiveSpit","Slimebound:GrowthPunch+1","Slimebound:SplitLeeching","Slimebound:OneTwoCombo","Slimebound:LeechEnergy","Slimebound:GoopSpray","Slimebound:ViciousTackle","Slimebound:OozeBath","Slimebound:SlimeBarrage"],"relics":["Slimebound:AbsorbEndCombat","Matryoshka","Slimebound:GreedOozeRelic","Peace Pipe","PreservedInsect","War Paint","Gremlin Horn","Pocketwatch"],"acts_visited":["Exordium"],"potions_floor_usage":[],"damage_taken":[{"damage":50,"enemies":"Lagavulin","floor":2,"turns":7},{"damage":32,"enemies":"3 Sentries","floor":6,"turns":6},{"damage":29,"enemies":"Lagavulin","floor":10,"turns":5},{"damage":12,"enemies":"Small Slimes","floor":11,"turns":2},{"damage":0,"enemies":"2 Louse","floor":12,"turns":2},{"damage":12,"enemies":"downfall:FleeingMerchant","floor":14,"turns":4},{"damage":0,"enemies":"Cultist","floor":15,"turns":1},{"damage":33,"enemies":"downfall:Watcher","floor":16,"turns":4}],"seed_played":"3355754357871565535","potions_obtained":[{"floor":2,"key":"SteroidPotion"}],"is_trial":false,"path_per_floor":["R","E","?","R","?","E","T","?","R","E","M","M","?","$","M","B"],"character_chosen":"SLIMEBOUND","items_purchased":["Slimebound:OozeBath"],"campfire_rested":1,"item_purchase_floors":[14],"current_hp_per_floor":[66,30,30,30,30,14,14,14,33,20,20,22,19,21,21,0,0,0],"gold":101,"neow_bonus":"TEN_PERCENT_HP_BONUS","is_daily":false,"chose_seed":false,"campfire_upgraded":2,"win_rate":0.0,"timestamp":1608547662,"path_taken":["R","E","?","R","?","E","T","?","R","E","M","M","?","?","M","BOSS"],"items_purchased_type":["Card"],"build_version":"2020-12-13","purchased_purges":0,"victory":false,"max_hp_per_floor":[66,66,66,66,66,66,66,66,66,66,66,66,66,66,66,66,66,66],"card_choices":[{"not_picked":["Slimebound:SpikyOuterGoop","Slimebound:Prepare"],"picked":"Slimebound:GrowthPunch","floor":2},{"not_picked":["Slimebound:SamplingLick","Slimebound:Schlurp"],"picked":"Slimebound:SplitLeeching","floor":6},{"not_picked":["Slimebound:SplitLeeching","Slimebound:ViciousTackle"],"picked":"Slimebound:OneTwoCombo","floor":10},{"not_picked":["Slimebound:ComboTackle","Slimebound:SplitAcid"],"picked":"Slimebound:LeechEnergy","floor":11},{"not_picked":["Slimebound:Prepare","Slimebound:Chomp"],"picked":"Slimebound:GoopSpray","floor":12},{"not_picked":["Slimebound:ItLooksTasty","Slimebound:Chomp"],"picked":"Slimebound:ViciousTackle","floor":14},{"not_picked":["Slimebound:GrowthPunch","Slimebound:Schlurp"],"picked":"Slimebound:SlimeBarrage","floor":15}],"player_experience":19399,"relics_obtained":[{"floor":2,"key":"Matryoshka"},{"floor":6,"key":"Peace Pipe"},{"floor":7,"key":"PreservedInsect"},{"floor":7,"key":"War Paint"},{"floor":10,"key":"Gremlin Horn"}],"event_choices":[{"damage_healed":0,"gold_gain":0,"player_choice":"Success","damage_taken":3,"relics_obtained":["Pocketwatch"],"max_hp_gain":0,"max_hp_loss":0,"event_name":"Scrap Ooze","floor":13,"gold_loss":0}],"is_beta":false,"boss_relics":[],"items_purged_floors":[],"is_endless":false,"potions_floor_spawned":[2],"killed_by":"downfall:Watcher","ascension_level":0}}