{"host":"d9m9v0h6vo0edadb","time":1608553516,"event":{"mods":["BaseMod","Hermit","Keyboard Shortcuts","Minty Spire (QoL Compilation)","StSLib","SuperFastMode","The Cursed"],"gold_per_floor":[109,109,109,119,44,44,73,90,137,137,137,165,165,90,90,168,168,182,82,95,95,111,111,130,162,162,162,162],"floor_reached":27,"playtime":434,"items_purged":["Strike_B","Strike_B"],"score":515,"play_id":"2233c422-2393-40ff-bdd1-31b53397127f","local_time":"20201221212516","is_ascension_mode":true,"campfire_choices":[{"data":"Coolheaded","floor":6.0,"key":"SMITH"},{"data":"Dualcast","floor":10.0,"key":"SMITH"},{"data":"Defragment","floor":13.0,"key":"SMITH"},{"floor":15.0,"key":"REST"},{"data":"Defragment","floor":23.0,"key":"SMITH"}],"circlet_count":0,"master_deck":["AscendersBane","Strike_B","Strike_B","Defend_B","Defend_B","Defend_B","Defend_B","Zap","Dualcast+1","Cold Snap","Coolheaded+1","Defragment+1","Electrodynamics","Coolheaded","Core Surge","Go for the Eyes","Defragment+1","Self Repair","Lockon+1","Doubt"],"relics":["Cracked Core","NeowsBlessing","Potion Belt","Ancient Tea Set","Dream Catcher","Sundial","Cursed Key","Ornamental Fan","Question Card"],"acts_visited":["Exordium","TheCity"],"potions_floor_usage":[27],"damage_taken":[{"damage":0.0,"enemies":"Jaw Worm","floor":1.0,"turns":1.0},{"damage":0.0,"enemies":"2 Louse","floor":4.0,"turns":1.0},{"damage":0.0,"enemies":"Lagavulin","floor":7.0,"turns":1.0},{"damage":0.0,"enemies":"Small Slimes","floor":8.0,"turns":3.0},{"damage":34.0,"enemies":"3 Sentries","floor":12.0,"turns":12.0},{"damage":17.0,"enemies":"The Guardian","floor":16.0,"turns":14.0},{"damage":12.0,"enemies":"Shell Parasite","floor":18.0,"turns":9.0},{"damage":12.0,"enemies":"Chosen","floor":20.0,"turns":4.0},{"damage":3.0,"enemies":"3 Cultists","floor":22.0,"turns":3.0},{"damage":0.0,"enemies":"Snecko","floor":24.0,"turns":4.0},{"damage":39.0,"enemies":"Slavers","floor":25.0,"turns":3.0},{"damage":8,"enemies":"Snake Plant","floor":27,"turns":2}],"seed_played":"-6355253293180488764","potions_obtained":[{"floor":1.0,"key":"Block Potion"},{"floor":4.0,"key":"Block Potion"},{"floor":18.0,"key":"Swift Potion"},{"floor":20.0,"key":"Explosive Potion"},{"floor":24.0,"key":"SpeedPotion"}],"is_trial":false,"path_per_floor":["M","?","?","M","$","R","E","M","T","R","?","E","R","$","R","B",null,"M","$","M","?","M","R","M","E","T","M"],"character_chosen":"DEFECT","items_purchased":["Electrodynamics"],"campfire_rested":1,"item_purchase_floors":[14],"current_hp_per_floor":[64,64,46,46,46,46,46,46,46,46,51,17,17,17,39,22,63,51,51,39,39,36,36,43,4,4,0,0],"gold":162,"neow_bonus":"THREE_ENEMY_KILL","is_daily":false,"chose_seed":false,"campfire_upgraded":4,"win_rate":0.0,"timestamp":1608553516,"path_taken":["M","?","?","M","$","R","E","M","T","R","?","E","R","$","R","BOSS","M","$","M","?","M","R","M","E","T","M"],"items_purchased_type":["Card"],"build_version":"2020-12-13","purchased_purges":2,"victory":false,"max_hp_per_floor":[71,71,71,71,71,71,71,71,71,71,76,76,76,76,76,76,76,76,76,76,76,76,76,76,76,76,76,76],"card_choices":[{"not_picked":["Go for the Eyes","Ball Lightning"],"picked":"Cold Snap","floor":1.0},{"not_picked":["Tempest","Doom and Gloom"],"picked":"Coolheaded","floor":4.0},{"not_picked":["White Noise","Reinforced Body","Steam"],"picked":"SKIP","floor":7.0},{"not_picked":["Storm","Darkness","Sunder"],"picked":"SKIP","floor":8.0},{"not_picked":["Lockon","Hello World"],"picked":"Defragment","floor":12.0},{"not_picked":["Steam","Aggregate"],"picked":"Coolheaded","floor":15.0},{"not_picked":["Reboot","Seek"],"picked":"Core Surge","floor":16.0},{"not_picked":["Sweeping Beam","Stack"],"picked":"Go for the Eyes","floor":18.0},{"not_picked":["Steam","Sweeping Beam"],"picked":"Defragment","floor":20.0},{"not_picked":["Turbo","Barrage"],"picked":"Lockon+1","floor":22.0},{"not_picked":["Lockon","Compile Driver","Streamline"],"picked":"SKIP","floor":24.0},{"not_picked":["Sweeping Beam","Echo Form","Gash"],"picked":"SKIP","floor":25}],"player_experience":940236,"relics_obtained":[{"floor":7.0,"key":"Ancient Tea Set"},{"floor":9.0,"key":"Dream Catcher"},{"floor":12.0,"key":"Sundial"},{"floor":25,"key":"Ornamental Fan"},{"floor":26,"key":"Question Card"}],"event_choices":[{"damage_healed":0.0,"max_hp_gain":0.0,"max_hp_loss":0.0,"gold_gain":0.0,"event_name":"Liars Game","player_choice":"Ignored","floor":2.0,"gold_loss":0.0,"damage_taken":0.0},{"damage_healed":0.0,"max_hp_gain":0.0,"max_hp_loss":0.0,"gold_gain":0.0,"event_name":"Scrap Ooze","player_choice":"Success","floor":3.0,"gold_loss":0.0,"damage_taken":18.0,"relics_obtained":["Potion Belt"]},{"damage_healed":0.0,"max_hp_gain":5.0,"max_hp_loss":0.0,"gold_gain":0.0,"event_name":"Big Fish","player_choice":"Donut","floor":11.0,"gold_loss":0.0,"damage_taken":0.0},{"damage_healed":0.0,"max_hp_gain":0.0,"max_hp_loss":0.0,"gold_gain":0.0,"event_name":"The Library","player_choice":"Read","floor":21.0,"gold_loss":0.0,"damage_taken":0.0,"cards_obtained":["Self Repair"]}],"is_beta":false,"boss_relics":[{"not_picked":["Sozu","Fusion Hammer"],"picked":"Cursed Key"}],"items_purged_floors":[5,19],"is_endless":false,"potions_floor_spawned":[1,4,18,20,24],"killed_by":"Snake Plant","ascension_level":19}}