{"host":"fmtvje4mks8zli8e","time":1608509396,"event":{"mods":["AchievementEnabler","AlwaysNeverKeys","BaseMod","BetterRewards","Minty Spire (QoL Compilation)","READ ME - Guardian Mod","Remove Card Discount Mod","StSLib","The Cursed","The Druid","The Servant 0.9.4","The Wild Card"],"gold_per_floor":[115,115,115,14,14,14,43,58,107,138,150,181,181,246,246,354,354,377,395,417,444,456,456,498,516,591,630,639,666,686,695,695,808,867,895,921,971,989,1010,1045,1045,1045,1116,498,782,782,826,849,849,849,849,849,21,48,48],"floor_reached":56,"playtime":2914,"items_purged":["Writhe","Regret"],"score":2550,"play_id":"f141c93a-8284-41bf-8f91-54f5671c2b8c","local_time":"20201220180956","is_ascension_mode":true,"campfire_choices":[{"data":"theWildCard:Loki","floor":6.0,"key":"SMITH"},{"data":"A Thousand Cuts","floor":13.0,"key":"SMITH"},{"data":"Blade Dance","floor":15.0,"key":"SMITH"},{"data":"Envenom","floor":23.0,"key":"SMITH"},{"data":"Setup","floor":32.0,"key":"SMITH"},{"data":"After Image","floor":42,"key":"SMITH"},{"data":"Caltrops","floor":49,"key":"SMITH"},{"data":"Concentrate","floor":52,"key":"SMITH"}],"circlet_count":0,"master_deck":["Strike_G","Strike_G","Strike_G","Defend_G+1","Defend_G","Defend_G","Defend_G+1","Defend_G+1","Survivor","Neutralize","Infinite Blades","Infinite Blades","Deflect","Deflect+1","Deflect","Infinite Blades","A Thousand Cuts+1","Infinite Blades","Infinite Blades","Backflip","Leg Sweep","theWildCard:Loki+1","Cloak And Dagger","Blade Dance+1","Caltrops+1","Slice","Masterful Stab","Well Laid Plans","Envenom+1","Cloak And Dagger","Crippling Poison","Neutralize","Calculated Gamble","Prepared","Slice+1","Setup+1","Bandage Up","After Image+1","Deflect+1","Noxious Fumes+1","Escape Plan+1","Blade Dance+1","Concentrate+1"],"relics":["Ring of the Snake","Lantern","Ancient Tea Set","Shuriken","OrangePellets","Sundial","Vajra","Orrery","HandDrill","Gremlin Horn","Orichalcum","Membership Card","ClockworkSouvenir","PreservedInsect","War Paint","Bag of Marbles","StrikeDummy","CeramicFish","Empty Cage","Tiny Chest","The Courier","Toy Ornithopter","Bronze Scales","Blue Candle","Tiny House","Potion Belt","Ice Cream","Ornamental Fan","Mercury Hourglass","Boot","Molten Egg 2","Bird Faced Urn","TungstenRod","Pear","Snake Skull","Nunchaku","White Beast Statue","Torii","Paper Crane","TheAbacus","Akabeko","Lizard Tail","Mummified Hand","Oddly Smooth Stone","Bottled Tornado","Ninja Scroll","Happy Flower","Art of War"],"acts_visited":["Exordium","TheCity","TheBeyond","TheEnding"],"potions_floor_usage":[35,55,55,55,55,55],"damage_taken":[{"damage":0.0,"enemies":"Cultist","floor":1.0,"turns":3.0},{"damage":0.0,"enemies":"Lagavulin","floor":7.0,"turns":4.0},{"damage":1.0,"enemies":"2 Louse","floor":8.0,"turns":3.0},{"damage":0.0,"enemies":"Gremlin Nob","floor":10.0,"turns":3.0},{"damage":0.0,"enemies":"Jaw Worm","floor":11.0,"turns":3.0},{"damage":0.0,"enemies":"Lagavulin","floor":12.0,"turns":4.0},{"damage":0.0,"enemies":"3 Sentries","floor":14.0,"turns":2.0},{"damage":0.0,"enemies":"Hexaghost","floor":16.0,"turns":4.0},{"damage":1.0,"enemies":"Shell Parasite","floor":18.0,"turns":3.0},{"damage":0.0,"enemies":"Chosen","floor":20.0,"turns":4.0},{"damage":4.0,"enemies":"Shelled Parasite and Fungi","floor":21.0,"turns":3.0},{"damage":0.0,"enemies":"3 Cultists","floor":22.0,"turns":3.0},{"damage":2.0,"enemies":"Book of Stabbing","floor":24.0,"turns":4.0},{"damage":0.0,"enemies":"Snake Plant","floor":25.0,"turns":3.0},{"damage":5.0,"enemies":"Slavers","floor":27.0,"turns":4.0},{"damage":11.0,"enemies":"Book of Stabbing","floor":29.0,"turns":5.0},{"damage":1.0,"enemies":"Centurion and Healer","floor":30.0,"turns":3.0},{"damage":8.0,"enemies":"Automaton","floor":33.0,"turns":5.0},{"damage":3,"enemies":"3 Shapes","floor":35,"turns":4},{"damage":1,"enemies":"Mind Bloom Boss Battle","floor":37,"turns":5},{"damage":4,"enemies":"Orb Walker","floor":38,"turns":4},{"damage":0,"enemies":"3 Darklings","floor":39,"turns":2},{"damage":3,"enemies":"Giant Head","floor":40,"turns":6},{"damage":2,"enemies":"Nemesis","floor":47,"turns":3},{"damage":0,"enemies":"4 Shapes","floor":48,"turns":3},{"damage":6,"enemies":"Donu and Deca","floor":50,"turns":5},{"damage":0,"enemies":"Shield and Spear","floor":54,"turns":2},{"damage":0,"enemies":"The Heart","floor":55,"turns":4}],"seed_played":"251429561082185657","potions_obtained":[{"floor":10.0,"key":"FearPotion"},{"floor":11.0,"key":"SpeedPotion"},{"floor":20.0,"key":"FearPotion"},{"floor":21.0,"key":"Block Potion"},{"floor":25.0,"key":"Dexterity Potion"},{"floor":27.0,"key":"Weak Potion"},{"floor":35,"key":"CunningPotion"},{"floor":37,"key":"GamblersBrew"},{"floor":38,"key":"AttackPotion"},{"floor":48,"key":"PowerPotion"}],"is_trial":false,"path_per_floor":["M","?","?","$","?","R","E","M","T","E","M","E","R","?","R","B",null,"M","?","M","M","M","R","E","M","T","E","?","E","M","?","R","B",null,"M","T","?","M","M","E","?","R","T","$","?","T","E","M","R","B",null,"R","$","E","B",null],"character_chosen":"THE_SILENT","items_purchased":["Lantern","Ancient Tea Set","Shuriken","Infinite Blades","OrangePellets","Sundial","Infinite Blades","Vajra","Orrery","HandDrill","Gremlin Horn","Orichalcum","Infinite Blades","Infinite Blades","Backflip","Membership Card","ClockworkSouvenir","Cloak And Dagger","Boot","Molten Egg 2","Bird Faced Urn","TungstenRod","Pear","Snake Skull","Nunchaku","Paper Crane","TheAbacus","Akabeko","Lizard Tail","Mummified Hand","Oddly Smooth Stone","Bottled Tornado","Ninja Scroll","Happy Flower","Art of War"],"campfire_rested":0,"item_purchase_floors":[0,0,0,0,0,0,0,0,0,0,0,0,0,0,0,0,4,4,44,44,44,44,44,44,44,53,53,53,53,53,53,53,53,53,53],"current_hp_per_floor":[21,21,7,7,7,7,7,6,6,6,6,6,6,6,6,6,54,53,53,53,49,49,49,47,47,47,42,30,23,26,26,26,22,63,69,69,72,68,72,72,72,72,72,82,82,82,85,85,85,85,85,85,85,85,85],"gold":48,"neow_bonus":"","is_daily":false,"chose_seed":false,"campfire_upgraded":8,"win_rate":0.0,"timestamp":1608509396,"path_taken":["M","?","?","?","?","R","E","M","T","E","M","E","R","?","R","BOSS","M","?","M","?","M","R","E","M","T","E","?","E","?","?","R","BOSS","M","?","?","M","M","E","?","R","T","$","?","?","E","M","R","BOSS","R","$","E","BOSS"],"items_purchased_type":["Relic","Relic","Relic","Card","Relic","Relic","Card","Relic","Relic","Relic","Relic","Relic","Card","Card","Card","Relic","Relic","Card","Relic","Relic","Relic","Relic","Relic","Relic","Relic","Relic","Relic","Relic","Relic","Relic","Relic","Relic","Relic","Relic","Relic"],"build_version":"2020-12-13","purchased_purges":2,"victory":true,"max_hp_per_floor":[70,70,70,70,70,70,70,70,70,70,70,70,70,70,70,70,70,70,70,70,70,70,70,70,70,70,70,70,70,70,70,70,70,75,75,75,75,75,75,75,75,75,75,85,85,85,85,85,85,85,85,85,85,85,85],"card_choices":[{"not_picked":["Tools of the Trade","Skewer"],"picked":"Deflect","floor":0.0},{"not_picked":["Predator","Concentrate"],"picked":"Deflect","floor":0.0},{"not_picked":["Flying Knee","Dodge and Roll"],"picked":"Deflect","floor":0.0},{"not_picked":["Expertise","Noxious Fumes"],"picked":"Infinite Blades","floor":0.0},{"not_picked":["Caltrops","Sucker Punch"],"picked":"A Thousand Cuts","floor":0.0},{"not_picked":["Poisoned Stab","Backflip"],"picked":"Leg Sweep","floor":1.0},{"not_picked":["Flechettes","Skewer","Finisher"],"picked":"SKIP","floor":7.0},{"not_picked":["Dagger Throw","Blur"],"picked":"Blade Dance","floor":8.0},{"not_picked":["Dagger Spray","Setup"],"picked":"Caltrops","floor":10.0},{"not_picked":["Eviscerate","Cloak And Dagger"],"picked":"Slice","floor":11.0},{"not_picked":["Underhanded Strike","Doppelganger"],"picked":"Masterful Stab","floor":12.0},{"not_picked":["Cloak And Dagger","Deflect"],"picked":"Well Laid Plans","floor":14.0},{"not_picked":["Tools of the Trade","Storm of Steel"],"picked":"Envenom","floor":16.0},{"not_picked":["Leg Sweep+1","Bane+1"],"picked":"Cloak And Dagger","floor":18.0},{"not_picked":["Expertise+1","Bouncing Flask"],"picked":"Calculated Gamble","floor":20.0},{"not_picked":["Dagger Spray","Terror"],"picked":"Prepared","floor":21.0},{"not_picked":["Outmaneuver","Burst","Underhanded Strike"],"picked":"SKIP","floor":22.0},{"not_picked":["PiercingWail","Quick Slash"],"picked":"Slice","floor":24.0},{"not_picked":["Acrobatics","PiercingWail","Reflex+1"],"picked":"SKIP","floor":25.0},{"not_picked":["Glass Knife","Infinite Blades"],"picked":"Setup","floor":27.0},{"not_picked":["Deadly Poison","Corpse Explosion","Blade Dance"],"picked":"SKIP","floor":29.0},{"not_picked":["Underhanded Strike","Outmaneuver","Acrobatics"],"picked":"SKIP","floor":30.0},{"not_picked":["Unload","Bullet Time"],"picked":"After Image","floor":33.0},{"not_picked":["Dagger Spray+1","Slice+1"],"picked":"Deflect+1","floor":34.0},{"not_picked":["Outmaneuver+1","Underhanded Strike"],"picked":"Noxious Fumes+1","floor":35},{"not_picked":["Corpse Explosion","Reflex+1","Poisoned Stab+1"],"picked":"SKIP","floor":38},{"not_picked":["Skewer+1","Quick Slash+1"],"picked":"Escape Plan+1","floor":39},{"not_picked":["Deadly Poison+1","PiercingWail","Well Laid Plans+1"],"picked":"SKIP","floor":40},{"not_picked":["Deflect","Backflip+1"],"picked":"Blade Dance+1","floor":47},{"not_picked":["Calculated Gamble","Expertise+1"],"picked":"Concentrate","floor":48},{"not_picked":["All Out Attack+1","Sucker Punch+1","Reflex+1"],"picked":"SKIP","floor":54}],"player_experience":3010062,"relics_obtained":[{"floor":7.0,"key":"PreservedInsect"},{"floor":9.0,"key":"War Paint"},{"floor":10.0,"key":"Bag of Marbles"},{"floor":12.0,"key":"StrikeDummy"},{"floor":24.0,"key":"Tiny Chest"},{"floor":26.0,"key":"The Courier"},{"floor":27.0,"key":"Toy Ornithopter"},{"floor":29.0,"key":"Bronze Scales"},{"floor":36,"key":"Potion Belt"},{"floor":37,"key":"Ice Cream"},{"floor":40,"key":"Ornamental Fan"},{"floor":43,"key":"Mercury Hourglass"},{"floor":46,"key":"White Beast Statue"},{"floor":47,"key":"Torii"}],"event_choices":[{"damage_healed":0.0,"max_hp_gain":0.0,"max_hp_loss":0.0,"gold_gain":0.0,"event_name":"Shining Light","player_choice":"Entered Light","floor":3.0,"gold_loss":0.0,"damage_taken":14.0,"cards_upgraded":["Defend_G","Defend_G"]},{"damage_healed":0.0,"max_hp_gain":0.0,"max_hp_loss":0.0,"gold_gain":0.0,"event_name":"Golden Wing","player_choice":"Ignored","floor":5.0,"gold_loss":0.0,"damage_taken":0.0},{"damage_healed":0.0,"max_hp_gain":0.0,"max_hp_loss":0.0,"gold_gain":0.0,"event_name":"Dead Adventurer","player_choice":"Searched \u00272\u0027 times","floor":14.0,"gold_loss":0.0,"damage_taken":0.0,"relics_obtained":["CeramicFish"]},{"damage_healed":0.0,"max_hp_gain":0.0,"max_hp_loss":0.0,"gold_gain":0.0,"event_name":"Match and Keep!","player_choice":"2 cards matched","floor":19.0,"gold_loss":0.0,"damage_taken":0.0,"cards_obtained":["Crippling Poison","Neutralize"]},{"damage_healed":0.0,"max_hp_gain":0.0,"max_hp_loss":0.0,"gold_gain":0.0,"event_name":"Knowing Skull","player_choice":"CARD ","floor":28.0,"potions_obtained":[],"gold_loss":0.0,"damage_taken":12.0,"cards_obtained":["Bandage Up"]},{"damage_healed":0.0,"max_hp_gain":0.0,"max_hp_loss":0.0,"gold_gain":0.0,"event_name":"The Mausoleum","player_choice":"Opened","floor":31.0,"gold_loss":0.0,"damage_taken":0.0,"relics_obtained":["Blue Candle"],"cards_obtained":["Writhe"]},{"damage_healed":0,"gold_gain":0,"player_choice":"Fight","damage_taken":0,"max_hp_gain":0,"max_hp_loss":0,"event_name":"MindBloom","floor":37,"gold_loss":0},{"damage_healed":0,"gold_gain":0,"player_choice":"Ignored","damage_taken":0,"max_hp_gain":0,"max_hp_loss":0,"event_name":"Tomb of Lord Red Mask","floor":41,"gold_loss":0},{"damage_healed":0,"gold_gain":275,"player_choice":"Desecrate","damage_taken":0,"max_hp_gain":0,"max_hp_loss":0,"event_name":"Golden Shrine","floor":45,"gold_loss":0,"cards_obtained":["Regret"]}],"is_beta":false,"boss_relics":[{"not_picked":["Ectoplasm","Snecko Eye"],"picked":"Empty Cage"},{"not_picked":["Runic Dome","Astrolabe"],"picked":"Tiny House"}],"items_purged_floors":[53,53],"is_endless":false,"potions_floor_spawned":[10,11,20,21,25,27,33,35,37,38,40,47,48,54],"ascension_level":9}}