{"host":"rolltorest","time":1608511791,"event":{"mods":["BaseMod","Minty Spire (QoL Compilation)","StSLib"],"gold_per_floor":[111,111,111,126,138,138,165,178,204,204,17,27,57,0,0,74,74,90,9,22,22,22,22],"floor_reached":22,"playtime":1602,"items_purged":["Parasite"],"score":388,"play_id":"c46a6ebe-3a60-4241-a720-a22c4ed71b2e","local_time":"20201220164951","is_ascension_mode":true,"campfire_choices":[{"floor":6,"key":"REST"},{"data":"Armaments","floor":15,"key":"SMITH"}],"circlet_count":0,"master_deck":["AscendersBane","Strike_R","Strike_R","Strike_R","Strike_R","Strike_R","Defend_R","Defend_R","Defend_R+1","Defend_R+1","Bash+1","Power Through","Headbutt","Pommel Strike","Demon Form","Shrug It Off","Armaments+1","Perfected Strike","Dual Wield","Reaper","Thunderclap","Spot Weakness","Decay"],"relics":["SacredBark","Happy Flower","Boot","MealTicket","Coffee Dripper"],"acts_visited":["Exordium","TheCity"],"potions_floor_usage":[7,7,16,16],"damage_taken":[{"damage":11,"enemies":"Jaw Worm","floor":1,"turns":4},{"damage":10,"enemies":"Small Slimes","floor":4,"turns":5},{"damage":1,"enemies":"Cultist","floor":5,"turns":4},{"damage":12,"enemies":"Lagavulin","floor":7,"turns":5},{"damage":9,"enemies":"2 Fungi Beasts","floor":8,"turns":4},{"damage":0,"enemies":"Looter","floor":12,"turns":4},{"damage":24,"enemies":"3 Sentries","floor":13,"turns":9},{"damage":29,"enemies":"The Guardian","floor":16,"turns":13},{"damage":26,"enemies":"Chosen","floor":18,"turns":4},{"damage":34,"enemies":"3 Byrds","floor":20,"turns":6},{"damage":43,"enemies":"Snecko","floor":22,"turns":4}],"seed_played":"3682289351305976789","potions_obtained":[{"floor":1,"key":"EssenceOfSteel"},{"floor":4,"key":"FearPotion"},{"floor":16,"key":"ElixirPotion"}],"is_trial":false,"path_per_floor":["M","?","?","M","M","R","E","M","T","?","$","M","E","$","R","B",null,"M","$","M","?","M"],"character_chosen":"IRONCLAD","items_purchased":["Armaments","Swift Potion","BloodPotion","Spot Weakness"],"campfire_rested":1,"item_purchase_floors":[11,11,14,19],"current_hp_per_floor":[57,34,34,24,23,45,33,24,24,42,42,42,18,33,33,32,62,36,51,35,35,0,0],"gold":22,"neow_bonus":"BOSS_RELIC","is_daily":false,"chose_seed":false,"campfire_upgraded":1,"win_rate":0.0,"timestamp":1608511791,"path_taken":["M","?","?","?","M","R","E","M","T","?","$","M","E","$","R","BOSS","M","$","M","?","M"],"items_purchased_type":["Card","Potion","Potion","Card"],"build_version":"2020-12-18","purchased_purges":1,"victory":false,"max_hp_per_floor":[75,75,75,75,75,75,75,75,75,75,72,72,72,72,72,72,72,72,72,72,72,72,72],"card_choices":[{"not_picked":["Sentinel","Wild Strike"],"picked":"Power Through","floor":1},{"not_picked":["Hemokinesis","Armaments"],"picked":"Headbutt","floor":4},{"not_picked":["Thunderclap","Intimidate"],"picked":"Pommel Strike","floor":5},{"not_picked":["Fire Breathing","Body Slam"],"picked":"Demon Form","floor":7},{"not_picked":["Ghostly Armor","Sword Boomerang"],"picked":"Shrug It Off","floor":8},{"not_picked":["Flex","Body Slam"],"picked":"Perfected Strike","floor":12},{"not_picked":["Wild Strike","Entrench"],"picked":"Dual Wield","floor":13},{"not_picked":["Corruption","Barricade"],"picked":"Reaper","floor":16},{"not_picked":["Wild Strike","Flex"],"picked":"Thunderclap","floor":18},{"not_picked":["Warcry","Armaments","Blood for Blood"],"picked":"SKIP","floor":20}],"player_experience":1695018,"relics_obtained":[{"floor":7,"key":"Happy Flower"},{"floor":9,"key":"Boot"},{"floor":13,"key":"MealTicket"}],"event_choices":[{"damage_healed":0,"gold_gain":0,"player_choice":"Entered Light","damage_taken":23,"max_hp_gain":0,"max_hp_loss":0,"event_name":"Shining Light","floor":2,"gold_loss":0,"cards_upgraded":["Defend_R","Defend_R"]},{"damage_healed":0,"gold_gain":0,"player_choice":"Upgraded","damage_taken":0,"max_hp_gain":0,"max_hp_loss":0,"event_name":"Upgrade Shrine","floor":3,"gold_loss":0,"cards_upgraded":["Bash"]},{"damage_healed":18,"gold_gain":0,"player_choice":"Healed and dodged fight","damage_taken":0,"max_hp_gain":0,"max_hp_loss":0,"event_name":"Mushrooms","floor":10,"gold_loss":0,"cards_obtained":["Parasite"]},{"damage_healed":0,"gold_gain":0,"player_choice":"Smashed Altar","damage_taken":0,"max_hp_gain":0,"max_hp_loss":0,"event_name":"Forgotten Altar","floor":21,"gold_loss":0,"cards_obtained":["Decay"]}],"is_beta":true,"boss_relics":[{"not_picked":["Runic Cube","SlaversCollar"],"picked":"Coffee Dripper"}],"items_purged_floors":[11],"is_endless":false,"potions_floor_spawned":[1,4,16],"killed_by":"Snecko","ascension_level":20}}