{"host":"78zdngn0u28jm0pp","time":1608524352,"event":{"mods":["BaseMod","Jorbs\u0027s Wanderer Trilogy","Minty Spire (QoL Compilation)","Permanent Neow","Quick Restart","Relic Stats","StSLib","Unceasing Turn Reminder"],"gold_per_floor":[209,209,229,60,74,74,109,109,133,149,164,178,27,37,37,109,109,122,47,82,99,99,99,99,99],"floor_reached":24,"playtime":967,"items_purged":[],"score":396,"play_id":"c7e3b229-1f3f-490f-a20a-43d71b7fd165","local_time":"20201220211912","is_ascension_mode":true,"campfire_choices":[{"data":"Glass Knife","floor":6,"key":"SMITH"},{"floor":8,"key":"REST"},{"data":"Corpse Explosion","floor":15,"key":"SMITH"},{"data":"Ghostly","floor":23,"key":"SMITH"}],"circlet_count":0,"master_deck":["AscendersBane","Strike_G","Strike_G","Strike_G+1","Strike_G","Defend_G","Defend_G","Defend_G","Defend_G","Defend_G","Survivor","Neutralize+1","Deadly Poison","Glass Knife+1","Terror","Dash","Acrobatics","Tools of the Trade","Poisoned Stab","Corpse Explosion+1","Bouncing Flask","Die Die Die","Backstab","Ghostly+1","Ghostly","Ghostly"],"relics":["Ring of the Snake","Potion Belt","Whetstone","Ancient Tea Set","Coffee Dripper","Red Mask"],"acts_visited":["Exordium","TheCity"],"potions_floor_usage":[14,16,16,24],"damage_taken":[{"damage":0,"enemies":"2 Louse","floor":1,"turns":2},{"damage":10,"enemies":"Cultist","floor":3,"turns":5},{"damage":2,"enemies":"Jaw Worm","floor":5,"turns":4},{"damage":36,"enemies":"Gremlin Nob","floor":7,"turns":4},{"damage":0,"enemies":"2 Fungi Beasts","floor":10,"turns":4},{"damage":3,"enemies":"3 Louse","floor":11,"turns":4},{"damage":0,"enemies":"Blue Slaver","floor":12,"turns":3},{"damage":0,"enemies":"Large Slime","floor":14,"turns":3},{"damage":5,"enemies":"The Guardian","floor":16,"turns":9},{"damage":7,"enemies":"Chosen","floor":18,"turns":4},{"damage":0,"enemies":"Masked Bandits","floor":20,"turns":2},{"damage":1,"enemies":"3 Byrds","floor":21,"turns":4},{"damage":44,"enemies":"Gremlin Leader","floor":24,"turns":5}],"seed_played":"6252456400673290474","potions_obtained":[{"floor":7,"key":"Dexterity Potion"},{"floor":11,"key":"GhostInAJar"},{"floor":12,"key":"GamblersBrew"},{"floor":18,"key":"Energy Potion"}],"is_trial":false,"path_per_floor":["M","?","M","$","M","R","E","R","T","M","M","M","$","M","R","B",null,"M","?","?","M","?","R","E"],"character_chosen":"THE_SILENT","items_purchased":["Glass Knife","Corpse Explosion"],"campfire_rested":1,"item_purchase_floors":[4,13],"current_hp_per_floor":[59,59,49,49,47,47,11,30,30,30,27,27,27,27,27,22,55,48,48,48,47,33,33,0,0],"gold":99,"neow_bonus":"HUNDRED_GOLD","is_daily":false,"chose_seed":false,"campfire_upgraded":3,"win_rate":0.0,"timestamp":1608524352,"path_taken":["M","?","M","$","?","R","E","R","T","M","M","M","$","M","R","BOSS","M","?","?","M","?","R","E"],"items_purchased_type":["Card","Card"],"build_version":"2020-12-13","purchased_purges":0,"victory":false,"max_hp_per_floor":[66,66,66,66,66,66,66,66,66,66,66,66,66,66,66,66,66,66,66,66,66,33,33,33,33],"relic_stats":{"counters":[13,53],"Whetstone":["Strike_G","Neutralize"],"obtain_stats":[{"Potion Belt":2,"Coffee Dripper":17,"Red Mask":20,"Whetstone":7,"Ancient Tea Set":9,"Ring of the Snake":0},{"Potion Belt":1,"Coffee Dripper":9,"Red Mask":11,"Whetstone":4,"Ancient Tea Set":4,"Ring of the Snake":0},{"Potion Belt":2,"Coffee Dripper":38,"Red Mask":44,"Whetstone":15,"Ancient Tea Set":15,"Ring of the Snake":0}],"Ring of the Snake":[26]},"card_choices":[{"not_picked":["Slice","Infinite Blades"],"picked":"Dagger Throw","floor":1},{"not_picked":["Prepared","Skewer"],"picked":"Deadly Poison","floor":3},{"not_picked":["Footwork","Cloak And Dagger"],"picked":"Terror","floor":5},{"not_picked":["Prepared","Footwork"],"picked":"Dash","floor":7},{"not_picked":["Concentrate","Poisoned Stab"],"picked":"Acrobatics","floor":10},{"not_picked":["Dagger Spray","Flying Knee"],"picked":"Tools of the Trade","floor":11},{"not_picked":["Deadly Poison","Choke"],"picked":"Poisoned Stab","floor":12},{"not_picked":["Cloak And Dagger","Dagger Spray"],"picked":"Bouncing Flask","floor":14},{"not_picked":["Bullet Time","Grand Finale"],"picked":"Die Die Die","floor":16},{"not_picked":["Sucker Punch","Flying Knee","Eviscerate"],"picked":"SKIP","floor":18},{"not_picked":["Bane","Outmaneuver"],"picked":"Backstab","floor":20},{"not_picked":["Deflect","Outmaneuver+1","Dagger Spray"],"picked":"SKIP","floor":21}],"player_experience":660567,"relics_obtained":[{"floor":7,"key":"Whetstone"},{"floor":9,"key":"Ancient Tea Set"},{"floor":20,"key":"Red Mask"}],"event_choices":[{"cards_removed":["Dagger Throw"],"damage_healed":0,"gold_gain":0,"player_choice":"Gave Card","damage_taken":0,"relics_obtained":["Potion Belt"],"max_hp_gain":0,"max_hp_loss":0,"event_name":"WeMeetAgain","floor":2,"gold_loss":0},{"cards_removed":["Strike_G"],"damage_healed":0,"gold_gain":0,"player_choice":"Gave Gold","damage_taken":0,"max_hp_gain":0,"max_hp_loss":0,"event_name":"Beggar","floor":19,"gold_loss":75},{"damage_healed":0,"gold_gain":0,"player_choice":"Fought Bandits","damage_taken":0,"max_hp_gain":0,"max_hp_loss":0,"event_name":"Masked Bandits","floor":20,"gold_loss":0},{"damage_healed":0,"gold_gain":0,"player_choice":"Became a Ghost","damage_taken":0,"max_hp_gain":0,"max_hp_loss":33,"event_name":"Ghosts","floor":22,"gold_loss":0,"cards_obtained":["Ghostly","Ghostly","Ghostly"]}],"is_beta":false,"boss_relics":[{"not_picked":["Pandora\u0027s Box","Busted Crown"],"picked":"Coffee Dripper"}],"items_purged_floors":[],"is_endless":false,"potions_floor_spawned":[7,11,12,18],"killed_by":"Gremlin Leader","ascension_level":20}}