{"host":"87fdiiwflhrwsj8a","time":1608585833,"event":{"mods":["Aspiration","BaseMod","Better Match","Better Third Choice","BetterRewards","Colored Map","Downfall","GifTheSpireLib","Infinite Spire","Minty Spire (QoL Compilation)","Relic Sorter","Replay The Spire","Robot Space Explorer","StSLib","Stuff the Spire","The Cursed"],"gold_per_floor":[113,126,126,276,289,289,289,289],"floor_reached":7,"playtime":226,"items_purged":[],"score":82,"play_id":"ef96cb4c-7be6-4f53-9d29-723a09122aae","local_time":"20201221162353","is_ascension_mode":true,"campfire_choices":[{"data":"Seeing Red","floor":6.0,"key":"SMITH"}],"circlet_count":0,"master_deck":["AscendersBane","Strike_R","Strike_R","Strike_R","Strike_R","Strike_R","Defend_R","Defend_R","Defend_R","Defend_R","Bash","Seeing Red+1","Pummel","Twin Strike","Doubt","Barricade"],"relics":["Burning Blood","StuffTheSpire:BottledEssence","Pocketwatch","StuffTheSpire:Gunfinga","Lee\u0027s Waffle","StuffTheSpire:Wildfire"],"acts_visited":["Exordium"],"potions_floor_usage":[7],"damage_taken":[{"damage":2.0,"enemies":"Cultist","floor":1.0,"turns":4.0},{"damage":1.0,"enemies":"2 Louse","floor":2.0,"turns":2.0},{"damage":0.0,"enemies":"Small Slimes","floor":5.0,"turns":2.0},{"damage":67,"enemies":"Nightmare","floor":7,"turns":8}],"seed_played":"1129802268895062646","potions_obtained":[{"floor":5.0,"key":"GamblersBrew"}],"is_trial":false,"path_per_floor":["M","M","$","?","M","R","NM"],"character_chosen":"IRONCLAD","items_purchased":["StuffTheSpire:BottledEssence","StuffTheSpire:Gunfinga","Lee\u0027s Waffle","StuffTheSpire:Wildfire","Seeing Red"],"campfire_rested":0,"item_purchase_floors":[0,0,0,0,0],"current_hp_per_floor":[82,82,82,82,82,82,15,15],"gold":289,"neow_bonus":"","is_daily":false,"chose_seed":false,"campfire_upgraded":1,"win_rate":0.0,"timestamp":1608585833,"path_taken":["M","?","$","?","M","R","E"],"items_purchased_type":["Relic","Relic","Relic","Relic","Card"],"build_version":"2020-12-13","purchased_purges":0,"victory":false,"max_hp_per_floor":[82,82,82,82,82,82,82,82],"card_choices":[{"not_picked":["Sword Boomerang","Combust"],"picked":"Pummel","floor":1.0},{"not_picked":["Run Through","Fire Breathing"],"picked":"Twin Strike","floor":2.0},{"not_picked":["Heavy Blade","Flex"],"picked":"Barricade","floor":5.0}],"player_experience":2610949,"relics_obtained":[],"event_choices":[{"damage_healed":0.0,"max_hp_gain":0.0,"max_hp_loss":0.0,"gold_gain":150.0,"event_name":"betterThird:BetterSerpent","player_choice":"AGREE","floor":4.0,"gold_loss":0.0,"damage_taken":126.0}],"is_beta":false,"boss_relics":[],"items_purged_floors":[],"is_endless":false,"potions_floor_spawned":[5],"killed_by":"Nightmare","ascension_level":20}}