{"host":"xhamcave7q47vrco","time":1608536253,"event":{"mods":["BaseMod","Minty Spire (QoL Compilation)","Permanent Neow","Quick Restart","StSLib","TestMod"],"gold_per_floor":[111,129,129,104,115,149,199,233,258,322,435,38,88,116,116,217,217,231,241,291,303,303],"floor_reached":21,"playtime":1127,"items_purged":["Strike_R"],"score":235,"play_id":"ac533e56-affa-4037-bac7-aa31edc942a8","local_time":"20201221153733","is_ascension_mode":true,"campfire_choices":[{"data":"Berserk","floor":15,"key":"SMITH"}],"circlet_count":0,"master_deck":["Strike_R","Strike_R","Defend_R","Defend_R","Defend_R","Bash","Shockwave","Warcry","Clash","Flex","Berserk+1","Spot Weakness","Cleave","Inflame","Double Tap","Reaper","Spot Weakness"],"relics":["Burning Blood","testmod-TestBox","testmod-TimeTraveler","SsserpentHead","Vajra","testmod-IndustrialRevolution","Nunchaku","Bag of Marbles","Lee\u0027s Waffle","Pen Nib","MutagenicStrength"],"acts_visited":["Exordium","TheCity"],"potions_floor_usage":[6,8,11],"damage_taken":[{"damage":4,"enemies":"2 Louse","floor":1,"turns":2},{"damage":0,"enemies":"Cultist","floor":2,"turns":3},{"damage":0,"enemies":"Small Slimes","floor":5,"turns":2},{"damage":16,"enemies":"Lagavulin","floor":6,"turns":6},{"damage":27,"enemies":"3 Sentries","floor":8,"turns":7},{"damage":3,"enemies":"Exordium Wildlife","floor":10,"turns":2},{"damage":17,"enemies":"Lagavulin Event","floor":11,"turns":4},{"damage":0,"enemies":"Gremlin Nob","floor":14,"turns":2},{"damage":6,"enemies":"Slime Boss","floor":16,"turns":5},{"damage":20,"enemies":"Shell Parasite","floor":18,"turns":4},{"damage":8,"enemies":"Chosen","floor":19,"turns":4},{"damage":17,"enemies":"Snecko","floor":21,"turns":4}],"seed_played":"3648814522057705621","potions_obtained":[{"floor":2,"key":"Weak Potion"},{"floor":5,"key":"Weak Potion"},{"floor":10,"key":"SkillPotion"},{"floor":16,"key":"Explosive Potion"},{"floor":18,"key":"Weak Potion"},{"floor":19,"key":"Dexterity Potion"}],"is_trial":false,"path_per_floor":["M","M","?","$","M","E","?","E","T","M","?","$","?","E","R","B",null,"M","M","?","M"],"character_chosen":"IRONCLAD","items_purchased":["Inflame","Bag of Marbles","Double Tap","Lee\u0027s Waffle"],"campfire_rested":0,"item_purchase_floors":[12,12,12,12],"current_hp_per_floor":[72,72,72,72,72,62,55,34,34,37,26,79,79,79,79,79,79,72,78,78,67,67],"gold":303,"neow_bonus":"TRANSFORM_TWO_CARDS","is_daily":false,"chose_seed":false,"campfire_upgraded":1,"win_rate":0.0,"timestamp":1608536253,"path_taken":["M","M","?","?","M","E","?","E","T","?","?","?","?","E","R","BOSS","M","M","?","M"],"items_purchased_type":["Card","Relic","Card","Relic"],"build_version":"2020-12-13","purchased_purges":1,"victory":false,"max_hp_per_floor":[72,72,72,72,72,72,72,72,72,72,72,79,79,79,79,79,79,79,79,79,79,79],"card_choices":[{"not_picked":["Anger","Searing Blow","Twin Strike"],"picked":"SKIP","floor":1},{"not_picked":["Iron Wave","Sever Soul"],"picked":"Clash","floor":2},{"not_picked":["Pommel Strike","True Grit"],"picked":"Flex","floor":5},{"not_picked":["Bloodletting","Rage"],"picked":"Berserk","floor":6},{"not_picked":["Twin Strike","Thunderclap"],"picked":"Spot Weakness","floor":8},{"not_picked":["Clash","Perfected Strike"],"picked":"Cleave","floor":10},{"not_picked":["Berserk","Infernal Blade","True Grit"],"picked":"SKIP","floor":14},{"not_picked":["Double Tap","Fiend Fire"],"picked":"Reaper","floor":16},{"not_picked":["True Grit","Rampage+1"],"picked":"Spot Weakness","floor":18},{"not_picked":["True Grit","Bloodletting","Headbutt+1"],"picked":"SKIP","floor":19}],"player_experience":31088,"relics_obtained":[{"floor":6,"key":"Vajra"},{"floor":8,"key":"testmod-IndustrialRevolution"},{"floor":14,"key":"Pen Nib"}],"event_choices":[{"damage_healed":0,"gold_gain":0,"player_choice":"Trade","damage_taken":0,"relics_obtained":["SsserpentHead"],"max_hp_gain":0,"max_hp_loss":0,"event_name":"FaceTrader","floor":3,"gold_loss":0},{"cards_removed":["Strike_R"],"damage_healed":0,"gold_gain":0,"player_choice":"Card Removal","damage_taken":7,"max_hp_gain":0,"max_hp_loss":0,"event_name":"Golden Wing","floor":7,"gold_loss":0},{"damage_healed":0,"gold_gain":0,"player_choice":"Searched \u00272\u0027 times","damage_taken":0,"relics_obtained":["Nunchaku"],"max_hp_gain":0,"max_hp_loss":0,"event_name":"Dead Adventurer","floor":11,"gold_loss":0},{"damage_healed":0,"gold_gain":0,"player_choice":"Ignored","damage_taken":0,"max_hp_gain":0,"max_hp_loss":0,"event_name":"Liars Game","floor":13,"gold_loss":0},{"damage_healed":0,"gold_gain":0,"player_choice":"Inject Mutagens","damage_taken":0,"relics_obtained":["MutagenicStrength"],"max_hp_gain":0,"max_hp_loss":0,"event_name":"Drug Dealer","floor":20,"gold_loss":0}],"is_beta":false,"boss_relics":[{"not_picked":["Ectoplasm","testmod-PortableAltar","testmod-IncinerationGenerator"]}],"items_purged_floors":[4],"is_endless":false,"potions_floor_spawned":[2,5,10,16,18,19,21],"killed_by":"Snecko","ascension_level":1}}