{"host":"g462bm4kxxqxmkbv","time":1608572316,"event":{"mods":["2.2 Compatiblity","Act Like it!","Aspiration","Bard","BaseMod","Better Note","Better Third Choice","Better Vampires","Colored Map","Conspire","Dio Mod","Downfall","Hallownest","Hermit","Hero for Fun","Hubris","Infinite Spire","Minty Spire (QoL Compilation)","Permanent Neow","Quick Restart","Rare Cards Sparkle","Replay The Spire","Shop Mod","Small Relic Pack","Spicy Shops","StSLib","The Bladedancer","The Bug Knight","The Cursed","The Disciple","The Druid","The Exalted","The Hierophant","The Judge","The Jungle","The Kombatant","The Necromancer","The Sage","The Servant 0.9.4","The Valiant","The Wild Card"],"gold_per_floor":[150,165,199,219,219,219,233,246,246,4,37,37,37,51,51,61,76,76,76],"floor_reached":18,"playtime":1381,"items_purged":[],"score":124,"play_id":"d93fc7a0-d6e5-4286-8408-21268a11b562","local_time":"20201222003836","is_ascension_mode":false,"campfire_choices":[{"floor":12,"key":"REST"}],"circlet_count":0,"master_deck":["Misterioso+1","Moderato+1","Strike_Br","Strike_Br","Strike_Br","Strike_Br","Defend_Br","Defend_Br","Defend_Br","Defend_Br","SecondHand","PatternShift","ReapSow","BlueShift","Echoward","WindUp","HandsUpC","BeatsPerMinute+1","ExoVibe+7","BiteCommand","Injury","WindUp"],"relics":["Chronometer","HollowMod:StagPassRelic","Incense Burner","aspiration:FrozenJewel","Frozen Egg 2","WarPaint?"],"acts_visited":["Exordium"],"potions_floor_usage":[11,18,18,18],"damage_taken":[{"damage":0,"enemies":"Small Slimes","floor":2,"turns":6},{"damage":38,"enemies":"3 Sentries","floor":3,"turns":12},{"damage":0,"enemies":"Jaw Worm","floor":4,"turns":5},{"damage":1,"enemies":"Cultist","floor":7,"turns":5},{"damage":2,"enemies":"Blue Slaver","floor":8,"turns":4},{"damage":0,"enemies":"downfall:FleeingMerchant","floor":10,"turns":4},{"damage":11,"enemies":"Gremlin Nob","floor":11,"turns":8},{"damage":0,"enemies":"Red Slaver","floor":14,"turns":5},{"damage":0,"enemies":"Gremlin Gang","floor":16,"turns":5},{"damage":6,"enemies":"Blue Slaver","floor":17,"turns":3},{"damage":28,"enemies":"downfall:Defect","floor":18,"turns":5}],"seed_played":"-1281950249554528686","potions_obtained":[{"floor":0,"key":"FearPotion"},{"floor":0,"key":"Dexterity Potion"},{"floor":0,"key":"SpeedPotion"},{"floor":4,"key":"Languid Potion"},{"floor":7,"key":"Strength Potion"},{"floor":16,"key":"hexamod:EctoCoolerPotion"}],"is_trial":false,"path_per_floor":["R_BF","M","E","M","PTL","PTL","M","M","T","$","E","R","?","M","?","M","M","B"],"character_chosen":"CHRONO_CLASS","items_purchased":["ExoVibe","Incense Burner"],"campfire_rested":1,"item_purchase_floors":[10,10],"current_hp_per_floor":[65,65,27,27,27,27,26,24,24,24,13,32,32,32,32,32,26,0,0],"gold":76,"neow_bonus":"THREE_SMALL_POTIONS","is_daily":false,"chose_seed":false,"campfire_upgraded":0,"win_rate":0.0,"timestamp":1608572316,"path_taken":["R_BF","M","E","M","PTL","PTL","M","M","T","$","E","R","?","M","?","M","M","BOSS"],"items_purchased_type":["Card","Relic"],"build_version":"2020-12-13","purchased_purges":0,"victory":false,"max_hp_per_floor":[65,65,65,65,65,65,65,65,65,65,65,65,65,65,65,65,65,65,65],"card_choices":[{"not_picked":["Recurrance","LockedBlood"],"picked":"ReapSow","floor":2},{"not_picked":["EscortCommand","LockedWhetstone"],"picked":"BlueShift","floor":3},{"not_picked":["Engulf","LockedMedicine"],"picked":"Echoward","floor":4},{"not_picked":["Backlash","LockedWhetstone"],"picked":"WindUp","floor":7},{"not_picked":["Echoward","Recurrance"],"picked":"HandsUpC","floor":8},{"not_picked":["LockedTornado","LockedThread"],"picked":"BeatsPerMinute","floor":10},{"not_picked":["BlueShift","LockedScales"],"picked":"BiteCommand","floor":11},{"not_picked":["LockedScales+1","TickedOff","LockedAnchor+1"],"picked":"SKIP","floor":14},{"not_picked":["LockedAnchor+1","BiteCommand"],"picked":"WindUp","floor":16},{"not_picked":["LockedUrn+1","Accruing","OverTime"],"picked":"SKIP","floor":17}],"player_experience":441954,"relics_obtained":[{"floor":3,"key":"HollowMod:StagPassRelic"},{"floor":11,"key":"aspiration:FrozenJewel"}],"event_choices":[],"is_beta":false,"boss_relics":[],"items_purged_floors":[],"is_endless":false,"potions_floor_spawned":[4,7,8,16],"killed_by":"downfall:Defect","ascension_level":0}}