{"host":"y76clbnovzmw9ubx","time":1608572747,"event":{"mods":["AchievementEnabler","BaseMod","Minty Spire (QoL Compilation)","Permanent Neow","Relic Stats"],"gold_per_floor":[116,130,150,164,183,214,214,240,240,273,273,290,290,325,325,325,325],"floor_reached":16,"playtime":575,"items_purged":[],"score":264,"play_id":"cdb77626-91d2-464a-ac3c-67e9912d841b","local_time":"20201221124547","is_ascension_mode":true,"campfire_choices":[{"data":"Loop","floor":7,"key":"SMITH"},{"floor":11,"key":"REST"},{"floor":15,"key":"REST"}],"circlet_count":0,"master_deck":["AscendersBane","Strike_B","Strike_B","Strike_B","Strike_B","Defend_B","Defend_B","Defend_B","Defend_B","Zap","Dualcast","Electrodynamics","Chill","Cold Snap","Static Discharge","Loop+1","Coolheaded","Loop","Recycle","Undo"],"relics":["Cracked Core","Boot","Symbiotic Virus","Ornamental Fan","Sundial","The Courier"],"acts_visited":["Exordium"],"potions_floor_usage":[8,8,14],"damage_taken":[{"damage":0,"enemies":"2 Louse","floor":1,"turns":1},{"damage":0,"enemies":"Small Slimes","floor":2,"turns":3},{"damage":3,"enemies":"Jaw Worm","floor":3,"turns":3},{"damage":6,"enemies":"Blue Slaver","floor":4,"turns":4},{"damage":5,"enemies":"Gremlin Gang","floor":5,"turns":2},{"damage":10,"enemies":"3 Sentries","floor":6,"turns":2},{"damage":16,"enemies":"Lagavulin","floor":8,"turns":5},{"damage":10,"enemies":"3 Sentries","floor":10,"turns":6},{"damage":9,"enemies":"Large Slime","floor":12,"turns":4},{"damage":19,"enemies":"Lagavulin","floor":14,"turns":7},{"damage":30,"enemies":"The Guardian","floor":16,"turns":2}],"seed_played":"-6159049498488439991","potions_obtained":[{"floor":1,"key":"Weak Potion"},{"floor":4,"key":"FearPotion"},{"floor":10,"key":"SkillPotion"}],"is_trial":false,"path_per_floor":["M","M","M","M","M","E","R","E","T","E","R","M","?","E","R","B"],"character_chosen":"DEFECT","items_purchased":[],"campfire_rested":2,"item_purchase_floors":[],"current_hp_per_floor":[64,64,61,55,50,40,40,24,24,14,33,24,24,5,24,0,0],"gold":325,"neow_bonus":"THREE_RARE_CARDS","is_daily":false,"chose_seed":false,"campfire_upgraded":1,"win_rate":0.0,"timestamp":1608572747,"path_taken":["M","M","M","M","M","E","R","E","T","E","R","M","?","E","R","BOSS"],"items_purchased_type":[],"build_version":"2020-12-13","purchased_purges":0,"victory":false,"max_hp_per_floor":[64,64,64,64,64,64,64,64,64,64,64,64,64,64,64,64,64],"relic_stats":{"counters":[11,39],"Ornamental Fan":[4],"Sundial":[2],"Boot":[5],"obtain_stats":[{"Ornamental Fan":9,"Sundial":10,"The Courier":14,"Cracked Core":0,"Boot":6,"Symbiotic Virus":8},{"Ornamental Fan":7,"Sundial":8,"The Courier":10,"Cracked Core":0,"Boot":6,"Symbiotic Virus":7},{"Ornamental Fan":20,"Sundial":26,"The Courier":37,"Cracked Core":0,"Boot":15,"Symbiotic Virus":20}]},"card_choices":[{"not_picked":["Meteor Strike","Reboot"],"picked":"Electrodynamics","floor":0},{"not_picked":["FTL","Steam"],"picked":"Chill","floor":1},{"not_picked":["Sweeping Beam","Turbo"],"picked":"Cold Snap","floor":2},{"not_picked":["Gash","Go for the Eyes"],"picked":"Static Discharge","floor":3},{"not_picked":["FTL","Conserve Battery","Sweeping Beam"],"picked":"SKIP","floor":4},{"not_picked":["Tempest","Leap"],"picked":"Loop","floor":5},{"not_picked":["Turbo","Streamline"],"picked":"Coolheaded","floor":6},{"not_picked":["Hyperbeam","Tempest"],"picked":"Loop","floor":8},{"not_picked":["Sunder","Blizzard"],"picked":"Recycle","floor":10},{"not_picked":["Stack","Coolheaded"],"picked":"Undo","floor":12},{"not_picked":["Steam","Steam Power","Conserve Battery"],"picked":"SKIP","floor":14}],"player_experience":2942953,"relics_obtained":[{"floor":6,"key":"Boot"},{"floor":8,"key":"Symbiotic Virus"},{"floor":9,"key":"Ornamental Fan"},{"floor":10,"key":"Sundial"},{"floor":14,"key":"The Courier"}],"event_choices":[{"damage_healed":0,"gold_gain":0,"player_choice":"Ignored","damage_taken":0,"max_hp_gain":0,"max_hp_loss":0,"event_name":"Shining Light","floor":13,"gold_loss":0}],"is_beta":false,"boss_relics":[],"items_purged_floors":[],"is_endless":false,"potions_floor_spawned":[1,4,6,10],"killed_by":"The Guardian","ascension_level":20}}