{"host":"69rply1jf2d1wbmp","time":1608522486,"event":{"mods":["BaseMod","Minty Spire (QoL Compilation)","Quick Restart"],"gold_per_floor":[118,83,83,83,98,128,128,128,152,186,214,226,20,40,40,136,136,156,168,168,181,181,208,208,208],"floor_reached":24,"playtime":685,"items_purged":["Strike_R"],"score":224,"play_id":"b95e6939-90d3-4c13-8316-5734c0a26ff5","local_time":"20201220224806","is_ascension_mode":false,"campfire_choices":[{"data":"Demon Form","floor":8,"key":"SMITH"},{"data":"Rampage","floor":12,"key":"SMITH"},{"data":"Bash","floor":15,"key":"SMITH"}],"circlet_count":0,"master_deck":["Strike_R","Strike_R+1","Strike_R","Defend_R","Defend_R","Defend_R","Defend_R","Bash+1","Demon Form+1","Twin Strike+1","Perfected Strike","Rampage+1","Shrug It Off","Inflame","Shrug It Off"],"relics":["Black Blood","Whetstone","White Beast Statue","Dream Catcher","MawBank","Orichalcum","Pen Nib"],"acts_visited":["Exordium","TheCity"],"potions_floor_usage":[10,18,21,23,23],"damage_taken":[{"damage":3,"enemies":"Jaw Worm","floor":1,"turns":4},{"damage":0,"enemies":"2 Louse","floor":5,"turns":3},{"damage":26,"enemies":"Lagavulin","floor":6,"turns":7},{"damage":6,"enemies":"Gremlin Nob","floor":10,"turns":3},{"damage":3,"enemies":"Small Slimes","floor":11,"turns":3},{"damage":4,"enemies":"Exordium Wildlife","floor":14,"turns":4},{"damage":46,"enemies":"The Guardian","floor":16,"turns":9},{"damage":38,"enemies":"2 Thieves","floor":18,"turns":4},{"damage":20,"enemies":"Shell Parasite","floor":19,"turns":6},{"damage":26,"enemies":"Cultist and Chosen","floor":21,"turns":8},{"damage":48,"enemies":"Slavers","floor":23,"turns":7},{"damage":21,"enemies":"Centurion and Healer","floor":24,"turns":7}],"seed_played":"-8487735896478754817","potions_obtained":[{"floor":6,"key":"Explosive Potion"},{"floor":10,"key":"Swift Potion"},{"floor":11,"key":"Fire Potion"},{"floor":14,"key":"BlessingOfTheForge"},{"floor":18,"key":"SneckoOil"},{"floor":19,"key":"BloodPotion"},{"floor":21,"key":"ColorlessPotion"},{"floor":23,"key":"Ancient Potion"}],"is_trial":false,"path_per_floor":["M","?","?","?","M","E","T","R","T","E","M","R","$","M","R","B",null,"M","M","?","M","?","E","M"],"character_chosen":"IRONCLAD","items_purchased":["Orichalcum"],"campfire_rested":0,"item_purchase_floors":[13],"current_hp_per_floor":[59,79,84,84,85,65,65,65,65,65,68,68,68,70,70,30,85,59,51,51,54,54,18,0,0],"gold":208,"neow_bonus":"THREE_RARE_CARDS","is_daily":false,"chose_seed":false,"campfire_upgraded":3,"win_rate":0.0,"timestamp":1608522486,"path_taken":["M","?","?","?","?","E","?","R","T","E","M","R","$","M","R","BOSS","M","M","?","?","?","E","M"],"items_purchased_type":["Relic"],"build_version":"2020-12-13","purchased_purges":1,"victory":false,"max_hp_per_floor":[80,80,85,85,85,85,85,85,85,85,85,85,85,85,85,85,85,85,85,85,85,85,85,85,85],"card_choices":[{"not_picked":["Limit Break","Barricade"],"picked":"Demon Form","floor":0},{"not_picked":["Clash","Sentinel"],"picked":"Twin Strike","floor":1},{"not_picked":["Pommel Strike","Body Slam"],"picked":"Perfected Strike","floor":5},{"not_picked":["Fire Breathing","Clash"],"picked":"Rampage","floor":6},{"not_picked":["Clash","Burning Pact","Uppercut"],"picked":"SKIP","floor":10},{"not_picked":["Cleave","Rage"],"picked":"Shrug It Off","floor":11},{"not_picked":["Shrug It Off","Entrench","Havoc"],"picked":"SKIP","floor":14},{"not_picked":["Seeing Red","True Grit"],"picked":"Inflame","floor":18},{"not_picked":["Spot Weakness","Thunderclap"],"picked":"Shrug It Off","floor":19},{"not_picked":["Havoc","Thunderclap+1","Iron Wave"],"picked":"SKIP","floor":21},{"not_picked":["Flex+1","Thunderclap","Perfected Strike"],"picked":"SKIP","floor":23}],"player_experience":373300,"relics_obtained":[{"floor":6,"key":"Whetstone"},{"floor":7,"key":"White Beast Statue"},{"floor":9,"key":"Dream Catcher"},{"floor":10,"key":"MawBank"},{"floor":23,"key":"Pen Nib"}],"event_choices":[{"damage_healed":20,"gold_gain":0,"player_choice":"Healed","damage_taken":0,"max_hp_gain":0,"max_hp_loss":0,"event_name":"The Cleric","floor":2,"gold_loss":35},{"damage_healed":0,"gold_gain":0,"player_choice":"Donut","damage_taken":0,"max_hp_gain":5,"max_hp_loss":0,"event_name":"Big Fish","floor":3,"gold_loss":0},{"cards_removed":["Strike_R"],"damage_healed":0,"gold_gain":0,"player_choice":"Purged","damage_taken":0,"max_hp_gain":0,"max_hp_loss":0,"event_name":"Purifier","floor":4,"gold_loss":0},{"damage_healed":0,"gold_gain":0,"player_choice":"Bought 0 Potions","damage_taken":0,"max_hp_gain":0,"max_hp_loss":0,"event_name":"The Woman in Blue","floor":20,"gold_loss":0},{"damage_healed":0,"gold_gain":0,"player_choice":"0 cards matched","damage_taken":0,"max_hp_gain":0,"max_hp_loss":0,"event_name":"Match and Keep!","floor":22,"gold_loss":0,"cards_obtained":[]}],"is_beta":false,"boss_relics":[{"not_picked":["Pandora\u0027s Box","Astrolabe"],"picked":"Black Blood"}],"items_purged_floors":[13],"is_endless":false,"potions_floor_spawned":[6,10,11,14,16,18,19,21,23],"killed_by":"Centurion and Healer","ascension_level":0}}