{"host":"i1ibt4vxe0effuru","time":1608575227,"event":{"mods":["AchievementEnabler","BaseMod","Card Forge","Challenge The Spire","Downfall","Friendly Minions","Jorbs\u0027s Wanderer Trilogy","Marisa????????","Minty Spire (QoL Compilation)","Quick Restart","READ ME - Guardian Mod","READ ME - Snecko Mod","Replay The Spire","Shop Mod","StSLib","The Animator","The Bug Knight","The Cursed","The Disciple","The Servant 0.9.4"],"gold_per_floor":[125,141,156,182,194,194,217,259,285,250,270,270,270,270,33,53,53,149,149,163,163,173,387,430,430,24,24,24,35,68,68,68,88,88,193,193,216,233,233,233],"floor_reached":39,"playtime":3513,"items_purged":["animator:Patchouli"],"score":430,"play_id":"a3c6298e-38e1-4faa-a450-e0027fe84df6","local_time":"20201222042707","is_ascension_mode":false,"campfire_choices":[{"data":"animator:Aqua","floor":6,"key":"SMITH"},{"data":"animator:Kaijin","floor":14,"key":"SMITH"},{"floor":17,"key":"REST"},{"floor":25,"key":"REST"},{"floor":27,"key":"REST"},{"floor":31,"key":"REST"},{"data":"animator:Tet","floor":34,"key":"SMITH"}],"circlet_count":0,"master_deck":["animator:Defend_Konosuba","animator:Defend","animator:Defend","animator:Defend","animator:Kazuma","animator:Aqua+1","animator:Guy","animator:Entoma+4","animator:AcuraAkari","animator:Verdia","animator:PandorasActor","animator:ChaikaBohdan","animator:Kaijin+1","animator:AcuraShin","animator:Mitsurugi","animator:Rimuru","animator:Tet+1","Bite","Bite","Bite","Bite","Bite","animator:Benimaru+1","animator:Viivi","animator:Megumin+5","animator:Guy","animator:Vesta+1","animator:Saber","animator:Darkness"],"relics":["animator:LivingPicture","animator:TheMissingPiece","Hammer of Thor","Seething Fire","Anvil of the Gods","StoneCalendar","Torii","animator:Buoy","Membership Card","Thread and Needle","Omamori","InkBottle","animator:ShionDessert","Velvet Choker"],"acts_visited":["Exordium","TheCity","TheBeyond"],"potions_floor_usage":[18,30,35],"damage_taken":[{"damage":0,"enemies":"Jaw Worm","floor":1,"turns":7},{"damage":0,"enemies":"2 Louse","floor":2,"turns":4},{"damage":3,"enemies":"Small Slimes","floor":3,"turns":6},{"damage":15,"enemies":"Gremlin Gang","floor":4,"turns":7},{"damage":7,"enemies":"Large Slime","floor":5,"turns":7},{"damage":8,"enemies":"Lots of Slimes","floor":7,"turns":5},{"damage":24,"enemies":"Lagavulin","floor":8,"turns":5},{"damage":0,"enemies":"2 Fungi Beasts","floor":11,"turns":5},{"damage":10,"enemies":"Large Slime","floor":16,"turns":5},{"damage":5,"enemies":"Hexaghost","floor":18,"turns":7},{"damage":12,"enemies":"Spheric Guardian","floor":20,"turns":5},{"damage":21,"enemies":"Shell Parasite","floor":22,"turns":6},{"damage":44,"enemies":"Sentry and Sphere","floor":24,"turns":6},{"damage":18,"enemies":"Snecko","floor":29,"turns":5},{"damage":34,"enemies":"Slavers","floor":30,"turns":7},{"damage":15,"enemies":"3 Cultists","floor":33,"turns":5},{"damage":37,"enemies":"Pondfish","floor":35,"turns":11},{"damage":7,"enemies":"3 Shapes","floor":37,"turns":4},{"damage":26,"enemies":"3 Darklings","floor":38,"turns":4},{"damage":39,"enemies":"Maw","floor":39,"turns":4}],"seed_played":"5486518257849303628","potions_obtained":[{"floor":2,"key":"Languid Potion"},{"floor":5,"key":"SkillPotion"},{"floor":11,"key":"LiquidBronze"},{"floor":20,"key":"sneckomod:MuddlingPotion"}],"is_trial":false,"path_per_floor":["M","M","M","M","M","R","M","E","T","?","M","PTL","PTL","R","$","M","R","B",null,"M","?","M","?","M","R","$","R","T","M","E","R","?","M","R","B",null,"M","M","M"],"character_chosen":"THE_ANIMATOR","items_purchased":["animator:Patchouli","Membership Card","animator:Megumin","Thread and Needle","Omamori"],"campfire_rested":4,"item_purchase_floors":[15,26,26,26,26],"current_hp_per_floor":[60,60,62,49,44,44,41,20,20,36,42,42,42,42,42,35,56,55,72,60,50,37,37,10,25,25,40,40,34,18,33,33,31,31,17,51,44,31,0,0],"gold":233,"neow_bonus":"ONE_RARE_RELIC","is_daily":false,"chose_seed":false,"campfire_upgraded":3,"win_rate":0.0,"timestamp":1608575227,"path_taken":["M","M","M","M","M","R","M","E","T","?","M","PTL","PTL","R","$","M","R","BOSS","M","?","M","?","M","R","$","R","T","?","E","R","?","?","R","BOSS","M","M","M"],"items_purchased_type":["Card","Relic","Card","Relic","Relic"],"build_version":"2020-12-13","purchased_purges":1,"victory":false,"max_hp_per_floor":[60,60,63,63,63,63,65,65,65,65,68,68,68,68,68,71,71,72,72,72,50,50,50,50,50,50,50,50,50,51,51,51,51,51,51,51,51,51,51,51],"card_choices":[{"not_picked":["animator:PandorasActor","animator:DolaRiku"],"picked":"animator:Guy","floor":1},{"not_picked":["animator:ElricAlphonse","animator:Millim"],"picked":"animator:Entoma","floor":2},{"not_picked":["animator:Entoma","animator:Millim"],"picked":"animator:AcuraAkari","floor":3},{"not_picked":["animator:Vanir","animator:Mitsurugi"],"picked":"animator:Verdia","floor":4},{"not_picked":["animator:Scar","animator:Lancer"],"picked":"animator:PandorasActor","floor":5},{"not_picked":["animator:Verdia","animator:Demiurge"],"picked":"animator:ChaikaBohdan","floor":7},{"not_picked":["animator:Gillette","animator:Caster"],"picked":"animator:Kaijin","floor":8},{"not_picked":["animator:Guy","animator:ChaikaBohdan"],"picked":"animator:AcuraShin","floor":11},{"not_picked":["animator:RoyMustang","animator:YunYun"],"picked":"animator:Mitsurugi","floor":16},{"not_picked":["animator:AcuraShin","animator:Father"],"picked":"animator:Rimuru","floor":18},{"not_picked":["animator:Verdia","animator:DolaRiku"],"picked":"animator:Tet","floor":20},{"not_picked":["animator:YunYun+1","animator:Sebas","animator:SakuraMatou"],"picked":"SKIP","floor":22},{"not_picked":["animator:Assassin","animator:Cocytus"],"picked":"animator:Benimaru+1","floor":23},{"not_picked":["animator:Guy","animator:AcuraTooru"],"picked":"animator:Viivi","floor":24},{"not_picked":["animator:Rider+1","animator:Cocytus"],"picked":"animator:Guy","floor":29},{"not_picked":["animator:Rider","animator:Kaijin+1"],"picked":"animator:Vesta+1","floor":30},{"not_picked":["animator:Illya","animator:AcuraShin","animator:NarberalGamma"],"picked":"SKIP","floor":33},{"not_picked":["animator:Shiro","animator:Rimuru"],"picked":"animator:Saber","floor":35},{"not_picked":["animator:Kazuma","animator:YunYun"],"picked":"animator:Darkness","floor":37},{"not_picked":["animator:Illya","animator:IzunaHatsuse+1","animator:Kazuma"],"picked":"SKIP","floor":38}],"player_experience":125322,"relics_obtained":[{"floor":8,"key":"Torii"},{"floor":9,"key":"animator:Buoy"},{"floor":28,"key":"InkBottle"},{"floor":30,"key":"animator:ShionDessert"}],"event_choices":[{"damage_healed":16,"gold_gain":0,"player_choice":"Healed","damage_taken":0,"max_hp_gain":0,"max_hp_loss":0,"event_name":"The Cleric","floor":10,"gold_loss":35},{"damage_healed":0,"gold_gain":0,"player_choice":"Became a vampire","damage_taken":0,"max_hp_gain":0,"max_hp_loss":22,"event_name":"Vampires","floor":21,"gold_loss":0,"cards_obtained":["Bite","Bite","Bite","Bite","Bite"]},{"damage_healed":0,"gold_gain":0,"player_choice":"Bought 0 Potions","damage_taken":0,"max_hp_gain":0,"max_hp_loss":0,"event_name":"The Woman in Blue","floor":32,"gold_loss":0}],"is_beta":false,"boss_relics":[{"not_picked":["Replay:Drink Me","Painkiller Herb","ReplayTheSpireMod:DimensionalGlitch"]},{"not_picked":["Honey Jar","Replay:Wanted Poster"],"picked":"Velvet Choker"}],"items_purged_floors":[15],"is_endless":false,"potions_floor_spawned":[2,5,11,16,20,33],"killed_by":"Maw","ascension_level":0}}