{"host":"fuszjwm6fqgjjp4d","time":1608529333,"event":{"mods":["BaseMod","Bestiary","Colored Map","DeckTracker","Minty Spire (QoL Compilation)","Permanent Neow","Relic Sorter","Relic Stats","StSLib"],"gold_per_floor":[118,118,128,138,148,180,180,180,180,198,225,237,262,284,296,385,397,420,449,210,226,226,226],"floor_reached":22,"playtime":16017,"items_purged":["Strike_P"],"score":360,"play_id":"21e01768-5ac6-4dcf-bd7d-c053d2530ede","local_time":"20201220234213","is_ascension_mode":true,"campfire_choices":[{"data":"Study","floor":7,"key":"SMITH"},{"floor":12,"key":"REST"},{"floor":15,"key":"REST"}],"circlet_count":0,"master_deck":["AscendersBane","Strike_P","Strike_P","Defend_P","Defend_P","Defend_P","Defend_P","Eruption","Vigilance","Alpha+1","Halt","Prostrate","Study+1","Protect","ConjureBlade","EmptyBody","FearNoEvil"],"relics":["PureWater","Ornamental Fan","The Courier","MawBank","Fusion Hammer","Regal Pillow"],"acts_visited":["Exordium","TheCity"],"potions_floor_usage":[11,16,18,21],"damage_taken":[{"damage":3.0,"enemies":"Cultist","floor":1.0,"turns":4.0},{"damage":11.0,"enemies":"Small Slimes","floor":3.0,"turns":5.0},{"damage":0,"enemies":"Jaw Worm","floor":4,"turns":4},{"damage":4,"enemies":"3 Louse","floor":5,"turns":3},{"damage":2,"enemies":"Lagavulin","floor":6,"turns":5},{"damage":2,"enemies":"2 Fungi Beasts","floor":10,"turns":4},{"damage":42,"enemies":"Gremlin Nob","floor":11,"turns":5},{"damage":4,"enemies":"Blue Slaver","floor":13,"turns":3},{"damage":13,"enemies":"Exordium Thugs","floor":14,"turns":6},{"damage":9,"enemies":"The Guardian","floor":16,"turns":9},{"damage":9,"enemies":"3 Byrds","floor":18,"turns":4},{"damage":15,"enemies":"Chosen","floor":19,"turns":6},{"damage":23,"enemies":"Centurion and Healer","floor":21,"turns":4},{"damage":20,"enemies":"Shelled Parasite and Fungi","floor":22,"turns":2}],"seed_played":"3566273540064134675","potions_obtained":[{"floor":4,"key":"Fruit Juice"},{"floor":6,"key":"FearPotion"},{"floor":14,"key":"SkillPotion"},{"floor":16,"key":"Block Potion"},{"floor":18,"key":"ColorlessPotion"}],"is_trial":false,"path_per_floor":["M","?","M","M","M","E","R","?","T","M","E","R","M","M","R","B",null,"M","M","$","M","M"],"character_chosen":"WATCHER","items_purchased":["Regal Pillow","FearNoEvil"],"campfire_rested":2,"item_purchase_floors":[20,20],"current_hp_per_floor":[58,58,47,47,43,41,41,41,41,39,2,23,19,6,27,18,59,50,35,35,12,0,0],"gold":226,"neow_bonus":"ONE_RANDOM_RARE_CARD","is_daily":false,"chose_seed":false,"campfire_upgraded":1,"win_rate":0.0,"timestamp":1608529333,"path_taken":["M","?","M","?","M","E","R","?","T","M","E","R","M","M","R","BOSS","M","M","$","M","M"],"items_purchased_type":["Relic","Card"],"build_version":"2020-12-13","purchased_purges":1,"victory":false,"max_hp_per_floor":[68,68,68,68,68,68,68,68,68,68,73,73,73,73,73,73,73,73,73,73,73,73,73],"relic_stats":{"Regal Pillow":0,"counters":[14,64],"Ornamental Fan":[0],"MawBank":108,"obtain_stats":[{"Regal Pillow":20,"Ornamental Fan":6,"The Courier":9,"Fusion Hammer":17,"PureWater":0,"MawBank":11},{"Regal Pillow":12,"Ornamental Fan":5,"The Courier":5,"Fusion Hammer":10,"PureWater":0,"MawBank":7},{"Regal Pillow":58,"Ornamental Fan":21,"The Courier":21,"Fusion Hammer":48,"PureWater":0,"MawBank":30}]},"card_choices":[{"not_picked":["EmptyBody","EmptyFist"],"picked":"Halt","floor":1.0},{"not_picked":["Consecrate","PathToVictory"],"picked":"Prostrate","floor":3.0},{"not_picked":["WaveOfTheHand","Conclude"],"picked":"Study","floor":4},{"not_picked":["CutThroughFate","FlurryOfBlows","FlyingSleeves"],"picked":"SKIP","floor":5},{"not_picked":["Vengeance","BattleHymn","CarveReality"],"picked":"SKIP","floor":6},{"not_picked":["Halt","Prostrate"],"picked":"Protect","floor":10},{"not_picked":["PathToVictory","WheelKick","Crescendo"],"picked":"SKIP","floor":11},{"not_picked":["EmptyMind","Adaptation","Swivel"],"picked":"SKIP","floor":13},{"not_picked":["Study","InnerPeace","WindmillStrike"],"picked":"SKIP","floor":14},{"not_picked":["MasterReality","DevaForm"],"picked":"ConjureBlade","floor":16},{"not_picked":["SashWhip","Indignation"],"picked":"EmptyBody","floor":18},{"not_picked":["BattleHymn","Crescendo","Weave+1"],"picked":"SKIP","floor":19},{"not_picked":["FlyingSleeves","WindmillStrike","FollowUp"],"picked":"SKIP","floor":21}],"player_experience":1175604,"relics_obtained":[{"floor":6,"key":"Ornamental Fan"},{"floor":9,"key":"The Courier"},{"floor":11,"key":"MawBank"}],"event_choices":[{"cards_removed":["Strike_P"],"damage_healed":0.0,"max_hp_gain":0.0,"max_hp_loss":0.0,"gold_gain":0.0,"event_name":"Bonfire Elementals","player_choice":"Offered Basic","floor":2.0,"gold_loss":0.0,"damage_taken":0.0},{"damage_healed":0,"gold_gain":0,"player_choice":"Grow","damage_taken":0,"max_hp_gain":0,"max_hp_loss":0,"event_name":"Living Wall","floor":8,"gold_loss":0,"cards_upgraded":["Alpha"]}],"is_beta":false,"boss_relics":[{"not_picked":["Astrolabe","Sozu"],"picked":"Fusion Hammer"}],"items_purged_floors":[20],"is_endless":false,"potions_floor_spawned":[4,6,14,16,18,19],"killed_by":"Shelled Parasite and Fungi","ascension_level":16}}