{"host":"xyexbe31ku0ov20l","time":1608540036,"event":{"mods":["AchievementEnabler","AlwaysNeverKeys","BaseMod","Bestiary","Block Reminder","Colored Map","Colored Powertips","Curses Come First","Displayed Cursed Tome","Minty Spire (QoL Compilation)","Permanent Neow","Quick Restart","Random Character Button","Rare Cards Sparkle","Relic Stats","StSLib"],"gold_per_floor":[118,118,134,148,162,162,197,197,197,197,216,246,17,27,27,129,129,140,140,152,77,154,154,165,199,199,219,219,219,219],"floor_reached":29,"playtime":1251,"items_purged":["Strike_P"],"score":357,"play_id":"ea392616-5335-4da1-856d-82bc791df4fc","local_time":"20201221004036","is_ascension_mode":true,"campfire_choices":[{"data":"Vigilance","floor":6.0,"key":"SMITH"},{"floor":8.0,"key":"REST"},{"data":"Scrawl","floor":10.0,"key":"SMITH"},{"floor":15.0,"key":"REST"},{"floor":23.0,"key":"REST"}],"circlet_count":0,"master_deck":["Strike_P","Strike_P","Strike_P","Defend_P","Defend_P","Defend_P","Defend_P","Eruption","Vigilance+1","PathToVictory","Scrawl+1","Mind Blast","Worship","Conclude","Evaluate","PathToVictory","Nirvana","EmptyFist","Magnetism+1","Feed","Cleave+1","Distraction","FollowUp","Heatsinks+1","Metallicize+1","Feed"],"relics":["SacredBark","Tiny Chest","Bag of Marbles","Frozen Egg 2","PrismaticShard","Philosopher\u0027s Stone","Lantern","Mercury Hourglass","Pen Nib","Smiling Mask"],"acts_visited":["Exordium","TheCity"],"potions_floor_usage":[],"damage_taken":[{"damage":0.0,"enemies":"Small Slimes","floor":1.0,"turns":4.0},{"damage":0.0,"enemies":"Cultist","floor":3.0,"turns":3.0},{"damage":2.0,"enemies":"Jaw Worm","floor":4.0,"turns":3.0},{"damage":6.0,"enemies":"Blue Slaver","floor":5.0,"turns":4.0},{"damage":22.0,"enemies":"3 Sentries","floor":7.0,"turns":6.0},{"damage":0.0,"enemies":"Looter","floor":11.0,"turns":2.0},{"damage":35.0,"enemies":"Lagavulin","floor":12.0,"turns":7.0},{"damage":2.0,"enemies":"Exordium Thugs","floor":14.0,"turns":4.0},{"damage":8.0,"enemies":"Slime Boss","floor":16.0,"turns":6.0},{"damage":35.0,"enemies":"3 Byrds","floor":18.0,"turns":4.0},{"damage":12.0,"enemies":"2 Thieves","floor":20.0,"turns":2.0},{"damage":0.0,"enemies":"Centurion and Healer","floor":24.0,"turns":4.0},{"damage":20.0,"enemies":"Slavers","floor":25.0,"turns":3.0},{"damage":21.0,"enemies":"Snake Plant","floor":27.0,"turns":3.0},{"damage":15,"enemies":"Sentry and Sphere","floor":29,"turns":3}],"seed_played":"-1341643187047019942","potions_obtained":[{"floor":4.0,"key":"Ambrosia"},{"floor":5.0,"key":"Energy Potion"},{"floor":16.0,"key":"ColorlessPotion"},{"floor":18.0,"key":"DuplicationPotion"},{"floor":24.0,"key":"LiquidMemories"}],"is_trial":false,"path_per_floor":["M","?","M","M","M","R","E","R","T","R","M","E","$","M","R","B",null,"M","?","M","?","T","R","M","E","T","M","?","M"],"character_chosen":"WATCHER","items_purchased":["PrismaticShard"],"campfire_rested":3,"item_purchase_floors":[13],"current_hp_per_floor":[65,65,65,63,57,57,35,56,56,56,56,21,21,19,40,32,62,30,30,21,21,21,44,44,27,27,9,9,0,0],"gold":219,"neow_bonus":"BOSS_RELIC","is_daily":false,"chose_seed":false,"campfire_upgraded":2,"win_rate":0.0,"timestamp":1608540036,"path_taken":["M","?","M","M","?","R","E","R","T","R","M","E","?","M","R","BOSS","M","?","M","?","?","R","M","E","T","M","?","?"],"items_purchased_type":["Relic"],"build_version":"2020-12-13","purchased_purges":1,"victory":false,"max_hp_per_floor":[72,72,72,72,72,72,72,72,72,72,72,72,72,72,72,72,72,75,75,78,78,78,78,78,81,81,84,84,87,87],"relic_stats":{"counters":[15,58],"Tiny Chest":1,"Pen Nib":[0],"Smiling Mask":0,"obtain_stats":[{"Lantern":19,"SacredBark":0,"Tiny Chest":7,"Philosopher\u0027s Stone":17,"Pen Nib":25,"Bag of Marbles":9,"PureWater":0,"Frozen Egg 2":12,"PrismaticShard":13,"Smiling Mask":26,"Mercury Hourglass":22},{"Lantern":10,"SacredBark":0,"Tiny Chest":5,"Philosopher\u0027s Stone":9,"Pen Nib":13,"Bag of Marbles":5,"PureWater":0,"Frozen Egg 2":7,"PrismaticShard":7,"Smiling Mask":13,"Mercury Hourglass":11},{"Lantern":43,"SacredBark":0,"Tiny Chest":20,"Philosopher\u0027s Stone":39,"Pen Nib":52,"Bag of Marbles":20,"PureWater":0,"Frozen Egg 2":29,"PrismaticShard":29,"Smiling Mask":52,"Mercury Hourglass":45}],"Mercury Hourglass":[51]},"card_choices":[{"not_picked":["Tantrum","Halt"],"picked":"PathToVictory","floor":1.0},{"not_picked":["JustLucky","WreathOfFlame"],"picked":"Worship","floor":3.0},{"not_picked":["Crescendo","JustLucky"],"picked":"Conclude","floor":4.0},{"not_picked":["SignatureMove","SashWhip"],"picked":"Evaluate","floor":5.0},{"not_picked":["Halt","InnerPeace"],"picked":"PathToVictory","floor":7.0},{"not_picked":["Crescendo","CutThroughFate"],"picked":"Nirvana","floor":11.0},{"not_picked":["Halt","WaveOfTheHand"],"picked":"EmptyFist","floor":12.0},{"not_picked":["Iron Wave","Cold Snap"],"picked":"Magnetism+1","floor":14.0},{"not_picked":["LessonLearned","Storm of Steel"],"picked":"Feed","floor":16.0},{"not_picked":["CutThroughFate","Dodge and Roll"],"picked":"Cleave+1","floor":18.0},{"not_picked":["JustLucky","Coolheaded"],"picked":"Distraction","floor":20.0},{"not_picked":["Hello World+1","SashWhip"],"picked":"FollowUp","floor":24.0},{"not_picked":["Streamline","Perfected Strike"],"picked":"Heatsinks+1","floor":25.0},{"not_picked":["Deadly Poison+1","Cleave"],"picked":"Metallicize+1","floor":27.0}],"player_experience":2260751,"relics_obtained":[{"floor":7.0,"key":"Tiny Chest"},{"floor":9.0,"key":"Bag of Marbles"},{"floor":12.0,"key":"Frozen Egg 2"},{"floor":22.0,"key":"Mercury Hourglass"},{"floor":25.0,"key":"Pen Nib"},{"floor":26.0,"key":"Smiling Mask"}],"event_choices":[{"damage_healed":0.0,"max_hp_gain":0.0,"max_hp_loss":0.0,"gold_gain":0.0,"event_name":"Match and Keep!","player_choice":"2 cards matched","floor":2.0,"gold_loss":0.0,"damage_taken":0.0,"cards_obtained":["Scrawl","Mind Blast"]},{"damage_healed":0.0,"max_hp_gain":0.0,"max_hp_loss":0.0,"gold_gain":0.0,"event_name":"The Mausoleum","player_choice":"Opened","floor":19.0,"gold_loss":0.0,"damage_taken":0.0,"relics_obtained":["Lantern"],"cards_obtained":["Writhe"]},{"cards_removed":["Writhe"],"damage_healed":0.0,"max_hp_gain":0.0,"max_hp_loss":0.0,"gold_gain":0.0,"event_name":"Beggar","player_choice":"Gave Gold","floor":21.0,"gold_loss":75.0,"damage_taken":0.0},{"damage_healed":0.0,"max_hp_gain":0.0,"max_hp_loss":0.0,"gold_gain":0.0,"event_name":"Duplicator","player_choice":"Copied","floor":28.0,"gold_loss":0.0,"damage_taken":0.0,"cards_obtained":["Feed"]}],"is_beta":false,"boss_relics":[{"not_picked":["Ectoplasm","VioletLotus"],"picked":"Philosopher\u0027s Stone"}],"items_purged_floors":[13],"is_endless":false,"potions_floor_spawned":[4,5,16,18,24],"killed_by":"Sentry and Sphere","ascension_level":6}}