{"host":"2yqfi47fogfu1ic4","time":1608581754,"event":{"mods":["AchievementEnabler","BaseMod","Colored Map","Colored Powertips","Highlight Path","Minty Spire (QoL Compilation)","Permanent Neow","Relic Stats","StSLib"],"gold_per_floor":[112,131,151,76,90,90,115,115,115,126,126,136,52,66,66,140,140,152,202,127,143,143,143,153,153,153,53,53,63,75,92,92,92,92],"floor_reached":33,"playtime":1764,"items_purged":["Strike_G","Strike_G"],"score":502,"play_id":"2cdb34ae-52eb-48a9-bf9d-af5cbe40dab7","local_time":"20201221211554","is_ascension_mode":true,"campfire_choices":[{"data":"Calculated Gamble","floor":6.0,"key":"SMITH"},{"floor":8.0,"key":"REST"},{"floor":15.0,"key":"REST"},{"floor":23.0,"key":"REST"},{"floor":25.0,"key":"REST"},{"floor":32,"key":"REST"}],"circlet_count":0,"master_deck":["AscendersBane","Defend_G","Defend_G","Defend_G","Defend_G","Survivor","Neutralize","Flying Knee+1","Underhanded Strike+1","Eviscerate+1","Tactician","After Image","Calculated Gamble+1","Unload","Masterful Stab+1","Eviscerate+1","Unload+1","Dagger Throw+1","Terror","PiercingWail","Escape Plan","Deflect","Leg Sweep"],"relics":["Astrolabe","Ornamental Fan","Molten Egg 2","Philosopher\u0027s Stone","Bag of Marbles"],"acts_visited":["Exordium","TheCity"],"potions_floor_usage":[33,33],"damage_taken":[{"damage":0.0,"enemies":"2 Louse","floor":1.0,"turns":2.0},{"damage":0.0,"enemies":"Small Slimes","floor":2.0,"turns":3.0},{"damage":6.0,"enemies":"Jaw Worm","floor":3.0,"turns":4.0},{"damage":15.0,"enemies":"Exordium Wildlife","floor":5.0,"turns":6.0},{"damage":20.0,"enemies":"3 Sentries","floor":7.0,"turns":10.0},{"damage":6.0,"enemies":"Lots of Slimes","floor":10.0,"turns":4.0},{"damage":0.0,"enemies":"Exordium Thugs","floor":12.0,"turns":3.0},{"damage":5.0,"enemies":"Blue Slaver","floor":14.0,"turns":2.0},{"damage":1.0,"enemies":"Slime Boss","floor":16.0,"turns":5.0},{"damage":35.0,"enemies":"Shell Parasite","floor":18.0,"turns":4.0},{"damage":8.0,"enemies":"2 Thieves","floor":21.0,"turns":3.0},{"damage":10.0,"enemies":"3 Cultists","floor":24.0,"turns":4.0},{"damage":11.0,"enemies":"Centurion and Healer","floor":29.0,"turns":6.0},{"damage":16.0,"enemies":"Snake Plant","floor":30.0,"turns":4.0},{"damage":5.0,"enemies":"Chosen and Byrds","floor":31.0,"turns":3.0},{"damage":52,"enemies":"Collector","floor":33,"turns":8}],"seed_played":"-6519914035884633254","potions_obtained":[{"floor":3.0,"key":"FearPotion"},{"floor":10.0,"key":"ColorlessPotion"},{"floor":14.0,"key":"AttackPotion"},{"floor":18.0,"key":"EntropicBrew"},{"floor":29.0,"key":"SpeedPotion"},{"floor":30.0,"key":"BlessingOfTheForge"}],"is_trial":false,"path_per_floor":["M","M","M","?","M","R","E","R","T","M","?","M","$","M","R","B",null,"M","?","$","M","?","R","M","R","T","$","$","M","M","M","R","B"],"character_chosen":"THE_SILENT","items_purchased":["Eviscerate+1"],"campfire_rested":5,"item_purchase_floors":[13],"current_hp_per_floor":[59,59,53,53,38,38,18,37,37,31,31,31,31,26,45,44,61,26,26,26,18,18,37,27,46,46,46,46,50,34,29,48,0,0],"gold":92,"neow_bonus":"BOSS_RELIC","is_daily":false,"chose_seed":false,"campfire_upgraded":1,"win_rate":0.0,"timestamp":1608581754,"path_taken":["M","M","M","?","M","R","E","R","T","M","?","M","$","M","R","BOSS","M","?","$","M","?","R","M","R","T","?","$","M","M","?","R","BOSS"],"items_purchased_type":["Card"],"build_version":"2020-12-13","purchased_purges":2,"victory":false,"max_hp_per_floor":[66,66,66,66,66,66,66,66,66,66,66,66,66,66,66,66,66,66,66,66,66,66,66,66,66,66,66,66,66,66,66,66,66,66],"relic_stats":{"counters":[16,71],"Ornamental Fan":[36],"Astrolabe":["Flying Knee","Underhanded Strike","Eviscerate"],"obtain_stats":[{"Ornamental Fan":7,"Astrolabe":0,"Molten Egg 2":9,"Philosopher\u0027s Stone":17,"Bag of Marbles":26,"Ring of the Snake":0},{"Ornamental Fan":5,"Astrolabe":0,"Molten Egg 2":5,"Philosopher\u0027s Stone":9,"Bag of Marbles":12,"Ring of the Snake":0},{"Ornamental Fan":25,"Astrolabe":0,"Molten Egg 2":25,"Philosopher\u0027s Stone":39,"Bag of Marbles":50,"Ring of the Snake":0}]},"card_choices":[{"not_picked":["Dodge and Roll","Sucker Punch"],"picked":"Tactician","floor":1.0},{"not_picked":["Flying Knee","Underhanded Strike"],"picked":"After Image","floor":2.0},{"not_picked":["Outmaneuver","Underhanded Strike","Dash"],"picked":"SKIP","floor":3.0},{"not_picked":["Deadly Poison","Slice"],"picked":"Calculated Gamble","floor":5.0},{"not_picked":["Cloak And Dagger","Footwork"],"picked":"Unload","floor":7.0},{"not_picked":["Finisher+1","Caltrops"],"picked":"Masterful Stab+1","floor":10.0},{"not_picked":["Deadly Poison","Slice+1","Quick Slash+1"],"picked":"SKIP","floor":12.0},{"not_picked":["Expertise","Flying Knee+1","PiercingWail"],"picked":"SKIP","floor":14.0},{"not_picked":["Night Terror","Bullet Time"],"picked":"Unload+1","floor":16.0},{"not_picked":["Blade Dance","PiercingWail+1"],"picked":"Dagger Throw+1","floor":18.0},{"not_picked":["Deflect+1","Blade Dance"],"picked":"Terror","floor":21.0},{"not_picked":["Finisher+1","Prepared"],"picked":"PiercingWail","floor":24.0},{"not_picked":["Heel Hook+1","Cloak And Dagger"],"picked":"Escape Plan","floor":29.0},{"not_picked":["Choke+1","Caltrops"],"picked":"Deflect","floor":30.0},{"not_picked":["Infinite Blades+1","PiercingWail+1"],"picked":"Leg Sweep","floor":31}],"player_experience":1809290,"relics_obtained":[{"floor":7.0,"key":"Ornamental Fan"},{"floor":9.0,"key":"Molten Egg 2"},{"floor":26.0,"key":"Bag of Marbles"}],"event_choices":[{"cards_removed":["Strike_G"],"damage_healed":0.0,"max_hp_gain":0.0,"max_hp_loss":0.0,"gold_gain":0.0,"event_name":"The Cleric","player_choice":"Card Removal","floor":4.0,"gold_loss":75.0,"damage_taken":0.0},{"damage_healed":0.0,"max_hp_gain":0.0,"max_hp_loss":0.0,"gold_gain":0.0,"event_name":"Shining Light","player_choice":"Ignored","floor":11.0,"gold_loss":0.0,"damage_taken":0.0},{"damage_healed":0.0,"max_hp_gain":0.0,"max_hp_loss":0.0,"gold_gain":50.0,"event_name":"Nest","player_choice":"Stole From Cult","floor":19.0,"gold_loss":0.0,"damage_taken":0.0},{"damage_healed":0.0,"max_hp_gain":0.0,"max_hp_loss":0.0,"gold_gain":0.0,"event_name":"Cursed Tome","player_choice":"Ignored","floor":22.0,"gold_loss":0.0,"damage_taken":0.0}],"is_beta":false,"boss_relics":[{"not_picked":["Cursed Key","Sozu"],"picked":"Philosopher\u0027s Stone"}],"items_purged_floors":[20,27],"is_endless":false,"potions_floor_spawned":[3,10,14,18,29,30],"killed_by":"Collector","ascension_level":20}}