{"host":"2lo6hma6kymb0g9i","time":1608536853,"event":{"mods":["BaseMod","Colored Map","DeckTracker","Minty Spire (QoL Compilation)"],"gold_per_floor":[113,113,113,38,38,73,93,124,150,150,150,150],"floor_reached":11,"playtime":381,"items_purged":["Strike_G"],"score":203,"play_id":"ca741a0d-f7d5-456c-bcea-5d3a327622f0","local_time":"20201221164733","is_ascension_mode":true,"campfire_choices":[{"floor":10,"key":"DIG"}],"circlet_count":0,"master_deck":["AscendersBane","Strike_G","Strike_G","Strike_G+1","Strike_G","Defend_G","Defend_G","Defend_G+1","Defend_G","Defend_G","Survivor","Neutralize","Footwork","Backstab","Tactician"],"relics":["Ring of the Snake","NeowsBlessing","Tiny Chest","Shovel","Ancient Tea Set","Bottled Flame"],"acts_visited":["Exordium"],"potions_floor_usage":[],"damage_taken":[{"damage":0,"enemies":"2 Louse","floor":1,"turns":1},{"damage":0,"enemies":"Gremlin Nob","floor":6,"turns":1},{"damage":0,"enemies":"Small Slimes","floor":7,"turns":1},{"damage":30,"enemies":"3 Sentries","floor":8,"turns":19},{"damage":14,"enemies":"Lagavulin","floor":11,"turns":6}],"seed_played":"8897789872409184909","potions_obtained":[{"floor":8,"key":"Ancient Potion"}],"is_trial":false,"path_per_floor":["M","?","?","$","?","E","M","E","T","R","E"],"character_chosen":"THE_SILENT","items_purchased":[],"campfire_rested":0,"item_purchase_floors":[],"current_hp_per_floor":[59,64,43,43,43,43,43,13,13,13,0,0],"gold":150,"neow_bonus":"THREE_ENEMY_KILL","is_daily":false,"chose_seed":false,"campfire_upgraded":0,"win_rate":0.0,"timestamp":1608536853,"path_taken":["M","?","?","$","?","E","?","E","T","R","E"],"items_purchased_type":[],"build_version":"2020-12-13","purchased_purges":1,"victory":false,"max_hp_per_floor":[66,71,71,71,71,71,71,71,71,71,71,71],"card_choices":[{"not_picked":["Prepared","Backflip"],"picked":"Footwork","floor":1},{"not_picked":["Sucker Punch","Crippling Poison"],"picked":"Backstab","floor":6},{"not_picked":["Eviscerate","Distraction"],"picked":"Tactician","floor":7},{"not_picked":["Envenom","Dodge and Roll","Infinite Blades"],"picked":"SKIP","floor":8}],"player_experience":857703,"relics_obtained":[{"floor":6,"key":"Tiny Chest"},{"floor":8,"key":"Shovel"},{"floor":9,"key":"Ancient Tea Set"},{"floor":10,"key":"Bottled Flame"}],"event_choices":[{"damage_healed":0,"gold_gain":0,"player_choice":"Donut","damage_taken":0,"max_hp_gain":5,"max_hp_loss":0,"event_name":"Big Fish","floor":2,"gold_loss":0},{"damage_healed":0,"gold_gain":0,"player_choice":"Entered Light","damage_taken":21,"max_hp_gain":0,"max_hp_loss":0,"event_name":"Shining Light","floor":3,"gold_loss":0,"cards_upgraded":["Defend_G","Strike_G"]},{"damage_healed":0,"gold_gain":0,"player_choice":"Fled","damage_taken":0,"max_hp_gain":0,"max_hp_loss":0,"event_name":"Scrap Ooze","floor":5,"gold_loss":0}],"is_beta":false,"boss_relics":[],"items_purged_floors":[4],"is_endless":false,"potions_floor_spawned":[8],"killed_by":"Lagavulin","ascension_level":19}}