{"host":"25hwxgnshg5vqzox","time":1608571136,"event":{"mods":["BaseMod","Colored Map","Downfall","Googly Eyes","Highlight Path","Minty Spire (QoL Compilation)","Replay The Spire","StSLib"],"gold_per_floor":[0,0,27,37,55,55,80,5,16,50,150,150,222,237,256,358,358,283,161,161,175,175,160,160,153,189,114,130,149,165,165,165,268,368,418,418,418,403,416,432,432,432,792,792,792,792,498,498,508,508,508,508,508,508],"floor_reached":52,"playtime":3179,"items_purged":[],"score":726,"play_id":"9a876c66-20d8-4030-9be2-f092285ef373","local_time":"20201221171856","is_ascension_mode":false,"campfire_choices":[{"floor":1,"key":"RECALL"},{"floor":6,"key":"REST"},{"floor":8,"key":"REST"},{"data":"hexamod:HexaLevel","floor":18,"key":"SMITH"},{"data":"hexamod:VolcanoVisage","floor":20,"key":"SMITH"},{"floor":27,"key":"REST"},{"floor":42,"key":"REST"}],"circlet_count":0,"master_deck":["hexamod:Strike","hexamod:Strike","hexamod:Strike","hexamod:Strike","hexamod:Defend+1","hexamod:Defend","hexamod:Defend","hexamod:Defend","hexamod:Sear","hexamod:Float","hexamod:VolcanoVisage+1","hexamod:Firestarter","hexamod:EmpoweredFlame","hexamod:FastForward","hexamod:FourthSeal","hexamod:CatchUp","hexamod:SwordOfDarkness","hexamod:Firestarter","hexamod:NightmareGuise","hexamod:DynamicBlow","hexamod:EmpoweredFlame","hexamod:HexaLevel+1","hexamod:ThermalTransfer","hexamod:NightmareGuise","hexamod:FlamesFromBeyond","hexamod:BurningTouch+1","hexamod:GhostShield+1","hexamod:TimeWarp","hexamod:Hexaguard+1","hexamod:ChargedBarrage+1","hexamod:FirstSeal","hexamod:CatchUp","hexamod:SpectersWail+1","hexamod:HauntingEcho","hexamod:SpectersWail","hexamod:SearingWound","hexamod:GhostShield","hexamod:Hexaguard","hexamod:RainOfEmbers+1","hexamod:FirstSeal","hexamod:GhostShield"],"relics":["hexamod:MatchstickCase","Vajra","downfall:HeartBlessingRed","Onion Ring","Letter Opener","SlaversCollar","downfall:HeartBlessingBlue","Nloth\u0027s Gift","Iron Hammer","hexamod:TheBrokenSeal","Replay:Multitool","downfall:HeartBlessingGreen","Replay:Wanted Poster","CaptainsWheel","Garlic","Bag of Marbles","Nunchaku"],"acts_visited":["Exordium","TheCity","TheBeyond","TheEnding"],"potions_floor_usage":[10,14,14,15,26,32,33,35,50,52,52],"damage_taken":[{"damage":31,"enemies":"Gremlin Nob","floor":3,"turns":5},{"damage":0,"enemies":"Jaw Worm","floor":4,"turns":3},{"damage":0,"enemies":"2 Louse","floor":5,"turns":3},{"damage":0,"enemies":"Cultist","floor":9,"turns":3},{"damage":15,"enemies":"Lagavulin","floor":10,"turns":6},{"damage":8,"enemies":"Blue Slaver","floor":14,"turns":3},{"damage":5,"enemies":"Exordium Thugs","floor":15,"turns":6},{"damage":10,"enemies":"downfall:Watcher","floor":16,"turns":8},{"damage":2,"enemies":"downfall:FleeingMerchant","floor":19,"turns":4},{"damage":10,"enemies":"Shell Parasite","floor":21,"turns":7},{"damage":0,"enemies":"downfall:FleeingMerchant","floor":23,"turns":4},{"damage":0,"enemies":"downfall:FleeingMerchant","floor":25,"turns":4},{"damage":80,"enemies":"Book of Stabbing","floor":26,"turns":7},{"damage":0,"enemies":"Chosen","floor":28,"turns":3},{"damage":14,"enemies":"Snecko","floor":29,"turns":4},{"damage":18,"enemies":"3 Cultists","floor":30,"turns":5},{"damage":0,"enemies":"Snake Plant","floor":32,"turns":2},{"damage":50,"enemies":"downfall:Silent","floor":33,"turns":6},{"damage":35,"enemies":"Mind Bloom Boss Battle","floor":35,"turns":4},{"damage":0,"enemies":"downfall:FleeingMerchant","floor":38,"turns":4},{"damage":8,"enemies":"3 Darklings","floor":39,"turns":6},{"damage":11,"enemies":"3 Shapes","floor":40,"turns":3},{"damage":1,"enemies":"downfall:FleeingMerchant","floor":43,"turns":4},{"damage":22,"enemies":"3 Darklings","floor":49,"turns":3},{"damage":7,"enemies":"downfall:Defect","floor":50,"turns":7},{"damage":131,"enemies":"downfall:CharBossMerchant","floor":52,"turns":8}],"seed_played":"6709362589916623596","potions_obtained":[{"floor":3,"key":"PowerPotion"},{"floor":5,"key":"Venom Potion"},{"floor":9,"key":"GamblersBrew"},{"floor":10,"key":"Flashbang"},{"floor":14,"key":"SmokeBomb"},{"floor":14,"key":"SpeedPotion"},{"floor":15,"key":"AttackPotion"},{"floor":15,"key":"Venom Potion"},{"floor":16,"key":"CultistPotion"},{"floor":28,"key":"DuplicationPotion"},{"floor":33,"key":"Reflective Coating"},{"floor":35,"key":"Energy Potion"},{"floor":36,"key":"LifebloodPotion"},{"floor":36,"key":"Weak Potion"}],"is_trial":false,"path_per_floor":["R","?","E","M","M","R","T","R","M","E","?","?","T","M","M","B",null,"R","$","R","M","?","$","T","$","E","R","M","M","M","?","M","B",null,"R","?","R","$","M","M","T","R","$","R","?","?","$","?","M","B",null,"E"],"character_chosen":"THE_SPIRIT","items_purchased":["hexamod:SecondSeal","hexamod:FlamesFromBeyond","Bag of Marbles","Nunchaku"],"campfire_rested":4,"item_purchase_floors":[19,19,47,47],"current_hp_per_floor":[70,52,21,21,21,42,42,63,63,48,48,48,48,40,35,25,70,80,78,78,68,68,68,68,75,50,77,77,63,52,52,52,2,90,62,62,62,62,61,57,57,84,90,83,83,83,83,83,61,61,90,0,0,0],"gold":508,"neow_bonus":"THREE_RARE_CARDS","is_daily":false,"chose_seed":false,"campfire_upgraded":2,"win_rate":0.0,"timestamp":1608571136,"path_taken":["R","?","E","M","M","R","T","R","M","E","?","?","?","?","M","BOSS","R","$","R","M","?","$","T","?","E","R","M","M","M","?","M","BOSS","R","?","R","?","M","M","T","R","$","R","?","?","$","?","M","BOSS","E"],"items_purchased_type":["Card","Card","Relic","Relic"],"build_version":"2020-12-13","purchased_purges":0,"victory":false,"max_hp_per_floor":[70,70,70,70,70,70,70,70,70,70,70,70,70,70,70,70,70,80,80,80,80,80,80,80,80,90,90,90,90,90,90,90,90,90,90,90,90,90,90,90,90,90,90,90,90,90,90,90,90,90,90,90,90,90],"card_choices":[{"not_picked":["hexamod:ParanormalForm","hexamod:WildfireWeapon"],"picked":"hexamod:VolcanoVisage","floor":0},{"not_picked":["hexamod:ExtraCrispy","hexamod:NecessarySacrifice"],"picked":"hexamod:Firestarter","floor":3},{"not_picked":["hexamod:NecessarySacrifice","hexamod:DynamicBlow"],"picked":"hexamod:ThirdSeal","floor":4},{"not_picked":["hexamod:PhantomFireball","hexamod:ExtraCrispy"],"picked":"hexamod:EmpoweredFlame","floor":5},{"not_picked":["hexamod:ThermalTransfer","hexamod:SpectersWail"],"picked":"hexamod:FourthSeal","floor":5},{"not_picked":["hexamod:BurningTouch","hexamod:AdvancingGuard"],"picked":"hexamod:FastForward","floor":9},{"not_picked":["hexamod:Hexaguard","hexamod:NightmareStrike"],"picked":"hexamod:FourthSeal","floor":9},{"not_picked":["hexamod:HeatMetal","hexamod:PhantomCloak"],"picked":"hexamod:CatchUp","floor":10},{"not_picked":["hexamod:Rewind","hexamod:BurningTouch"],"picked":"hexamod:SwordOfDarkness","floor":10},{"not_picked":["hexamod:AdvancingGuard","hexamod:GhostOfSpireFuture"],"picked":"hexamod:Firestarter","floor":14},{"not_picked":["hexamod:InspiringFlames","hexamod:SpectralAdrenaline"],"picked":"hexamod:NightmareGuise","floor":14},{"not_picked":["hexamod:Incineration","hexamod:Hexaguard"],"picked":"hexamod:DynamicBlow","floor":15},{"not_picked":["hexamod:PowerFromBeyond","hexamod:SkipABeat"],"picked":"hexamod:EmpoweredFlame","floor":15},{"not_picked":["hexamod:VolcanoVisage","hexamod:UnleashSpirits"],"picked":"hexamod:HexaLevel","floor":16},{"not_picked":["hexamod:VolcanoVisage","hexamod:UnleashSpirits"],"picked":"hexamod:FifthSeal","floor":16},{"not_picked":["hexamod:DynamicBlow","hexamod:NecessarySacrifice"],"picked":"hexamod:ThermalTransfer","floor":19},{"not_picked":["hexamod:BacktrackSmack+1","hexamod:GhostOfSpirePresent"],"picked":"hexamod:NightmareGuise","floor":19},{"not_picked":["hexamod:Haunt","hexamod:NecessarySacrifice+1"],"picked":"hexamod:BurningTouch+1","floor":21},{"not_picked":["hexamod:InspiringFlames+1","hexamod:AdvancingGuard"],"picked":"hexamod:GhostShield+1","floor":23},{"not_picked":["hexamod:ThirdSeal","hexamod:SecondSeal"],"picked":"hexamod:FirstSeal","floor":23},{"not_picked":["hexamod:BurningTouch","hexamod:InspiringFlames"],"picked":"hexamod:TimeWarp","floor":23},{"not_picked":["hexamod:SecondSeal","hexamod:ThirdSeal"],"picked":"hexamod:SixthSeal","floor":25},{"not_picked":["hexamod:BacktrackSmack+1","hexamod:SkipABeat+1"],"picked":"hexamod:Hexaguard+1","floor":25},{"not_picked":["hexamod:Hexaguard","hexamod:FourthSeal"],"picked":"hexamod:ChargedBarrage+1","floor":25},{"not_picked":["hexamod:FourthSeal","hexamod:SecondSeal"],"picked":"hexamod:FirstSeal","floor":26},{"not_picked":["hexamod:GhostOfSpirePast","hexamod:PhantomCloak"],"picked":"hexamod:CatchUp","floor":26},{"not_picked":["hexamod:NecessarySacrifice","hexamod:Incineration"],"picked":"hexamod:SpectersWail+1","floor":28},{"not_picked":["hexamod:InspiringFlames","hexamod:NightmareStrike"],"picked":"hexamod:HauntingEcho","floor":29},{"not_picked":["hexamod:Firestarter","hexamod:PhantomFireball"],"picked":"hexamod:SpectersWail","floor":30},{"not_picked":["hexamod:WildfireWeapon","hexamod:FifthSeal"],"picked":"hexamod:SearingWound","floor":33},{"not_picked":["hexamod:BacktrackSmack+1","hexamod:PhantomCloak"],"picked":"hexamod:GhostShield","floor":35},{"not_picked":["hexamod:StepThrough+1","hexamod:BurningTouch+1","hexamod:Firestarter+1"],"picked":"SKIP","floor":38},{"not_picked":["hexamod:BurningTouch","hexamod:PowerFromBeyond"],"picked":"hexamod:Hexaguard","floor":39},{"not_picked":["hexamod:SwordOfDarkness","hexamod:SecondSeal"],"picked":"hexamod:RainOfEmbers+1","floor":40},{"not_picked":["hexamod:FastForward","hexamod:HauntingEcho","hexamod:GhostOfSpireFuture"],"picked":"SKIP","floor":43},{"not_picked":["hexamod:PhantomFireball","hexamod:PhantomCloak"],"picked":"hexamod:GhostShield","floor":49}],"player_experience":38358,"relics_obtained":[{"floor":3,"key":"Vajra"},{"floor":10,"key":"Onion Ring"},{"floor":13,"key":"Letter Opener"},{"floor":24,"key":"Iron Hammer"},{"floor":26,"key":"Replay:Multitool"},{"floor":35,"key":"CaptainsWheel"},{"floor":41,"key":"Garlic"}],"event_choices":[{"damage_healed":0,"gold_gain":0,"player_choice":"Success","damage_taken":18,"relics_obtained":["hexamod:MatchstickCase"],"max_hp_gain":0,"max_hp_loss":0,"event_name":"Scrap Ooze","floor":2,"gold_loss":0},{"damage_healed":0,"gold_gain":0,"player_choice":"Got Potions","damage_taken":0,"max_hp_gain":0,"max_hp_loss":0,"event_name":"Lab","floor":36,"gold_loss":0},{"damage_healed":0,"gold_gain":0,"player_choice":"Leave","damage_taken":0,"max_hp_gain":0,"max_hp_loss":0,"event_name":"FaceTrader","floor":37,"gold_loss":0},{"damage_healed":0,"gold_gain":0,"player_choice":"Ignored","damage_taken":0,"max_hp_gain":0,"max_hp_loss":0,"event_name":"Mysterious Sphere","floor":48,"gold_loss":0}],"is_beta":false,"boss_relics":[{"not_picked":["Ectoplasm","Coffee Dripper"],"picked":"SlaversCollar"},{"not_picked":["Sozu","Black Star"],"picked":"Replay:Wanted Poster"}],"items_purged_floors":[],"is_endless":false,"potions_floor_spawned":[3,5,9,15,16,28,29,32,33,35,49],"killed_by":"downfall:CharBossMerchant","ascension_level":0}}