{"host":"12piqfhmdln9x2la","time":1608575164,"event":{"mods":["2.2 Compatiblity","AchievementEnabler","BaseMod","BetterRewards","Colored Powertips","Minty Spire (QoL Compilation)","Quick Restart","SuperFastMode"],"gold_per_floor":[116,116,116,116,139,175,175,196,196,196,219,242,277,293,293,423,423,417,269,284,41,41,41,79,79,79,79,79,79],"floor_reached":28,"playtime":445,"items_purged":["Regret"],"score":298,"play_id":"4754af97-029d-40e1-9a22-3bbf9096580e","local_time":"20201222032604","is_ascension_mode":true,"campfire_choices":[{"data":"Rampage","floor":7,"key":"SMITH"},{"data":"Infernal Blade","floor":10,"key":"SMITH"},{"data":"Hemokinesis","floor":15,"key":"SMITH"},{"floor":23,"key":"RECALL"},{"data":"Flex","floor":27,"key":"SMITH"}],"circlet_count":0,"master_deck":["Strike_R","Strike_R","Strike_R","Strike_R","Defend_R","Defend_R","Defend_R","Defend_R","Bash","Infernal Blade+1","Hemokinesis+1","Rampage+1","Pommel Strike","Rupture","Twin Strike","Brutality","Rampage","Flex+1","Anger","Flex"],"relics":["Burning Blood","NeowsBlessing","Golden Idol","Torii","Singing Bowl","Question Card","Ancient Tea Set","Busted Crown","Vajra","Lizard Tail","Nilry\u0027s Codex","Oddly Smooth Stone"],"acts_visited":["Exordium","TheCity"],"potions_floor_usage":[13,16,16,24],"damage_taken":[{"damage":0,"enemies":"2 Louse","floor":1,"turns":1},{"damage":0,"enemies":"Jaw Worm","floor":5,"turns":1},{"damage":0,"enemies":"Lagavulin","floor":6,"turns":1},{"damage":2,"enemies":"Cultist","floor":8,"turns":3},{"damage":4,"enemies":"2 Fungi Beasts","floor":11,"turns":3},{"damage":18,"enemies":"Blue Slaver","floor":12,"turns":2},{"damage":20,"enemies":"Gremlin Nob","floor":13,"turns":3},{"damage":10,"enemies":"3 Louse","floor":14,"turns":2},{"damage":59,"enemies":"The Guardian","floor":16,"turns":8},{"damage":27,"enemies":"2 Thieves","floor":18,"turns":4},{"damage":39,"enemies":"Shell Parasite","floor":20,"turns":4},{"damage":40,"enemies":"Book of Stabbing","floor":24,"turns":4},{"damage":49,"enemies":"Gremlin Leader","floor":28,"turns":3}],"seed_played":"-3867078038028223498","potions_obtained":[{"floor":1,"key":"LiquidMemories"},{"floor":6,"key":"FairyPotion"},{"floor":11,"key":"SkillPotion"},{"floor":13,"key":"DistilledChaos"},{"floor":16,"key":"Regen Potion"}],"is_trial":false,"path_per_floor":["M","?","?","?","M","E","R","M","T","R","M","M","E","M","R","B",null,"M","$","M","$","?","R","E","?","T","R","E"],"character_chosen":"IRONCLAD","items_purchased":["Rampage","Vajra","Flex","Anger"],"campfire_rested":0,"item_purchase_floors":[19,21,21,21],"current_hp_per_floor":[80,60,60,53,59,65,65,71,71,71,73,63,49,45,45,20,84,65,65,34,34,34,34,14,45,45,45,0,0],"gold":79,"neow_bonus":"THREE_ENEMY_KILL","is_daily":false,"chose_seed":false,"campfire_upgraded":4,"win_rate":0.0,"timestamp":1608575164,"path_taken":["M","?","?","?","M","E","R","M","T","R","M","M","E","?","R","BOSS","M","$","?","$","?","R","E","?","T","R","E"],"items_purchased_type":["Card","Relic","Card","Card"],"build_version":"2020-12-13","purchased_purges":1,"victory":false,"max_hp_per_floor":[80,80,80,80,80,80,80,82,82,82,82,84,84,84,84,84,84,86,86,88,88,88,88,90,90,90,90,90,90],"card_choices":[{"not_picked":["Metallicize","Blood for Blood"],"picked":"Infernal Blade","floor":1},{"not_picked":["Reckless Charge","Intimidate"],"picked":"Hemokinesis","floor":5},{"not_picked":["Headbutt","Havoc"],"picked":"Rampage","floor":6},{"not_picked":["Carnage","Anger","Ghostly Armor"],"picked":"Singing Bowl","floor":8},{"not_picked":["Body Slam","Shrug It Off","Sword Boomerang"],"picked":"Pommel Strike","floor":11},{"not_picked":["Headbutt","Sentinel","Evolve","Sword Boomerang"],"picked":"Singing Bowl","floor":12},{"not_picked":["Brutality","Pommel Strike","Rampage"],"picked":"Rupture","floor":13},{"not_picked":["Dual Wield","Sword Boomerang","Carnage"],"picked":"Twin Strike","floor":14},{"not_picked":["Berserk","Fiend Fire","Immolate"],"picked":"Brutality","floor":16},{"not_picked":["Reckless Charge","Whirlwind"],"picked":"Singing Bowl","floor":18},{"not_picked":["Perfected Strike","Anger"],"picked":"Singing Bowl","floor":20},{"not_picked":["Burning Pact","Dropkick+1"],"picked":"Singing Bowl","floor":24}],"player_experience":109733,"relics_obtained":[{"floor":6,"key":"Singing Bowl"},{"floor":9,"key":"Question Card"},{"floor":13,"key":"Ancient Tea Set"},{"floor":24,"key":"Lizard Tail"},{"floor":25,"key":"Nilry\u0027s Codex"},{"floor":26,"key":"Oddly Smooth Stone"}],"event_choices":[{"damage_healed":0,"gold_gain":0,"player_choice":"Take Damage","damage_taken":20,"relics_obtained":["Golden Idol"],"max_hp_gain":0,"max_hp_loss":0,"event_name":"Golden Idol","floor":2,"gold_loss":0},{"damage_healed":0,"gold_gain":0,"player_choice":"Box","damage_taken":0,"relics_obtained":["Torii"],"max_hp_gain":0,"max_hp_loss":0,"event_name":"Big Fish","floor":3,"gold_loss":0,"cards_obtained":["Regret"]},{"cards_removed":["Strike_R"],"damage_healed":0,"gold_gain":0,"player_choice":"Card Removal","damage_taken":7,"max_hp_gain":0,"max_hp_loss":0,"event_name":"Golden Wing","floor":4,"gold_loss":0},{"damage_healed":0,"gold_gain":0,"player_choice":"Read","damage_taken":0,"max_hp_gain":0,"max_hp_loss":0,"event_name":"The Library","floor":22,"gold_loss":0,"cards_obtained":["Flex"]},{"damage_healed":0,"gold_gain":0,"player_choice":"Obtained Book","damage_taken":16,"max_hp_gain":0,"max_hp_loss":0,"event_name":"Cursed Tome","floor":25,"gold_loss":0}],"is_beta":false,"boss_relics":[{"not_picked":["Empty Cage","Runic Cube"],"picked":"Busted Crown"}],"items_purged_floors":[19],"is_endless":false,"potions_floor_spawned":[1,6,11,13,16],"killed_by":"Gremlin Leader","ascension_level":2}}