{"host":"omv42op7s93bjjql","time":1608571113,"event":{"mods":["BaseMod","Colored Map","Colored Powertips","DeckTracker","Keyboard Shortcuts","Minty Spire (QoL Compilation)","StSLib","SuperFastMode"],"gold_per_floor":[118,118,193,343,93,121,121,149,202,222,241,261,261,287,287,364,364,379,396,321,77,77,77,352,352,377,394,422,436,72,122,122,194,194,209,27,27,38,56,56,385,396,464,464,464,464,464,479,479,479,479],"floor_reached":50,"playtime":2191,"items_purged":["Doubt","Regret","Strike_P"],"score":1280,"play_id":"078bf697-b508-4173-ae70-1327659e101d","local_time":"20201222021833","is_ascension_mode":true,"campfire_choices":[{"data":"Eruption","floor":7,"key":"SMITH"},{"data":"EmptyMind","floor":15,"key":"SMITH"},{"data":"Establishment","floor":23,"key":"SMITH"},{"data":"TalkToTheHand","floor":25,"key":"SMITH"},{"data":"Worship","floor":32,"key":"SMITH"},{"data":"Adaptation","floor":40,"key":"SMITH"},{"floor":45,"key":"REST"},{"floor":49,"key":"RECALL"}],"circlet_count":0,"master_deck":["AscendersBane","Strike_P","Strike_P+1","Defend_P","Defend_P","Eruption+1","Vigilance+1","WheelKick","Tantrum","EmptyMind+1","ClearTheMind","FearNoEvil","FlurryOfBlows","Worship+1","Establishment+1","Wallop","Halt","TalkToTheHand+1","Swivel","DeusExMachina","Adaptation+1","DevaForm","FlurryOfBlows","TalkToTheHand+1"],"relics":["PureWater","NeowsBlessing","Boot","Potion Belt","Toy Ornithopter","Happy Flower","Runic Pyramid","Medical Kit","Bag of Preparation","Mummified Hand","Lantern","Busted Crown","Old Coin","Peace Pipe"],"acts_visited":["Exordium","TheCity","TheBeyond"],"potions_floor_usage":[12,14,16,28,28,33,35,41,48,50,50],"damage_taken":[{"damage":0.0,"enemies":"Cultist","floor":1.0,"turns":1.0},{"damage":0,"enemies":"Lagavulin","floor":6,"turns":1},{"damage":0,"enemies":"Gremlin Nob","floor":8,"turns":1},{"damage":0,"enemies":"Small Slimes","floor":10,"turns":2},{"damage":7,"enemies":"Jaw Worm","floor":11,"turns":3},{"damage":0,"enemies":"Lots of Slimes","floor":12,"turns":2},{"damage":0,"enemies":"Lagavulin","floor":14,"turns":2},{"damage":31,"enemies":"Hexaghost","floor":16,"turns":7},{"damage":0,"enemies":"Spheric Guardian","floor":18,"turns":2},{"damage":3,"enemies":"3 Byrds","floor":19,"turns":4},{"damage":8,"enemies":"Sentry and Sphere","floor":27,"turns":3},{"damage":5,"enemies":"Gremlin Leader","floor":28,"turns":4},{"damage":12,"enemies":"Chosen and Byrds","floor":29,"turns":4},{"damage":15,"enemies":"Automaton","floor":33,"turns":7},{"damage":2,"enemies":"3 Darklings","floor":35,"turns":3},{"damage":9,"enemies":"Orb Walker","floor":38,"turns":3},{"damage":0,"enemies":"Maw","floor":39,"turns":4},{"damage":14,"enemies":"Reptomancer","floor":41,"turns":4},{"damage":29,"enemies":"4 Shapes","floor":42,"turns":6},{"damage":18,"enemies":"Transient","floor":48,"turns":6},{"damage":30,"enemies":"Donu and Deca","floor":50,"turns":2}],"seed_played":"3230492321949709198","potions_obtained":[{"floor":6,"key":"Energy Potion"},{"floor":8,"key":"Dexterity Potion"},{"floor":11,"key":"LiquidMemories"},{"floor":12,"key":"Ancient Potion"},{"floor":19,"key":"PowerPotion"},{"floor":27,"key":"Explosive Potion"},{"floor":29,"key":"AttackPotion"},{"floor":35,"key":"PowerPotion"},{"floor":39,"key":"DistilledChaos"},{"floor":42,"key":"LiquidMemories"}],"is_trial":false,"path_per_floor":["M","?","?","?","$","E","R","E","T","M","M","M","?","E","R","B",null,"M","M","?","$","?","R","?","R","T","M","E","M","$","?","R","B",null,"M","$","?","M","M","R","E","M","T","?","R","T","?","M","R","B"],"character_chosen":"WATCHER","items_purchased":["Tantrum","EmptyMind","Medical Kit","TalkToTheHand","Adaptation","Lantern","PowerPotion","FlurryOfBlows"],"campfire_rested":1,"item_purchase_floors":[5,5,21,21,30,30,30,36],"current_hp_per_floor":[61,41,30,30,30,30,30,30,30,30,23,28,28,33,33,7,53,53,50,50,50,50,50,50,50,50,42,47,35,35,35,35,25,57,60,60,60,51,51,51,42,13,13,13,32,32,32,19,19,0,0],"gold":479,"neow_bonus":"THREE_ENEMY_KILL","is_daily":false,"chose_seed":false,"campfire_upgraded":6,"win_rate":0.0,"timestamp":1608571113,"path_taken":["M","?","?","?","$","E","R","E","T","?","M","?","?","E","R","BOSS","M","M","?","$","?","R","?","R","T","?","E","M","?","?","R","BOSS","M","$","?","M","M","R","E","M","T","?","R","?","?","?","R","BOSS"],"items_purchased_type":["Card","Card","Relic","Card","Card","Relic","Potion","Card"],"build_version":"2020-12-13","purchased_purges":3,"victory":false,"max_hp_per_floor":[68,68,68,68,68,68,68,68,68,68,68,68,68,68,68,68,68,68,68,68,68,68,68,68,68,68,68,68,68,68,68,68,68,68,68,68,65,65,65,65,65,65,65,65,65,65,65,65,65,65,65],"card_choices":[{"not_picked":["Crescendo","Indignation"],"picked":"WheelKick","floor":1.0},{"not_picked":["BattleHymn","BowlingBash"],"picked":"ClearTheMind","floor":6},{"not_picked":["Protect","FollowUp"],"picked":"FearNoEvil","floor":8},{"not_picked":["Weave","PathToVictory","Indignation"],"picked":"SKIP","floor":10},{"not_picked":["Conclude","SandsOfTime","CrushJoints"],"picked":"SKIP","floor":11},{"not_picked":["SignatureMove","WaveOfTheHand"],"picked":"FlurryOfBlows","floor":12},{"not_picked":["FlyingSleeves","CutThroughFate"],"picked":"Worship","floor":14},{"not_picked":["Brilliance","ConjureBlade"],"picked":"Establishment","floor":16},{"not_picked":["BattleHymn","Prostrate"],"picked":"Wallop","floor":18},{"not_picked":["Tantrum","SashWhip"],"picked":"Halt","floor":19},{"not_picked":["EmptyBody","WheelKick"],"picked":"Swivel","floor":27},{"not_picked":["ThirdEye","EmptyFist+1"],"picked":"DeusExMachina","floor":28},{"not_picked":["WheelKick","FlyingSleeves","BowlingBash"],"picked":"SKIP","floor":29},{"not_picked":["Scrawl","LessonLearned"],"picked":"DevaForm","floor":33},{"not_picked":["FlyingSleeves+1"],"picked":"SKIP","floor":35},{"not_picked":["SignatureMove"],"picked":"SKIP","floor":38},{"not_picked":["Consecrate+1"],"picked":"SKIP","floor":39},{"not_picked":["Consecrate+1"],"picked":"SKIP","floor":39},{"not_picked":["Consecrate"],"picked":"SKIP","floor":41},{"not_picked":["Tantrum"],"picked":"SKIP","floor":42},{"not_picked":["Consecrate"],"picked":"SKIP","floor":48}],"player_experience":826210,"relics_obtained":[{"floor":6,"key":"Boot"},{"floor":8,"key":"Potion Belt"},{"floor":9,"key":"Toy Ornithopter"},{"floor":14,"key":"Happy Flower"},{"floor":26,"key":"Bag of Preparation"},{"floor":28,"key":"Mummified Hand"},{"floor":41,"key":"Old Coin"},{"floor":46,"key":"Peace Pipe"}],"event_choices":[{"damage_healed":0.0,"max_hp_gain":0.0,"max_hp_loss":0.0,"gold_gain":0.0,"event_name":"Shining Light","player_choice":"Entered Light","floor":2.0,"gold_loss":0.0,"damage_taken":20.0,"cards_upgraded":["Strike_P","Vigilance"]},{"damage_healed":0.0,"max_hp_gain":0.0,"max_hp_loss":0.0,"gold_gain":75.0,"event_name":"World of Goop","player_choice":"Gather Gold","floor":3.0,"gold_loss":0.0,"damage_taken":11.0},{"damage_healed":0.0,"max_hp_gain":0.0,"max_hp_loss":0.0,"gold_gain":150.0,"event_name":"Liars Game","player_choice":"AGREE","floor":4.0,"gold_loss":0.0,"damage_taken":0.0,"cards_obtained":["Doubt"]},{"cards_removed":["Defend_P"],"damage_healed":0,"gold_gain":0,"player_choice":"Forget","damage_taken":0,"max_hp_gain":0,"max_hp_loss":0,"event_name":"Living Wall","floor":13,"gold_loss":0},{"cards_removed":["Strike_P"],"damage_healed":0,"gold_gain":0,"player_choice":"Gave Gold","damage_taken":0,"max_hp_gain":0,"max_hp_loss":0,"event_name":"Beggar","floor":20,"gold_loss":75},{"cards_removed":["Defend_P"],"damage_healed":0,"gold_gain":0,"player_choice":"Elegance","damage_taken":0,"max_hp_gain":0,"max_hp_loss":0,"event_name":"Back to Basics","floor":22,"gold_loss":0},{"damage_healed":0,"gold_gain":275,"player_choice":"Desecrate","damage_taken":0,"max_hp_gain":0,"max_hp_loss":0,"event_name":"Golden Shrine","floor":24,"gold_loss":0,"cards_obtained":["Regret"]},{"damage_healed":0,"gold_gain":100,"player_choice":"Bet on Murderer","damage_taken":0,"max_hp_gain":0,"max_hp_loss":0,"event_name":"The Joust","floor":31,"gold_loss":50},{"damage_healed":0,"gold_gain":0,"player_choice":"Max HP","damage_taken":0,"max_hp_gain":0,"max_hp_loss":3,"event_name":"Winding Halls","floor":37,"gold_loss":0},{"damage_healed":0,"gold_gain":0,"player_choice":"Memory 1","damage_taken":0,"max_hp_gain":0,"max_hp_loss":0,"event_name":"SensoryStone","floor":44,"gold_loss":0},{"damage_healed":0,"gold_gain":0,"player_choice":"Copied","damage_taken":0,"max_hp_gain":0,"max_hp_loss":0,"event_name":"Duplicator","floor":47,"gold_loss":0,"cards_obtained":["TalkToTheHand"]}],"is_beta":false,"boss_relics":[{"not_picked":["Sozu","Philosopher\u0027s Stone"],"picked":"Runic Pyramid"},{"not_picked":["VioletLotus","HolyWater"],"picked":"Busted Crown"}],"items_purged_floors":[5,30,36],"is_endless":false,"potions_floor_spawned":[6,8,11,12,19,27,29,35,39,42],"killed_by":"Donu and Deca","ascension_level":19}}