{"host":"rboopjqmv70p1gpw","time":1608563258,"event":{"mods":["Act Like it!","BaseMod","CapriCore","Colored Map","Emptier Cage","Friendly Minions","Gensokyo","Gold Saver","Minty Spire (QoL Compilation)","Quick Restart","READ ME - Guardian Mod","Spicy Shops","StSLib","The Alterego","Transform Curses","Waifu the Spire","WarShipGirlsR/战舰少女R mod","[IsaacMod]以撒尖塔","【东方二次创作】八云紫mod"],"gold_per_floor":[114,44,55,66,66,93,105,95,119,119,119],"floor_reached":10,"playtime":461,"items_purged":[],"score":117,"play_id":"9db98269-82e6-40a2-863f-a0a4e7f50570","local_time":"20201221230738","is_ascension_mode":true,"campfire_choices":[],"circlet_count":0,"master_deck":["AscendersBane","Strike_B+1","Strike_B","Strike_B+1","Strike_B","Defend_B","Defend_B","Defend_B+1","Defend_B","Zap","Dualcast","Sweeping Beam","Sweeping Beam+1","Coolheaded","White Noise","Machine Learning"],"relics":["Cracked Core","HushsDoor","NeowsBlessing","Damocles","Nunchaku","Boot","Anchor","Centennial Puzzle","MealTicket","Whetstone","Smiling Mask"],"acts_visited":["Gensokyo:Gensokyo"],"potions_floor_usage":[6,7],"damage_taken":[{"damage":0,"enemies":"Gensokyo:2_Kodama","floor":1,"turns":1},{"damage":0,"enemies":"Gensokyo:Python","floor":3,"turns":1},{"damage":0,"enemies":"Gensokyo:3_Fairies","floor":4,"turns":1},{"damage":6,"enemies":"Gensokyo:Cirno","floor":6,"turns":6},{"damage":11,"enemies":"Gensokyo:3_Kodama","floor":7,"turns":4},{"damage":7,"enemies":"Gensokyo:Aya","floor":10,"turns":3}],"seed_played":"6704995964090310686","potions_obtained":[{"floor":4,"key":"SkillPotion"},{"floor":6,"key":"SkillPotion"},{"floor":7,"key":"SpeedPotion"}],"is_trial":false,"path_per_floor":["M","?","M","M","?","E","M","?","T","E"],"character_chosen":"DEFECT","items_purchased":[],"campfire_rested":0,"item_purchase_floors":[],"current_hp_per_floor":[64,64,64,64,71,65,54,54,54,47,47],"gold":119,"neow_bonus":"THREE_ENEMY_KILL","is_daily":false,"chose_seed":false,"campfire_upgraded":0,"win_rate":0.0,"timestamp":1608563258,"path_taken":["M","?","M","?","?","E","M","?","T","E"],"items_purchased_type":[],"build_version":"2020-12-13","purchased_purges":0,"victory":false,"max_hp_per_floor":[71,71,71,71,78,78,78,78,78,78,78],"card_choices":[{"not_picked":["Cold Snap","Compile Driver","Storm"],"picked":"SKIP","floor":1},{"not_picked":["Hologram","Stack"],"picked":"Sweeping Beam","floor":3},{"not_picked":["Redo","Stack"],"picked":"Sweeping Beam","floor":4},{"not_picked":["Leap","Chaos"],"picked":"Coolheaded","floor":6},{"not_picked":["Streamline","Stack"],"picked":"White Noise","floor":7},{"not_picked":[],"picked":"Machine Learning","floor":8}],"player_experience":272131,"relics_obtained":[{"floor":1,"key":"Nunchaku"},{"floor":3,"key":"Boot"},{"floor":4,"key":"Anchor"},{"floor":6,"key":"Centennial Puzzle"},{"floor":6,"key":"MealTicket"},{"floor":7,"key":"Whetstone"},{"floor":9,"key":"Smiling Mask"}],"event_choices":[],"is_beta":false,"boss_relics":[],"items_purged_floors":[],"is_endless":false,"potions_floor_spawned":[4,6,7],"killed_by":"Gensokyo:Aya","ascension_level":17}}