{"host":"baymyijz6sxaqj5s","time":1608531353,"event":{"mods":["AchievementEnabler","BaseMod","Colored Map","Colored Powertips","DeckTracker","KOR Keyword Fix","Keyboard Shortcuts","Minty Spire (QoL Compilation)","StSLib","SuperFastMode"],"gold_per_floor":[113,127,142,152,172,172,182,182,182,217,227,302,329,349,349,349,349],"floor_reached":16,"playtime":488,"items_purged":[],"score":106,"play_id":"e13de7d4-fd36-4338-af34-5032f1827b66","local_time":"20201221151553","is_ascension_mode":false,"campfire_choices":[{"floor":6,"key":"REST"},{"data":"Body Slam","floor":8,"key":"SMITH"},{"data":"Entrench","floor":15,"key":"SMITH"}],"circlet_count":0,"master_deck":["Strike_R","Strike_R","Strike_R","Strike_R","Strike_R","Defend_R","Defend_R","Defend_R","Defend_R","Bash","Sword Boomerang","Ghostly Armor","Body Slam+1","Headbutt","Shrug It Off","Entrench+1","Flame Barrier"],"relics":["Burning Blood","Molten Egg 2","Anchor","Odd Mushroom"],"acts_visited":["Exordium"],"potions_floor_usage":[4,4,10,11,13],"damage_taken":[{"damage":6,"enemies":"Jaw Worm","floor":1,"turns":6},{"damage":2,"enemies":"2 Louse","floor":2,"turns":2},{"damage":8,"enemies":"Cultist","floor":3,"turns":5},{"damage":36,"enemies":"Exordium Thugs","floor":4,"turns":7},{"damage":4,"enemies":"Blue Slaver","floor":5,"turns":6},{"damage":13,"enemies":"Red Slaver","floor":7,"turns":3},{"damage":37,"enemies":"3 Sentries","floor":10,"turns":11},{"damage":3,"enemies":"2 Fungi Beasts","floor":11,"turns":4},{"damage":0,"enemies":"The Mushroom Lair","floor":13,"turns":1},{"damage":0,"enemies":"Looter","floor":14,"turns":3},{"damage":55,"enemies":"Slime Boss","floor":16,"turns":10}],"seed_played":"5088683411679019220","potions_obtained":[{"floor":1,"key":"Energy Potion"},{"floor":2,"key":"GamblersBrew"},{"floor":7,"key":"SpeedPotion"},{"floor":10,"key":"Energy Potion"},{"floor":11,"key":"AttackPotion"}],"is_trial":false,"path_per_floor":["M","M","M","M","M","R","M","R","T","E","M","?","?","M","R","B"],"character_chosen":"IRONCLAD","items_purchased":[],"campfire_rested":1,"item_purchase_floors":[],"current_hp_per_floor":[88,88,86,56,58,84,77,77,77,46,49,38,44,50,50,0,0],"gold":349,"neow_bonus":"TEN_PERCENT_HP_BONUS","is_daily":false,"chose_seed":false,"campfire_upgraded":2,"win_rate":0.0,"timestamp":1608531353,"path_taken":["M","M","M","M","M","R","M","R","T","E","M","?","?","M","R","BOSS"],"items_purchased_type":[],"build_version":"2020-12-13","purchased_purges":0,"victory":false,"max_hp_per_floor":[88,88,88,88,88,88,88,88,88,88,88,88,88,88,88,88,88],"card_choices":[{"not_picked":["Inflame","Clash"],"picked":"Sword Boomerang","floor":1},{"not_picked":["Sentinel","Metallicize"],"picked":"Ghostly Armor","floor":2},{"not_picked":["Evolve","Dropkick","True Grit"],"picked":"SKIP","floor":3},{"not_picked":["Disarm","Clothesline"],"picked":"Body Slam","floor":4},{"not_picked":["Disarm","Perfected Strike","Havoc"],"picked":"SKIP","floor":5},{"not_picked":["Searing Blow","Reaper"],"picked":"Headbutt","floor":7},{"not_picked":["Exhume","Wild Strike+1"],"picked":"Shrug It Off","floor":10},{"not_picked":["Flex","Armaments"],"picked":"Entrench","floor":11},{"not_picked":["Armaments","Sword Boomerang+1"],"picked":"Flame Barrier","floor":13},{"not_picked":["Reckless Charge+1","Sever Soul+1","Anger+1"],"picked":"SKIP","floor":14}],"player_experience":155823,"relics_obtained":[{"floor":9,"key":"Molten Egg 2"},{"floor":10,"key":"Anchor"},{"floor":13,"key":"Odd Mushroom"}],"event_choices":[{"damage_healed":0,"gold_gain":75,"player_choice":"Gather Gold","damage_taken":11,"max_hp_gain":0,"max_hp_loss":0,"event_name":"World of Goop","floor":12,"gold_loss":0},{"damage_healed":0,"gold_gain":0,"player_choice":"Fought Mushrooms","damage_taken":0,"max_hp_gain":0,"max_hp_loss":0,"event_name":"Mushrooms","floor":13,"gold_loss":0}],"is_beta":false,"boss_relics":[],"items_purged_floors":[],"is_endless":false,"potions_floor_spawned":[1,2,7,10,11],"killed_by":"Slime Boss","ascension_level":0}}