{"host":"61ejhfsushs0xmcl","time":1608535843,"event":{"mods":["ATMod(阿瑾Mod)","Act Like it!","BaseMod","Colored Map","Gold Saver","Minty Spire (QoL Compilation)","MostiFishMod","Spicy Shops","StSLib","TestMod","Waifu the Spire","【功能Mod】聪明的最终Boss","篝火指南"],"gold_per_floor":[117,136,136,536,551,551,586,586,586,609,644,657,657,690,690,779,779,803,803,344,369,387,431,431,431,431,462,481,500,535,558,558,657,657,680,694,725,740,290,326,339,383,407,407,7,40,40,71,71,71,71,71,71,71,111,111],"floor_reached":57,"playtime":3063,"items_purged":["Choke","Dagger Spray","Deadly Poison","AT_MyraUnstableElement","AT_DrawKnifeCut+1"],"score":3900,"play_id":"7a54fbb2-1e4c-4fa6-b6e3-91a6dfe542ae","local_time":"20201221153043","is_ascension_mode":true,"campfire_choices":[{"data":"AT_DrawKnifeCut","floor":6.0,"key":"SMITH"},{"data":"Bouncing Flask","floor":8.0,"key":"SMITH"},{"data":"MostiFishMod:AdrenalineArouse","floor":13.0,"key":"SMITH"},{"data":"Catalyst","floor":15.0,"key":"SMITH"},{"data":"AT_ShadowStep","floor":24.0,"key":"SMITH"},{"data":"Night Terror","floor":32,"key":"SMITH"},{"data":"Acrobatics","floor":44,"key":"SMITH"},{"floor":47,"key":"RECALL"},{"data":"Bullet Time","floor":49,"key":"SMITH"},{"data":"Noxious Fumes","floor":53,"key":"SMITH"}],"circlet_count":0,"master_deck":["AscendersBane","Survivor","Neutralize","Terror","Catalyst+1","Catalyst+1","Bouncing Flask+1","Night Terror+1","Quick Slash","Acrobatics+1","MostiFishMod:FrostNova","MostiFishMod:AdrenalineArouse+1","AT_ShadowStep+1","AT_EssenceShift","Concentrate+1","Bullet Time+1","AT_TwilightShroud","Footwork","Calculated Gamble","Noxious Fumes+1","AT_EssenceShift+1","MostiFishMod:Dislodge+1","Reflex+1"],"relics":["Ring of the Snake","testmod-TestBox","AT_ATBox","NeowsBlessing","testmod-IntensifyImprint","Pandora\u0027s Box","Question Card","Golden Idol","Incense Burner","Orichalcum","PreservedInsect","ImportantClient","BirthdayGift-Tetrahedron","AT_RedTearstoneRing","BrkXgEgg","DianPoetry","Boot","Gremlin Horn","Girya","GreenFoldingFan","testmod-HeartOfStrike","Omamori","Nunchaku","Toy Ornithopter","Regal Pillow","Technique","testmod-IndustrialRevolution","Kunai","Juzu Bracelet","InkBottle"],"acts_visited":["Exordium","TheCity","TheBeyond","TheEnding"],"potions_floor_usage":[30,39,48,51],"damage_taken":[{"damage":0.0,"enemies":"Small Slimes","floor":1.0,"turns":1.0},{"damage":0.0,"enemies":"2 Louse","floor":2.0,"turns":1.0},{"damage":0.0,"enemies":"Cultist","floor":5.0,"turns":1.0},{"damage":22.0,"enemies":"Lagavulin","floor":7.0,"turns":4.0},{"damage":9.0,"enemies":"Blue Slaver","floor":10.0,"turns":3.0},{"damage":0.0,"enemies":"Gremlin Nob","floor":11.0,"turns":2.0},{"damage":0.0,"enemies":"Gremlin Gang","floor":12.0,"turns":1.0},{"damage":0.0,"enemies":"3 Sentries","floor":14.0,"turns":2.0},{"damage":0.0,"enemies":"Hexaghost","floor":16.0,"turns":6.0},{"damage":2.0,"enemies":"Shell Parasite","floor":18.0,"turns":2.0},{"damage":2.0,"enemies":"2 Thieves","floor":21.0,"turns":2.0},{"damage":0.0,"enemies":"3 Cultists","floor":22.0,"turns":1.0},{"damage":6.0,"enemies":"Gremlin Leader","floor":23.0,"turns":4.0},{"damage":5.0,"enemies":"Book of Stabbing","floor":27.0,"turns":3.0},{"damage":3.0,"enemies":"Chosen and Byrds","floor":28.0,"turns":2.0},{"damage":2,"enemies":"Snecko","floor":29,"turns":2},{"damage":3,"enemies":"Gremlin Leader","floor":30,"turns":2},{"damage":0,"enemies":"Sentry and Sphere","floor":31,"turns":1},{"damage":12,"enemies":"Collector","floor":33,"turns":7},{"damage":2,"enemies":"3 Darklings","floor":35,"turns":1},{"damage":5,"enemies":"3 Shapes","floor":36,"turns":1},{"damage":11,"enemies":"Mind Bloom Boss Battle","floor":37,"turns":3},{"damage":2,"enemies":"3 Darklings","floor":38,"turns":1},{"damage":14,"enemies":"Reptomancer","floor":40,"turns":4},{"damage":6,"enemies":"4 Shapes","floor":41,"turns":2},{"damage":9,"enemies":"Nemesis","floor":42,"turns":3},{"damage":14,"enemies":"Giant Head","floor":46,"turns":4},{"damage":10,"enemies":"Nemesis","floor":48,"turns":3},{"damage":29,"enemies":"Awakened One","floor":50,"turns":8},{"damage":22,"enemies":"Time Eater","floor":51,"turns":6},{"damage":5,"enemies":"Shield and Spear","floor":55,"turns":2},{"damage":37,"enemies":"The Heart","floor":56,"turns":5}],"seed_played":"-1872172593628881101","potions_obtained":[{"floor":1.0,"key":"Explosive Potion"},{"floor":7.0,"key":"Ancient Potion"},{"floor":11.0,"key":"Strength Potion"},{"floor":12.0,"key":"Swift Potion"},{"floor":14.0,"key":"BlessingOfTheForge"},{"floor":16.0,"key":"Swift Potion"},{"floor":31,"key":"Dexterity Potion"},{"floor":40,"key":"SteroidPotion"},{"floor":46,"key":"Explosive Potion"},{"floor":48,"key":"LiquidMemories"}],"is_trial":false,"path_per_floor":["M","M","?","?","M","R","E","R","T","M","E","M","R","E","R","B",null,"M","?","$","M","M","E","R","?","T","E","M","M","E","M","R","B",null,"M","M","?","M","$","E","M","E","T","R","$","E","R","E","R","B","B",null,"R","$","E","B",null],"character_chosen":"THE_SILENT","items_purchased":["AT_RedTearstoneRing","BrkXgEgg","AT_TwilightShroud","Footwork","testmod-SpacePotion","Omamori","Technique","testmod-IndustrialRevolution"],"campfire_rested":0,"item_purchase_floors":[20,20,20,20,39,39,45,45],"current_hp_per_floor":[59,59,36,36,36,36,14,14,14,5,5,5,5,5,5,5,51,49,49,49,47,47,41,41,41,41,36,33,31,28,28,28,16,54,62,66,65,66,66,62,66,66,66,66,66,62,62,66,66,47,40,59,59,59,64,37],"gold":111,"neow_bonus":"THREE_ENEMY_KILL","is_daily":false,"chose_seed":false,"campfire_upgraded":9,"win_rate":0.0,"timestamp":1608535843,"path_taken":["M","M","?","?","M","R","E","R","T","M","E","M","R","E","R","BOSS","M","?","$","?","M","E","R","?","T","E","?","M","E","M","R","BOSS","M","M","?","M","$","E","M","E","T","R","$","E","R","E","R","BOSS","BOSS","R","$","E","BOSS"],"items_purchased_type":["Relic","Relic","Card","Card","Potion","Relic","Relic","Relic"],"build_version":"2020-12-13","purchased_purges":5,"victory":true,"max_hp_per_floor":[66,66,66,66,66,66,66,66,66,66,66,66,66,66,66,66,66,66,66,66,66,66,66,66,66,66,66,66,66,66,66,66,66,66,66,66,66,66,66,66,66,66,66,66,66,66,66,66,66,66,65,65,65,65,65,65],"card_choices":[{"not_picked":["Outmaneuver","Bane","Flying Knee"],"picked":"SKIP","floor":1.0},{"not_picked":["Slice","Backstab","Flying Knee"],"picked":"Acrobatics","floor":2.0},{"not_picked":["Terror","Sucker Punch","AT_WindFlip"],"picked":"MostiFishMod:FrostNova","floor":5.0},{"not_picked":["Poisoned Stab","Deflect","Accuracy","Sucker Punch"],"picked":"SKIP","floor":7.0},{"not_picked":["MostiFishMod:PerfectParry","Dodge and Roll","Masterful Stab","Underhanded Strike"],"picked":"SKIP","floor":10.0},{"not_picked":["AT_ShadowStep","Underhanded Strike","MostiFishMod:PerfectParry"],"picked":"MostiFishMod:AdrenalineArouse","floor":11.0},{"not_picked":["Masterful Stab","Blur","MostiFishMod:PerfectParry","Slice"],"picked":"SKIP","floor":12.0},{"not_picked":["Deflect","Heel Hook","AT_WindFlip"],"picked":"AT_ShadowStep","floor":14.0},{"not_picked":["Glass Knife","Doppelganger","AT_ArcaneSupremacy"],"picked":"AT_EssenceShift","floor":16.0},{"not_picked":["Flying Knee","Prepared","Poisoned Stab"],"picked":"Concentrate","floor":18.0},{"not_picked":["Deadly Poison","Underhanded Strike","Backflip"],"picked":"Calculated Gamble","floor":21.0},{"not_picked":["Acrobatics","Sucker Punch","MostiFishMod:PerfectParry"],"picked":"Noxious Fumes","floor":22.0},{"not_picked":["Riddle With Holes","Flying Knee","AT_TwilightShroud","Dagger Throw"],"picked":"SKIP","floor":23.0},{"not_picked":["AT_MyraUnstableElement+1","Leg Sweep","Backflip","Poisoned Stab"],"picked":"SKIP","floor":27.0},{"not_picked":["Tactician","Dodge and Roll","Flechettes","Prepared"],"picked":"SKIP","floor":28},{"not_picked":["Sucker Punch","Dagger Throw","AT_ShadowStep","AT_WindFlip"],"picked":"SKIP","floor":29},{"not_picked":["AT_ThistleTea","Flying Knee","Footwork"],"picked":"AT_EssenceShift+1","floor":30},{"not_picked":["Poisoned Stab","Deflect","Eviscerate","Acrobatics"],"picked":"SKIP","floor":31},{"not_picked":["MostiFishMod:Volcan+1","Bullet Time+1","AT_ArcaneSupremacy+1"],"picked":"MostiFishMod:Dislodge+1","floor":33},{"not_picked":["Dash","Blade Dance","Poisoned Stab","PiercingWail"],"picked":"SKIP","floor":35},{"not_picked":["Skewer","Backstab+1","Bane+1"],"picked":"Reflex+1","floor":36},{"not_picked":["Deflect+1","Poisoned Stab+1","Underhanded Strike","Outmaneuver"],"picked":"SKIP","floor":38},{"not_picked":["Crippling Poison","Backflip","Cloak And Dagger","Sucker Punch"],"picked":"SKIP","floor":40},{"not_picked":["Underhanded Strike","Predator","PiercingWail","MostiFishMod:PerfectParry"],"picked":"SKIP","floor":41},{"not_picked":["Prepared","Underhanded Strike","Quick Slash+1","Dodge and Roll"],"picked":"SKIP","floor":42},{"not_picked":["Quick Slash","AT_KneejerkReflex+1","MostiFishMod:PerfectParry","AT_Desolate"],"picked":"SKIP","floor":46},{"not_picked":["Phantasmal Killer+1","Finisher","AT_Desolate","Blur"],"picked":"SKIP","floor":48},{"not_picked":["Bane","MostiFishMod:PerfectParry","Finisher","Flying Knee"],"picked":"SKIP","floor":55}],"player_experience":741538,"relics_obtained":[{"floor":1.0,"key":"Question Card"},{"floor":7.0,"key":"Incense Burner"},{"floor":11.0,"key":"Orichalcum"},{"floor":14.0,"key":"PreservedInsect"},{"floor":16.0,"key":"ImportantClient"},{"floor":23.0,"key":"DianPoetry"},{"floor":26.0,"key":"Boot"},{"floor":27.0,"key":"Gremlin Horn"},{"floor":30,"key":"Girya"},{"floor":37,"key":"testmod-HeartOfStrike"},{"floor":40,"key":"Nunchaku"},{"floor":42,"key":"Toy Ornithopter"},{"floor":43,"key":"Regal Pillow"},{"floor":46,"key":"Kunai"},{"floor":48,"key":"Juzu Bracelet"},{"floor":55,"key":"InkBottle"}],"event_choices":[{"damage_healed":0.0,"max_hp_gain":0.0,"max_hp_loss":0.0,"gold_gain":0.0,"event_name":"Golden Idol","player_choice":"Take Damage","floor":3.0,"gold_loss":0.0,"damage_taken":23.0,"relics_obtained":["Golden Idol"]},{"damage_healed":0.0,"max_hp_gain":0.0,"max_hp_loss":0.0,"gold_gain":400.0,"event_name":"恩洛斯的盘子","player_choice":"Sell","floor":4.0,"relics_lost":["DaveBox"],"gold_loss":0.0,"damage_taken":0.0},{"damage_healed":0.0,"max_hp_gain":0.0,"max_hp_loss":0.0,"gold_gain":0.0,"event_name":"Match and Keep!","player_choice":"1 cards matched","floor":19.0,"gold_loss":0.0,"damage_taken":0.0,"cards_obtained":["Bullet Time"]},{"damage_healed":0.0,"max_hp_gain":0.0,"max_hp_loss":0.0,"gold_gain":0.0,"event_name":"Lab","player_choice":"Got Potions","floor":25.0,"gold_loss":0.0,"damage_taken":0.0},{"damage_healed":0,"gold_gain":0,"player_choice":"Fight","damage_taken":0,"max_hp_gain":0,"max_hp_loss":0,"event_name":"MindBloom","floor":37,"gold_loss":0}],"is_beta":false,"boss_relics":[{"not_picked":["SlaversCollar","Fusion Hammer"],"picked":"BirthdayGift-Tetrahedron"},{"not_picked":["ExusiaiGun","NightmareShop"],"picked":"GreenFoldingFan"}],"items_purged_floors":[20,20,39,39,45],"is_endless":false,"potions_floor_spawned":[1,7,11,12,14,16,18,23,27,28,31,35,38,40,46,48],"ascension_level":20}}