{"host":"i4eavuqabbk5mi94","time":1608562858,"event":{"mods":["BaseMod","Googly Eyes","Minty Spire (QoL Compilation)"],"gold_per_floor":[115,290,290,300,310,340,419,419,490,490,504,504,504,504],"floor_reached":13,"playtime":309,"items_purged":[],"score":116,"play_id":"b95bc308-6a65-46ff-9707-8950e4225c21","local_time":"20201221150058","is_ascension_mode":true,"campfire_choices":[{"floor":10,"key":"REST"}],"circlet_count":0,"master_deck":["Strike_R","Strike_R","Strike_R","Strike_R","Strike_R","Defend_R","Defend_R","Defend_R","Defend_R","Bash","Pommel Strike","Doubt","Sword Boomerang","Combust","Dual Wield","Shockwave","Armaments"],"relics":["Burning Blood","NeowsBlessing","Happy Flower","Smiling Mask","Bottled Lightning","Singing Bowl"],"acts_visited":["Exordium"],"potions_floor_usage":[8],"damage_taken":[{"damage":0,"enemies":"2 Louse","floor":1,"turns":1},{"damage":0,"enemies":"Cultist","floor":4,"turns":1},{"damage":0,"enemies":"Jaw Worm","floor":5,"turns":1},{"damage":46,"enemies":"3 Sentries","floor":6,"turns":7},{"damage":28,"enemies":"Lagavulin","floor":8,"turns":5},{"damage":31,"enemies":"Large Slime","floor":11,"turns":5},{"damage":20,"enemies":"3 Sentries","floor":13,"turns":3}],"seed_played":"7855765307278933378","potions_obtained":[{"floor":5,"key":"SmokeBomb"}],"is_trial":false,"path_per_floor":["M","?","?","M","M","E","T","E","T","R","M","?","E"],"character_chosen":"IRONCLAD","items_purchased":[],"campfire_rested":1,"item_purchase_floors":[],"current_hp_per_floor":[80,80,80,80,80,40,40,18,18,42,17,17,0,0],"gold":504,"neow_bonus":"THREE_ENEMY_KILL","is_daily":false,"chose_seed":false,"campfire_upgraded":0,"win_rate":0.0,"timestamp":1608562858,"path_taken":["M","?","?","?","M","E","?","E","T","R","M","?","E"],"items_purchased_type":[],"build_version":"2020-12-13","purchased_purges":0,"victory":false,"max_hp_per_floor":[80,80,80,80,80,80,80,80,80,80,80,80,80,80],"card_choices":[{"not_picked":["Clash","Dropkick"],"picked":"Pommel Strike","floor":1},{"not_picked":["Thunderclap","Headbutt"],"picked":"Sword Boomerang","floor":4},{"not_picked":["Clash","Havoc"],"picked":"Combust","floor":5},{"not_picked":["Fire Breathing","Anger"],"picked":"Dual Wield","floor":6},{"not_picked":["Havoc","Clash"],"picked":"Shockwave","floor":11}],"player_experience":354662,"relics_obtained":[{"floor":3,"key":"Happy Flower"},{"floor":6,"key":"Smiling Mask"},{"floor":7,"key":"Bottled Lightning"},{"floor":9,"key":"Singing Bowl"}],"event_choices":[{"damage_healed":0,"gold_gain":175,"player_choice":"AGREE","damage_taken":0,"max_hp_gain":0,"max_hp_loss":0,"event_name":"Liars Game","floor":2,"gold_loss":0,"cards_obtained":["Doubt"]},{"damage_healed":0,"gold_gain":0,"player_choice":"Relic","damage_taken":0,"max_hp_gain":0,"max_hp_loss":0,"event_name":"Wheel of Change","floor":3,"gold_loss":0},{"damage_healed":0,"gold_gain":0,"player_choice":"1 cards matched","damage_taken":0,"max_hp_gain":0,"max_hp_loss":0,"event_name":"Match and Keep!","floor":12,"gold_loss":0,"cards_obtained":["Armaments"]}],"is_beta":false,"boss_relics":[],"items_purged_floors":[],"is_endless":false,"potions_floor_spawned":[5,8],"killed_by":"3 Sentries","ascension_level":5}}