{"host":"qy6st0zp32tctd9l","time":1608547232,"event":{"mods":["AchievementEnabler","BaseMod","Colored Map","Downfall","Hermit","Marisa£®ÏF”Í°°ƒß¿Ì…≥£©","Minty Spire (QoL Compilation)","Remilia£®¿Ÿ√◊¿Ú—«£©","StSLib","The Cursed","The Servant 0.9.4","UnlockEverythingMod"],"gold_per_floor":[109,109,126,137,152,184,184,213,213,226,246,275,289,289,289,390,390,409,22,22,22,37,68,68,68,68,98,98,113,139,139,139,239,239,259,259,49,61,1060,1060,1086,1086,1086,1096,1096,1123,1123,1156,1156,1156,1156,1156,30,62,62],"floor_reached":56,"playtime":2446,"items_purged":["Strike_MRS","DoubleSpark","UpSweep"],"score":2337,"play_id":"eaeacb57-a00d-4965-b067-f35a3e93367a","local_time":"20201221184032","is_ascension_mode":true,"campfire_choices":[{"floor":7.0,"key":"RECALL"},{"data":"DeepEcoloBomb","floor":15.0,"key":"SMITH"},{"data":"CollectingQuirk","floor":24.0,"key":"SMITH"},{"data":"Strike_MRS","floor":32.0,"key":"PURGE"},{"data":"Normality","floor":40.0,"key":"PURGE"},{"data":"Normality","floor":42,"key":"PURGE"},{"data":"MasterSpark","floor":45,"key":"PURGE"},{"data":"OortCloud","floor":47,"key":"SMITH"},{"data":"Defend_MRS","floor":49,"key":"PURGE"},{"data":"AsteroidBelt","floor":52,"key":"SMITH"}],"circlet_count":0,"master_deck":["Defend_MRS","Defend_MRS","Defend_MRS","GrandCross","OortCloud+1","StarBarrage","DeepEcoloBomb+1","PropBag","AsteroidBelt+1","CollectingQuirk+1","MaximisePower+1","Ghostly+1","Ghostly+1","Ghostly+1","Ghostly+1","Ghostly+1","MagicChant+1","Acceleration+1","Necronomicurse","Secret Technique+1","MilkyWay+1","EnergyRecoil+1","Apotheosis+1","Acceleration+1"],"relics":["MiniHakkero","The Courier","Bird Faced Urn","HandmadeGrimoire","Meat on the Bone","Coffee Dripper","Toxic Egg 2","Bag of Marbles","MutagenicStrength","Happy Flower","MagicBroom","Pantograph","Peace Pipe","Necronomicon","Busted Crown","Ancient Tea Set","Thread and Needle","Juzu Bracelet","Ornamental Fan","Centennial Puzzle","AmplifyWand","Calipers","Art of War","Sundial","Shuriken"],"acts_visited":["Exordium","TheCity","TheBeyond","TheEnding"],"potions_floor_usage":[48,55,55,55,55,55],"damage_taken":[{"damage":2.0,"enemies":"2 Louse","floor":1.0,"turns":3.0},{"damage":0.0,"enemies":"Cultist","floor":3.0,"turns":4.0},{"damage":0.0,"enemies":"Small Slimes","floor":4.0,"turns":3.0},{"damage":1.0,"enemies":"2 Fungi Beasts","floor":5.0,"turns":5.0},{"damage":14.0,"enemies":"Lagavulin","floor":6.0,"turns":7.0},{"damage":4.0,"enemies":"3 Sentries","floor":8.0,"turns":7.0},{"damage":8.0,"enemies":"Large Slime","floor":10.0,"turns":3.0},{"damage":5.0,"enemies":"Red Slaver","floor":11.0,"turns":4.0},{"damage":6.0,"enemies":"Lagavulin","floor":12.0,"turns":5.0},{"damage":0.0,"enemies":"Blue Slaver","floor":13.0,"turns":3.0},{"damage":27.0,"enemies":"Slime Boss","floor":16.0,"turns":9.0},{"damage":0.0,"enemies":"Spheric Guardian","floor":18.0,"turns":3.0},{"damage":0.0,"enemies":"2 Thieves","floor":22.0,"turns":4.0},{"damage":35.0,"enemies":"Book of Stabbing","floor":23.0,"turns":5.0},{"damage":0.0,"enemies":"Slavers","floor":27.0,"turns":7.0},{"damage":0.0,"enemies":"Snecko","floor":29.0,"turns":5.0},{"damage":0.0,"enemies":"Gremlin Leader","floor":30.0,"turns":6.0},{"damage":0.0,"enemies":"Automaton","floor":33.0,"turns":6.0},{"damage":0.0,"enemies":"3 Darklings","floor":35.0,"turns":2.0},{"damage":0.0,"enemies":"3 Shapes","floor":38.0,"turns":1.0},{"damage":0,"enemies":"Giant Head","floor":41,"turns":7},{"damage":0,"enemies":"Transient","floor":44,"turns":5},{"damage":0,"enemies":"Reptomancer","floor":46,"turns":2},{"damage":0,"enemies":"Giant Head","floor":48,"turns":4},{"damage":0,"enemies":"Time Eater","floor":50,"turns":7},{"damage":0,"enemies":"Shield and Spear","floor":54,"turns":1},{"damage":0,"enemies":"The Heart","floor":55,"turns":6}],"seed_played":"-7200498695162749321","potions_obtained":[{"floor":0.0,"key":"Weak Potion"},{"floor":0.0,"key":"EntropicBrew"},{"floor":0.0,"key":"Explosive Potion"},{"floor":1.0,"key":"LiquidMemories"},{"floor":6.0,"key":"SteroidPotion"},{"floor":8.0,"key":"ShroomBrew"},{"floor":13.0,"key":"Dexterity Potion"},{"floor":18.0,"key":"GamblersBrew"},{"floor":23.0,"key":"ShroomBrew"},{"floor":29.0,"key":"FearPotion"},{"floor":41,"key":"FearPotion"},{"floor":46,"key":"LiquidMemories"}],"is_trial":false,"path_per_floor":["M","?","M","M","M","E","R","E","T","M","M","E","M","?","R","B",null,"M","$","?","?","M","E","R","?","T","E","?","M","E","?","R","B",null,"M","?","$","M","?","R","E","R","T","M","R","E","R","E","R","B",null,"R","$","E","B",null],"character_chosen":"MARISA","items_purchased":["Toxic Egg 2","Bag of Marbles","Secret Technique+1","Centennial Puzzle","AmplifyWand","Calipers","Art of War","Sundial","Apotheosis+1","Acceleration+1"],"campfire_rested":0,"item_purchase_floors":[19,19,37,53,53,53,53,53,53,53],"current_hp_per_floor":[66,66,66,66,65,51,51,47,47,41,38,34,46,46,46,33,65,67,67,67,67,71,38,38,37,37,37,37,37,37,21,21,37,37,37,37,37,37,37,37,37,37,37,37,37,37,37,37,37,37,37,37,37,37,37],"gold":62,"neow_bonus":"THREE_SMALL_POTIONS","is_daily":false,"chose_seed":false,"campfire_upgraded":4,"win_rate":0.0,"timestamp":1608547232,"path_taken":["M","?","?","M","M","E","R","E","T","M","M","E","M","?","R","BOSS","M","$","?","?","M","E","R","?","T","E","?","?","E","?","R","BOSS","M","?","$","M","?","R","E","R","T","M","R","E","R","E","R","BOSS","R","$","E","BOSS"],"items_purchased_type":["Relic","Relic","Card","Relic","Relic","Relic","Relic","Relic","Card","Card"],"build_version":"2020-12-13","purchased_purges":3,"victory":true,"max_hp_per_floor":[75,75,75,75,75,75,75,75,75,75,75,75,75,75,75,75,75,75,75,75,75,75,75,75,37,37,37,37,37,37,37,37,37,37,37,37,37,37,37,37,37,37,37,37,37,37,37,37,37,37,37,37,37,37,37],"card_choices":[{"not_picked":["DC","Occultation"],"picked":"DoubleSpark","floor":1.0},{"not_picked":["Occultation","UnstableBomb"],"picked":"GrandCross","floor":3.0},{"not_picked":["PowerUp","CollectingQuirk"],"picked":"OortCloud","floor":4.0},{"not_picked":["WitchLeyline","DarkSpark"],"picked":"StarBarrage","floor":5.0},{"not_picked":["ChargeUpSpray","WitchOfGreed"],"picked":"DeepEcoloBomb","floor":6.0},{"not_picked":["GrandCross","ShootingEcho","DC"],"picked":"SKIP","floor":8.0},{"not_picked":["ShootingEcho","StarlightTyphoon","6A"],"picked":"SKIP","floor":10.0},{"not_picked":["RefractionSpark","GrandCross"],"picked":"PropBag","floor":11.0},{"not_picked":["StarlightTyphoon","NonDirectionalLaser"],"picked":"AsteroidBelt","floor":12.0},{"not_picked":["EnergyRecoil","PowerUp","WitchLeyline"],"picked":"SKIP","floor":13.0},{"not_picked":["FinalSpark","CasketOfStar"],"picked":"CollectingQuirk","floor":16.0},{"not_picked":["GrandCross","NonDirectionalLaser"],"picked":"EnergyFlow","floor":18.0},{"not_picked":["PowerUp+1","AsteroidBelt+1","OpenUniverse+1"],"picked":"SKIP","floor":22.0},{"not_picked":["MysteriousBeam","LuminesStrike"],"picked":"MaximisePower+1","floor":23.0},{"not_picked":["NonDirectionalLaser","MysteriousBeam","MaximisePower+1"],"picked":"SKIP","floor":27.0},{"not_picked":["DoubleSpark","IllusionStar+1"],"picked":"MagicChant+1","floor":29.0},{"not_picked":["MachineGunSpark","SprinkleStarSeal+1"],"picked":"Acceleration+1","floor":30.0},{"not_picked":["NonDirectionalLaser+1"],"picked":"SKIP","floor":35.0},{"not_picked":[],"picked":"MilkyWay+1","floor":38.0},{"not_picked":["Orbital+1"],"picked":"SKIP","floor":41},{"not_picked":[],"picked":"EnergyRecoil+1","floor":44},{"not_picked":["AsteroidBelt+1"],"picked":"SKIP","floor":46},{"not_picked":["AsteroidBelt+1"],"picked":"SKIP","floor":46},{"not_picked":["WitchLeyline+1"],"picked":"SKIP","floor":48},{"not_picked":["GrandCross+1"],"picked":"SKIP","floor":54}],"player_experience":125374,"relics_obtained":[{"floor":6.0,"key":"The Courier"},{"floor":8.0,"key":"Bird Faced Urn"},{"floor":9.0,"key":"HandmadeGrimoire"},{"floor":12.0,"key":"Meat on the Bone"},{"floor":23.0,"key":"MagicBroom"},{"floor":27.0,"key":"Pantograph"},{"floor":30.0,"key":"Peace Pipe"},{"floor":31.0,"key":"Necronomicon"},{"floor":41,"key":"Ancient Tea Set"},{"floor":43,"key":"Thread and Needle"},{"floor":46,"key":"Juzu Bracelet"},{"floor":48,"key":"Ornamental Fan"},{"floor":54,"key":"Shuriken"}],"event_choices":[{"cards_removed":["Strike_MRS"],"damage_healed":0.0,"max_hp_gain":0.0,"max_hp_loss":0.0,"gold_gain":0.0,"event_name":"Purifier","player_choice":"Purged","floor":2.0,"gold_loss":0.0,"damage_taken":0.0},{"cards_removed":["Strike_MRS"],"damage_healed":0.0,"max_hp_gain":0.0,"max_hp_loss":0.0,"gold_gain":0.0,"event_name":"Living Wall","player_choice":"Forget","floor":14.0,"gold_loss":0.0,"damage_taken":0.0},{"damage_healed":0.0,"max_hp_gain":0.0,"max_hp_loss":0.0,"gold_gain":0.0,"event_name":"Drug Dealer","player_choice":"Inject Mutagens","floor":20.0,"gold_loss":0.0,"damage_taken":0.0,"relics_obtained":["MutagenicStrength"]},{"damage_healed":0.0,"max_hp_gain":0.0,"max_hp_loss":0.0,"gold_gain":0.0,"event_name":"The Mausoleum","player_choice":"Opened","floor":21.0,"gold_loss":0.0,"damage_taken":0.0,"relics_obtained":["Happy Flower"]},{"damage_healed":0.0,"max_hp_gain":0.0,"max_hp_loss":38.0,"gold_gain":0.0,"event_name":"Ghosts","player_choice":"Became a Ghost","floor":25.0,"gold_loss":0.0,"damage_taken":0.0,"cards_obtained":["Ghostly","Ghostly","Ghostly","Ghostly","Ghostly"]},{"damage_healed":0.0,"max_hp_gain":0.0,"max_hp_loss":0.0,"gold_gain":0.0,"event_name":"Upgrade Shrine","player_choice":"Upgraded","floor":28.0,"gold_loss":0.0,"damage_taken":0.0,"cards_upgraded":["EnergyFlow"]},{"damage_healed":0.0,"max_hp_gain":0.0,"max_hp_loss":0.0,"gold_gain":0.0,"event_name":"Cursed Tome","player_choice":"Obtained Book","floor":31.0,"gold_loss":0.0,"damage_taken":16.0},{"cards_removed":["EnergyFlow"],"damage_healed":0.0,"max_hp_gain":0.0,"max_hp_loss":0.0,"gold_gain":0.0,"event_name":"Falling","player_choice":"Removed Power","floor":36.0,"gold_loss":0.0,"damage_taken":0.0},{"damage_healed":0.0,"max_hp_gain":0.0,"max_hp_loss":0.0,"gold_gain":999.0,"event_name":"MindBloom","player_choice":"Gold","floor":39.0,"gold_loss":0.0,"damage_taken":0.0,"cards_obtained":["Normality","Normality"]}],"is_beta":false,"boss_relics":[{"not_picked":["Philosopher\u0027s Stone","Empty Cage"],"picked":"Coffee Dripper"},{"not_picked":["RampagingMagicTools","Runic Pyramid"],"picked":"Busted Crown"}],"items_purged_floors":[19,37,53],"is_endless":false,"potions_floor_spawned":[1,6,8,13,18,23,29,41,46],"ascension_level":9}}