{"host":"y9jgkjnf95sujozk","time":1608559446,"event":{"mods":["2.2 Compatiblity","AchievementEnabler","Act Like it!","BaseMod","Block Reminder","Colored Map","Colored Powertips","Downfall","Friendly Minions","Gensokyo","GifTheSpireLib","Hermit","Highlight Path","HololiveMod","MarisaÅiñ∂âJÅ@ñÇóùçπÅj","Minty Spire (QoL Compilation)","Random Character Button","Rare Cards Sparkle","Replay The Spire","StSLib","SuperFastMode","The Animator","The Bug Knight","The Cursed","The Servant 0.9.4"],"gold_per_floor":[212,232,252,268,279,279,279,299,352,366,366,445,21,21,21,124,124,139,139,43,43,43,43,55,55,55],"floor_reached":25,"playtime":899,"items_purged":["Parasite","hexamod:Haunted"],"score":195,"play_id":"2be18fe0-16de-4042-b73a-98edbfd6644f","local_time":"20201221150406","is_ascension_mode":false,"campfire_choices":[{"floor":6,"key":"REST"},{"floor":15,"key":"REST"},{"floor":23,"key":"REST"}],"circlet_count":0,"master_deck":["hermit:Strike_Hermit","hermit:Strike_Hermit","hermit:Strike_Hermit","hermit:Strike_Hermit","hermit:Defend_Hermit","hermit:Defend_Hermit","hermit:Defend_Hermit","hermit:Defend_Hermit","hermit:Snapshot","hermit:Covet","hermit:Showdown","hermit:ShadowCloak","hermit:CalledShot","hermit:HighCaliber","hermit:GhostlyPresence","hermit:FullyLoaded","hermit:HighNoon","expansioncontent:Corrupt","hermit:FinalCanter","hermit:Coalescence+1","hermit:HighNoon","Looming Evil","hermit:Combo+1"],"relics":["hermit:Momento","Vajra","OrangePellets","hermit:BartenderGlass","ReplayTheSpireMod:CursedCoin","Calipers"],"acts_visited":["Exordium","TheCity"],"potions_floor_usage":[7,16,16,24,24,25,25,25,25],"damage_taken":[{"damage":2.0,"enemies":"Jaw Worm","floor":1.0,"turns":5.0},{"damage":0,"enemies":"2 Louse","floor":2,"turns":2},{"damage":0,"enemies":"Cultist","floor":3,"turns":4},{"damage":8,"enemies":"Red Slaver","floor":4,"turns":4},{"damage":9,"enemies":"Blue Slaver","floor":5,"turns":3},{"damage":0,"enemies":"2 Fungi Beasts","floor":7,"turns":1},{"damage":18,"enemies":"3 Louse","floor":8,"turns":5},{"damage":6,"enemies":"Red Slaver","floor":10,"turns":3},{"damage":43,"enemies":"Fading Forest","floor":16,"turns":11},{"damage":50,"enemies":"Spheric Guardian","floor":18,"turns":6},{"damage":39,"enemies":"3 Byrds","floor":24,"turns":6},{"damage":13,"enemies":"Snecko","floor":25,"turns":4}],"seed_played":"268129676770310258","potions_obtained":[{"floor":1.0,"key":"hermit:BlackBile"},{"floor":3,"key":"SmokeBomb"},{"floor":5,"key":"Elixir"},{"floor":16,"key":"Dexterity Potion"},{"floor":24,"key":"hexamod:EctoCoolerPotion"}],"is_trial":false,"path_per_floor":["M","M","M","M","M","R","M","M","T","M","?","?","$","?","R","B",null,"M","?","$","?","$","R","M","M"],"character_chosen":"HERMIT","items_purchased":["OrangePellets","expansioncontent:Corrupt","ReplayTheSpireMod:CursedCoin","hermit:HighNoon"],"campfire_rested":3,"item_purchase_floors":[13,13,20,20],"current_hp_per_floor":[73,73,73,65,56,75,75,57,57,51,69,69,69,69,72,39,72,22,22,22,22,22,43,4,0,0],"gold":55,"neow_bonus":"HUNDRED_GOLD","is_daily":false,"chose_seed":false,"campfire_upgraded":0,"win_rate":0.0,"timestamp":1608559446,"path_taken":["M","M","M","M","M","R","M","M","T","M","?","?","$","?","R","BOSS","M","?","?","?","?","R","M","M"],"items_purchased_type":["Relic","Card","Relic","Card"],"build_version":"2020-12-13","purchased_purges":2,"victory":false,"max_hp_per_floor":[75,75,75,75,75,75,75,75,75,75,75,75,72,72,72,72,72,72,72,72,72,72,72,72,72,72],"card_choices":[{"not_picked":["hermit:ItchyTrigger","hermit:Scavenge"],"picked":"hermit:Showdown","floor":1.0},{"not_picked":["hermit:TrackingShot","hermit:Snipe"],"picked":"hermit:ShadowCloak","floor":2},{"not_picked":["hermit:Manifest","hermit:FatalDesire"],"picked":"hermit:CalledShot","floor":3},{"not_picked":["hermit:Coalescence","hermit:CalledShot"],"picked":"hermit:HighCaliber","floor":4},{"not_picked":["hermit:Feint","hermit:Misfire"],"picked":"hermit:GhostlyPresence","floor":5},{"not_picked":["hermit:LuckOfTheDraw","hermit:Vantage"],"picked":"hermit:FullyLoaded","floor":8},{"not_picked":["hermit:Dive","hermit:Shortfuse"],"picked":"hermit:HighNoon","floor":10},{"not_picked":["hermit:FromBeyond","hermit:Gambit"],"picked":"hermit:FinalCanter","floor":16},{"not_picked":["hermit:Feint","hermit:Glare"],"picked":"hermit:Coalescence","floor":18},{"not_picked":["hermit:TakeAim","hermit:Roulette"],"picked":"hermit:Combo+1","floor":24}],"player_experience":116576,"relics_obtained":[{"floor":9,"key":"Vajra"}],"event_choices":[{"damage_healed":18,"gold_gain":0,"player_choice":"Healed and dodged fight","damage_taken":0,"max_hp_gain":0,"max_hp_loss":0,"event_name":"Mushrooms","floor":11,"gold_loss":0,"cards_obtained":["Parasite"]},{"damage_healed":0,"gold_gain":79,"player_choice":"Gained Gold","damage_taken":0,"max_hp_gain":0,"max_hp_loss":0,"event_name":"Golden Wing","floor":12,"gold_loss":0},{"damage_healed":0,"gold_gain":0,"player_choice":"Ignored","damage_taken":0,"max_hp_gain":0,"max_hp_loss":0,"event_name":"Purifier","floor":14,"gold_loss":0},{"damage_healed":0,"gold_gain":0,"player_choice":"Forge","damage_taken":0,"max_hp_gain":0,"max_hp_loss":0,"event_name":"Accursed Blacksmith","floor":19,"gold_loss":0,"cards_upgraded":["hermit:Coalescence"]}],"is_beta":false,"boss_relics":[{"not_picked":["Honey Jar","Black Star"],"picked":"hermit:BartenderGlass"}],"items_purged_floors":[13,20],"is_endless":false,"potions_floor_spawned":[1,3,5,16,24],"killed_by":"Snecko","ascension_level":0}}