{"host":"c43fkomrial8fa1s","time":1608510250,"event":{"mods":["BaseMod","Googly Eyes","Minty Spire (QoL Compilation)","Quick Restart","Relic Stats","StSLib"],"gold_per_floor":[113,113,113,129,28,56,56,83,110,110,185,204,204,204,204,299,299,319,319,16,42,42,42,77,77,123,143,143,243,256,276,276,378,378,396,415,4,4,21,48,98,124,149,149,0,0,16,26,26,26,26],"floor_reached":50,"playtime":4293,"items_purged":["Strike_G","Strike_G"],"score":656,"play_id":"e5e644d5-e601-43b6-b792-2891adf80776","local_time":"20201220182410","is_ascension_mode":true,"campfire_choices":[{"data":"Noxious Fumes","floor":7,"key":"SMITH"},{"data":"Adrenaline","floor":10,"key":"SMITH"},{"data":"Neutralize","floor":15,"key":"SMITH"},{"data":"Apotheosis","floor":23,"key":"SMITH"},{"floor":25,"key":"REST"},{"floor":32,"key":"REST"},{"floor":44,"key":"REST"},{"floor":46,"key":"REST"},{"floor":49,"key":"REST"}],"circlet_count":0,"master_deck":["Strike_G+1","Strike_G","Strike_G","Defend_G","Defend_G+1","Defend_G","Defend_G","Defend_G+1","Survivor","Neutralize+1","Acrobatics","Poisoned Stab","Noxious Fumes+1","Adrenaline+1","Backflip","Cloak And Dagger+1","Cloak And Dagger","Noxious Fumes","Apotheosis+1","Clumsy","Night Terror","Writhe","Writhe"],"relics":["Ring of the Snake","NeowsBlessing","Smiling Mask","White Beast Statue","Omamori","Strawberry","Cursed Key","Regal Pillow","Paper Crane","War Paint","Kunai","Dead Branch","Darkstone Periapt","Runic Pyramid","Bronze Scales","Pear","Bag of Marbles","FossilizedHelix","Akabeko","Anchor","Red Mask"],"acts_visited":["Exordium","TheCity","TheBeyond"],"potions_floor_usage":[8,16,24,29,29,29,31,33,40,40,47],"damage_taken":[{"damage":0,"enemies":"Small Slimes","floor":1,"turns":1},{"damage":0,"enemies":"Jaw Worm","floor":4,"turns":1},{"damage":0,"enemies":"Lagavulin","floor":6,"turns":1},{"damage":11,"enemies":"Gremlin Nob","floor":8,"turns":4},{"damage":0,"enemies":"Cultist","floor":12,"turns":3},{"damage":32,"enemies":"Slime Boss","floor":16,"turns":10},{"damage":3,"enemies":"Shell Parasite","floor":18,"turns":7},{"damage":15,"enemies":"Slavers","floor":24,"turns":5},{"damage":10,"enemies":"Spheric Guardian","floor":27,"turns":4},{"damage":14,"enemies":"Colosseum Slavers","floor":29,"turns":4},{"damage":22,"enemies":"Colosseum Nobs","floor":29,"turns":5},{"damage":18,"enemies":"Centurion and Healer","floor":30,"turns":6},{"damage":8,"enemies":"3 Cultists","floor":31,"turns":3},{"damage":42,"enemies":"Collector","floor":33,"turns":10},{"damage":6,"enemies":"Orb Walker","floor":35,"turns":4},{"damage":4,"enemies":"3 Shapes","floor":36,"turns":3},{"damage":0,"enemies":"Maw","floor":39,"turns":6},{"damage":7,"enemies":"Giant Head","floor":40,"turns":6},{"damage":8,"enemies":"Mind Bloom Boss Battle","floor":41,"turns":8},{"damage":54,"enemies":"Reptomancer","floor":42,"turns":8},{"damage":21,"enemies":"3 Darklings","floor":47,"turns":4},{"damage":11,"enemies":"Sphere and 2 Shapes","floor":48,"turns":7},{"damage":99,"enemies":"Time Eater","floor":50,"turns":12}],"seed_played":"8472461718979590465","potions_obtained":[{"floor":1,"key":"CunningPotion"},{"floor":12,"key":"Explosive Potion"},{"floor":16,"key":"LiquidMemories"},{"floor":18,"key":"EssenceOfSteel"},{"floor":24,"key":"ColorlessPotion"},{"floor":27,"key":"Poison Potion"},{"floor":29,"key":"LiquidBronze"},{"floor":30,"key":"Swift Potion"},{"floor":31,"key":"Block Potion"},{"floor":33,"key":"DuplicationPotion"},{"floor":35,"key":"ColorlessPotion"},{"floor":40,"key":"Swift Potion"},{"floor":41,"key":"BlessingOfTheForge"},{"floor":47,"key":"DuplicationPotion"}],"is_trial":false,"path_per_floor":["M","?","?","M","$","E","R","E","T","R","?","M","?","?","R","B",null,"M","?","$","T","$","R","E","R","T","M","T","?","M","M","R","B",null,"M","M","$","?","M","E","?","E","T","R","?","R","M","M","R","B"],"character_chosen":"THE_SILENT","items_purchased":["Poisoned Stab","Noxious Fumes","Apotheosis","Bronze Scales","Pear"],"campfire_rested":5,"item_purchase_floors":[5,20,20,37,37],"current_hp_per_floor":[70,56,61,61,61,61,61,50,50,50,39,39,57,46,46,14,82,79,79,79,79,79,79,64,82,82,72,72,36,18,10,49,7,82,76,72,82,82,82,75,67,13,19,63,63,98,77,66,98,0,0],"gold":26,"neow_bonus":"THREE_ENEMY_KILL","is_daily":false,"chose_seed":false,"campfire_upgraded":4,"win_rate":0.0,"timestamp":1608510250,"path_taken":["M","?","?","M","?","E","R","E","T","R","?","M","?","?","R","BOSS","M","?","$","?","?","R","E","R","T","M","?","?","M","M","R","BOSS","M","M","$","?","M","E","?","E","T","R","?","R","M","M","R","BOSS"],"items_purchased_type":["Card","Card","Card","Relic","Relic"],"build_version":"2020-12-13","purchased_purges":2,"victory":false,"max_hp_per_floor":[70,70,75,75,75,75,75,75,75,75,75,75,75,82,82,82,82,82,82,82,82,82,82,82,82,82,82,82,82,82,82,82,82,82,82,82,92,92,92,92,92,92,98,98,98,98,98,98,98,98,98],"relic_stats":{"Darkstone Periapt":6,"Regal Pillow":39,"counters":[23,122],"Dead Branch":[152],"Bronze Scales":[177],"Kunai":[51],"War Paint":["Defend_G","Cloak And Dagger"],"Smiling Mask":50,"Cursed Key":4,"obtain_stats":[{"Darkstone Periapt":29,"Regal Pillow":21,"Pear":37,"NeowsBlessing":0,"Dead Branch":29,"Omamori":9,"Paper Crane":24,"War Paint":26,"Smiling Mask":6,"Cursed Key":17,"White Beast Statue":8,"Akabeko":42,"Anchor":43,"Strawberry":14,"Bronze Scales":37,"Bag of Marbles":40,"Red Mask":45,"Kunai":28,"FossilizedHelix":41,"Ring of the Snake":0,"Runic Pyramid":34},{"Darkstone Periapt":11,"Regal Pillow":7,"Pear":16,"NeowsBlessing":0,"Dead Branch":11,"Omamori":4,"Paper Crane":8,"War Paint":8,"Smiling Mask":3,"Cursed Key":6,"White Beast Statue":4,"Akabeko":20,"Anchor":20,"Strawberry":5,"Bronze Scales":16,"Bag of Marbles":18,"Red Mask":20,"Kunai":9,"FossilizedHelix":19,"Ring of the Snake":0,"Runic Pyramid":14},{"Darkstone Periapt":45,"Regal Pillow":27,"Pear":71,"NeowsBlessing":0,"Dead Branch":45,"Omamori":7,"Paper Crane":32,"War Paint":32,"Smiling Mask":3,"Cursed Key":20,"White Beast Statue":7,"Akabeko":99,"Anchor":99,"Strawberry":10,"Bronze Scales":71,"Bag of Marbles":83,"Red Mask":99,"Kunai":36,"FossilizedHelix":91,"Ring of the Snake":0,"Runic Pyramid":64}],"Ring of the Snake":[46]},"card_choices":[{"not_picked":["Caltrops","Escape Plan"],"picked":"Acrobatics","floor":1},{"not_picked":["Underhanded Strike","Predator","Dagger Spray"],"picked":"SKIP","floor":4},{"not_picked":["Adrenaline","Dodge and Roll"],"picked":"Noxious Fumes","floor":6},{"not_picked":["All Out Attack","Underhanded Strike"],"picked":"Adrenaline","floor":8},{"not_picked":["Accuracy","Flying Knee"],"picked":"Backflip","floor":12},{"not_picked":["Slice","Eviscerate+1"],"picked":"Cloak And Dagger","floor":18},{"not_picked":["Choke","Dagger Throw","Deflect"],"picked":"SKIP","floor":24},{"not_picked":["Acrobatics","Prepared"],"picked":"Night Terror","floor":27},{"not_picked":["Predator","Well Laid Plans"],"picked":"Outmaneuver","floor":29},{"not_picked":["Flying Knee","Quick Slash","Cloak And Dagger"],"picked":"SKIP","floor":30},{"not_picked":["Terror","PiercingWail","Cloak And Dagger"],"picked":"SKIP","floor":31},{"not_picked":["Flying Knee","Distraction","PiercingWail"],"picked":"SKIP","floor":35},{"not_picked":["Dodge and Roll","Escape Plan+1","Flechettes"],"picked":"SKIP","floor":36},{"not_picked":["Deflect","Prepared+1","Well Laid Plans+1"],"picked":"SKIP","floor":39},{"not_picked":["Corpse Explosion","Infinite Blades","Poisoned Stab+1"],"picked":"SKIP","floor":40},{"not_picked":["Choke","Sucker Punch+1","Bouncing Flask"],"picked":"SKIP","floor":42},{"not_picked":["Backflip+1","Setup","Poisoned Stab"],"picked":"SKIP","floor":47},{"not_picked":["Sucker Punch","Prepared","Deflect"],"picked":"SKIP","floor":48}],"player_experience":337779,"relics_obtained":[{"floor":6,"key":"Smiling Mask"},{"floor":8,"key":"White Beast Statue"},{"floor":9,"key":"Omamori"},{"floor":21,"key":"Regal Pillow"},{"floor":24,"key":"Paper Crane"},{"floor":26,"key":"War Paint"},{"floor":28,"key":"Kunai"},{"floor":29,"key":"Dead Branch"},{"floor":29,"key":"Darkstone Periapt"},{"floor":40,"key":"Bag of Marbles"},{"floor":41,"key":"FossilizedHelix"},{"floor":42,"key":"Akabeko"},{"floor":43,"key":"Anchor"}],"event_choices":[{"damage_healed":0,"gold_gain":0,"player_choice":"Entered Light","damage_taken":14,"max_hp_gain":0,"max_hp_loss":0,"event_name":"Shining Light","floor":2,"gold_loss":0,"cards_upgraded":["Strike_G","Defend_G"]},{"damage_healed":0,"gold_gain":0,"player_choice":"Donut","damage_taken":0,"max_hp_gain":5,"max_hp_loss":0,"event_name":"Big Fish","floor":3,"gold_loss":0},{"damage_healed":0,"gold_gain":75,"player_choice":"Gather Gold","damage_taken":11,"max_hp_gain":0,"max_hp_loss":0,"event_name":"World of Goop","floor":11,"gold_loss":0},{"damage_healed":18,"gold_gain":0,"player_choice":"Healed and dodged fight","damage_taken":0,"max_hp_gain":0,"max_hp_loss":0,"event_name":"Mushrooms","floor":13,"gold_loss":0,"cards_obtained":["Parasite"]},{"damage_healed":0,"gold_gain":0,"player_choice":"Success","damage_taken":18,"relics_obtained":["Strawberry"],"max_hp_gain":0,"max_hp_loss":0,"event_name":"Scrap Ooze","floor":14,"gold_loss":0},{"damage_healed":0,"gold_gain":0,"player_choice":"Copied","damage_taken":0,"max_hp_gain":0,"max_hp_loss":0,"event_name":"Duplicator","floor":19,"gold_loss":0,"cards_obtained":["Cloak And Dagger"]},{"damage_healed":0,"gold_gain":0,"player_choice":"Fight","damage_taken":0,"max_hp_gain":0,"max_hp_loss":0,"event_name":"Colosseum","floor":29,"gold_loss":0},{"damage_healed":0,"gold_gain":0,"player_choice":"Fought Nobs","damage_taken":0,"max_hp_gain":0,"max_hp_loss":0,"event_name":"Colosseum","floor":29,"gold_loss":0},{"cards_removed":["Outmaneuver"],"damage_healed":0,"gold_gain":0,"player_choice":"Removed Skill","damage_taken":0,"max_hp_gain":0,"max_hp_loss":0,"event_name":"Falling","floor":38,"gold_loss":0},{"damage_healed":0,"gold_gain":0,"player_choice":"Fight","damage_taken":0,"max_hp_gain":0,"max_hp_loss":0,"event_name":"MindBloom","floor":41,"gold_loss":0},{"damage_healed":0,"gold_gain":0,"player_choice":"Paid","damage_taken":0,"relics_obtained":["Red Mask"],"max_hp_gain":0,"max_hp_loss":0,"event_name":"Tomb of Lord Red Mask","floor":45,"gold_loss":149}],"is_beta":false,"boss_relics":[{"not_picked":["Philosopher\u0027s Stone","Empty Cage"],"picked":"Cursed Key"},{"not_picked":["Snecko Eye","Pandora\u0027s Box"],"picked":"Runic Pyramid"}],"items_purged_floors":[5,20],"is_endless":false,"potions_floor_spawned":[1,12,16,18,24,27,29,29,30,31,33,35,36,39,40,41,42,47,48],"killed_by":"Time Eater","ascension_level":3}}