{"host":"684z1xpuwaoqmmh1","time":1608581842,"event":{"mods":["BaseMod","Downfall","Hermit","Jorbs\u0027s Wanderer Trilogy","Marisa????????","Minty Spire (QoL Compilation)","StSLib","The Hierophant","The Mystic"],"gold_per_floor":[99,99,125,50,81,101,101,101,11,11,11,28,28,13,28,105,105,105,133,153,153,62,62,141,226,259,259,109,109,122,67,67,67,67],"floor_reached":32,"playtime":1337,"items_purged":["champ:Strike"],"score":657,"play_id":"2fd3ee55-34f3-469d-a2a4-b8ea00e4805c","local_time":"20201221221722","is_ascension_mode":true,"campfire_choices":[{"floor":1.0,"key":"RECALL"},{"data":"champ:Taunt","floor":4.0,"key":"SMITH"},{"data":"champ:Backstep","floor":8.0,"key":"SMITH"},{"data":"champ:Improvising","floor":10.0,"key":"SMITH"},{"data":"champ:FanOfKnives","floor":18.0,"key":"SMITH"},{"data":"champ:ShieldThrow","floor":21.0,"key":"SMITH"},{"floor":27.0,"key":"REST"}],"circlet_count":0,"master_deck":["AscendersBane","champ:Strike","champ:Strike","champ:Strike","champ:Defend","champ:Defend","champ:Defend+1","champ:Defend","champ:Execute","champ:Taunt+1","champ:StanceDance+1","champ:CrookedStrike","champ:GladiatorStyle","champ:Backstep+1","champ:Improvising+1","champ:Haymaker","champ:FanOfKnives+1","champ:ShieldThrow+1","CurseOfTheBell","champ:FlashCut","champ:Control+1","champ:AdrenalArmor","champ:IgnorePain","champ:Backstep","Ghostly","champ:ShieldSigil","champ:IgnorePain","champ:DefensiveStyle","champ:Circumvent"],"relics":["champ:ChampionCrown","downfall:HeartsMalice","War Paint","downfall:HeartBlessingRed","Orichalcum","champ:SpectersHand","Sundial","Calling Bell","Happy Flower","Eternal Feather","Calipers","Boot","The Courier","champ:DuelingGlove","Nilry\u0027s Codex","ClockworkSouvenir","Singing Bowl"],"acts_visited":["Exordium","TheCity"],"potions_floor_usage":[32],"damage_taken":[{"damage":0.0,"enemies":"2 Louse","floor":2.0,"turns":1.0},{"damage":0.0,"enemies":"Gremlin Nob","floor":3.0,"turns":1.0},{"damage":0.0,"enemies":"Lagavulin","floor":5.0,"turns":1.0},{"damage":8.0,"enemies":"Jaw Worm","floor":6.0,"turns":4.0},{"damage":5.0,"enemies":"downfall:FleeingMerchant","floor":9.0,"turns":4.0},{"damage":12.0,"enemies":"Small Slimes","floor":12.0,"turns":4.0},{"damage":5.0,"enemies":"downfall:FleeingMerchant","floor":14.0,"turns":4.0},{"damage":1.0,"enemies":"3 Louse","floor":15.0,"turns":2.0},{"damage":42.0,"enemies":"downfall:Silent","floor":16.0,"turns":8.0},{"damage":71.0,"enemies":"Gremlin Leader","floor":19.0,"turns":10.0},{"damage":16.0,"enemies":"Spheric Guardian","floor":20.0,"turns":4.0},{"damage":9.0,"enemies":"downfall:FleeingMerchant","floor":22.0,"turns":4.0},{"damage":3.0,"enemies":"Book of Stabbing","floor":26.0,"turns":5.0},{"damage":5.0,"enemies":"Chosen and Byrds","floor":30.0,"turns":3.0},{"damage":15.0,"enemies":"downfall:FleeingMerchant","floor":31.0,"turns":4.0},{"damage":26,"enemies":"3 Cultists","floor":32,"turns":4}],"seed_played":"-6558984943848984290","potions_obtained":[{"floor":3.0,"key":"Guardian:BlockOnCardUsePotion"},{"floor":6.0,"key":"Explosive Potion"},{"floor":15.0,"key":"Regen Potion"},{"floor":19.0,"key":"Block Potion"}],"is_trial":false,"path_per_floor":["R","M","E","R","E","M","T","R","$","R","?","M","?","$","M","B",null,"R","E","M","R","$","?","T","?","E","R","?","?","M","$","M"],"character_chosen":"THE_CHAMP","items_purchased":["champ:IgnorePain","ClockworkSouvenir","champ:DefensiveStyle","Singing Bowl","champ:Circumvent"],"campfire_rested":1,"item_purchase_floors":[22,31,31,31,31],"current_hp_per_floor":[73,73,73,73,73,70,70,70,70,70,75,68,57,57,56,30,72,81,44,28,40,40,40,40,4,4,41,41,20,20,20,0,0,0],"gold":67,"neow_bonus":"THREE_ENEMY_KILL","is_daily":false,"chose_seed":false,"campfire_upgraded":5,"win_rate":0.0,"timestamp":1608581842,"path_taken":["R","M","E","R","E","M","T","R","$","R","?","M","?","$","M","BOSS","R","E","M","R","$","?","T","?","E","R","?","?","M","?","M"],"items_purchased_type":["Card","Relic","Card","Relic","Card"],"build_version":"2020-12-13","purchased_purges":1,"victory":false,"max_hp_per_floor":[81,81,81,81,81,81,81,81,81,81,86,86,86,86,86,86,86,86,86,86,86,86,86,86,86,86,86,86,86,86,86,86,86,86],"card_choices":[{"not_picked":["champ:FocusedBerserking","champ:DefensiveShout"],"picked":"champ:StanceDance","floor":2.0},{"not_picked":["champ:DefensiveShout","champ:StanceDance"],"picked":"champ:CrookedStrike","floor":3.0},{"not_picked":["champ:ArenaPreparation","champ:FocusedDefense"],"picked":"champ:GladiatorStyle","floor":5.0},{"not_picked":["champ:StanceDance","champ:Duel"],"picked":"champ:Backstep","floor":6.0},{"not_picked":["champ:RisingSlash","champ:HeartStrike"],"picked":"champ:Improvising","floor":9.0},{"not_picked":["champ:EnragedBash","champ:ViciousMockery","champ:StanceDance"],"picked":"SKIP","floor":12.0},{"not_picked":["champ:FocusedBerserking","champ:FanOfKnives"],"picked":"champ:Haymaker","floor":14.0},{"not_picked":["champ:FocusedDefense","champ:DefensiveShout"],"picked":"champ:FanOfKnives","floor":15.0},{"not_picked":["champ:LastStand","champ:Devastate"],"picked":"champ:ShieldThrow","floor":16.0},{"not_picked":["champ:HeartStrike","champ:EnragedBash"],"picked":"champ:FlashCut","floor":19.0},{"not_picked":["champ:CrookedStrike","champ:IronFortress"],"picked":"champ:Control+1","floor":20.0},{"not_picked":["champ:HeartStrike","champ:Circumvent"],"picked":"champ:AdrenalArmor","floor":22.0},{"not_picked":["champ:PreciseThrust","champ:FocusedGladiator"],"picked":"champ:Backstep","floor":26.0},{"not_picked":["champ:EnGarde","champ:Shatter"],"picked":"champ:ShieldSigil","floor":30.0},{"not_picked":["champ:FalseCounter","champ:Encircle"],"picked":"champ:IgnorePain","floor":31.0}],"player_experience":2361302,"relics_obtained":[{"floor":3.0,"key":"War Paint"},{"floor":5.0,"key":"Orichalcum"},{"floor":7.0,"key":"champ:SpectersHand"},{"floor":17.0,"key":"Happy Flower"},{"floor":17.0,"key":"Eternal Feather"},{"floor":17.0,"key":"Calipers"},{"floor":19.0,"key":"Boot"},{"floor":24.0,"key":"The Courier"},{"floor":26.0,"key":"champ:DuelingGlove"},{"floor":29.0,"key":"Nilry\u0027s Codex"}],"event_choices":[{"damage_healed":0.0,"max_hp_gain":5.0,"max_hp_loss":0.0,"gold_gain":0.0,"event_name":"Big Fish","player_choice":"Donut","floor":11.0,"gold_loss":0.0,"damage_taken":0.0},{"damage_healed":0.0,"max_hp_gain":0.0,"max_hp_loss":0.0,"gold_gain":0.0,"event_name":"Scrap Ooze","player_choice":"Success","floor":13.0,"gold_loss":0.0,"damage_taken":11.0,"relics_obtained":["Sundial"]},{"damage_healed":0.0,"max_hp_gain":0.0,"max_hp_loss":0.0,"gold_gain":0.0,"event_name":"Vampires","player_choice":"Ignored","floor":23.0,"gold_loss":0.0,"damage_taken":0.0}],"is_beta":false,"boss_relics":[{"not_picked":["Tiny House","Fusion Hammer"],"picked":"Calling Bell"}],"items_purged_floors":[9],"is_endless":false,"potions_floor_spawned":[3,6,15,16,19,20],"killed_by":"3 Cultists","ascension_level":17}}