{"host":"a9gsz7kv8aebwp1f","time":1608545898,"event":{"mods":["AchievementEnabler","BaseMod","Minty Spire (QoL Compilation)"],"gold_per_floor":[112,127,127,139,104,104,116,116,141,151,7,7,42,54,54,151,151,161,171,183,183,183],"floor_reached":21,"playtime":639,"items_purged":[],"score":312,"play_id":"fe0f50ab-705b-496e-9081-406a3309deaa","local_time":"20201221191818","is_ascension_mode":true,"campfire_choices":[{"data":"Perfected Strike","floor":6,"key":"SMITH"},{"data":"Shrug It Off","floor":8,"key":"SMITH"},{"floor":15,"key":"REST"}],"circlet_count":0,"master_deck":["AscendersBane","Strike_R","Strike_R","Strike_R+1","Strike_R","Strike_R","Defend_R","Defend_R","Defend_R","Defend_R","Bash+1","Perfected Strike+1","Battle Trance","Wild Strike","Shrug It Off+1","Clash","Demon Form","Power Through","Heavy Blade","Demon Form","Twin Strike","True Grit","True Grit"],"relics":["Burning Blood","Boot","PreservedInsect","Mark of Pain"],"acts_visited":["Exordium","TheCity"],"potions_floor_usage":[13,13,16,20,20],"damage_taken":[{"damage":14,"enemies":"Jaw Worm","floor":1,"turns":3},{"damage":6,"enemies":"Cultist","floor":2,"turns":3},{"damage":6,"enemies":"2 Louse","floor":4,"turns":2},{"damage":11,"enemies":"Looter","floor":7,"turns":2},{"damage":23,"enemies":"3 Louse","floor":10,"turns":3},{"damage":10,"enemies":"Gremlin Nob","floor":13,"turns":4},{"damage":21,"enemies":"Exordium Thugs","floor":14,"turns":5},{"damage":37,"enemies":"The Guardian","floor":16,"turns":7},{"damage":17,"enemies":"Spheric Guardian","floor":18,"turns":4},{"damage":40,"enemies":"3 Byrds","floor":19,"turns":6},{"damage":14,"enemies":"Centurion and Healer","floor":20,"turns":4},{"damage":42,"enemies":"Sentry and Sphere","floor":21,"turns":7}],"seed_played":"3839551438228696137","potions_obtained":[{"floor":0,"key":"PowerPotion"},{"floor":0,"key":"CultistPotion"},{"floor":0,"key":"HeartOfIron"},{"floor":12,"key":"FairyPotion"},{"floor":13,"key":"DuplicationPotion"},{"floor":14,"key":"DuplicationPotion"},{"floor":16,"key":"Dexterity Potion"},{"floor":18,"key":"ElixirPotion"}],"is_trial":false,"path_per_floor":["M","M","?","M","?","R","M","R","T","M","$","?","E","M","R","B",null,"M","M","M","M"],"character_chosen":"IRONCLAD","items_purchased":["Demon Form"],"campfire_rested":1,"item_purchase_floors":[11],"current_hp_per_floor":[64,64,48,48,68,68,63,63,63,46,46,46,42,27,51,20,65,54,20,12,0,0],"gold":183,"neow_bonus":"THREE_SMALL_POTIONS","is_daily":false,"chose_seed":false,"campfire_upgraded":2,"win_rate":0.0,"timestamp":1608545898,"path_taken":["M","M","?","M","?","R","M","R","T","M","$","?","E","?","R","BOSS","M","M","M","M"],"items_purchased_type":["Card"],"build_version":"2020-12-13","purchased_purges":0,"victory":false,"max_hp_per_floor":[80,80,80,80,80,80,80,80,80,80,80,80,80,80,80,80,80,80,80,80,80,80],"card_choices":[{"not_picked":["Pommel Strike","Iron Wave"],"picked":"Perfected Strike","floor":1},{"not_picked":["Iron Wave","Second Wind"],"picked":"Battle Trance","floor":2},{"not_picked":["Thunderclap","Iron Wave"],"picked":"Wild Strike","floor":4},{"not_picked":["Iron Wave","Shockwave"],"picked":"Shrug It Off","floor":7},{"not_picked":["Body Slam","Dark Embrace"],"picked":"Clash","floor":10},{"not_picked":["Warcry","Corruption"],"picked":"Power Through","floor":13},{"not_picked":["Sword Boomerang","Thunderclap"],"picked":"Heavy Blade","floor":14},{"not_picked":["Impervious","Offering"],"picked":"Demon Form","floor":16},{"not_picked":["Dark Embrace","Sword Boomerang"],"picked":"Twin Strike","floor":18},{"not_picked":["Armaments","Clash+1"],"picked":"True Grit","floor":19},{"not_picked":["Cleave","Havoc"],"picked":"True Grit","floor":20}],"player_experience":445706,"relics_obtained":[{"floor":9,"key":"Boot"},{"floor":13,"key":"PreservedInsect"}],"event_choices":[{"damage_healed":0,"gold_gain":0,"player_choice":"Entered Light","damage_taken":16,"max_hp_gain":0,"max_hp_loss":0,"event_name":"Shining Light","floor":3,"gold_loss":0,"cards_upgraded":["Strike_R","Bash"]},{"damage_healed":20,"gold_gain":0,"player_choice":"Healed","damage_taken":0,"max_hp_gain":0,"max_hp_loss":0,"event_name":"The Cleric","floor":5,"gold_loss":35},{"damage_healed":0,"gold_gain":0,"player_choice":"Got Potions","damage_taken":0,"max_hp_gain":0,"max_hp_loss":0,"event_name":"Lab","floor":12,"gold_loss":0}],"is_beta":false,"boss_relics":[{"not_picked":["Fusion Hammer","Astrolabe"],"picked":"Mark of Pain"}],"items_purged_floors":[],"is_endless":false,"potions_floor_spawned":[1,13,14,16,18],"killed_by":"Sentry and Sphere","ascension_level":10}}