{"host":"qg7fj05lalo09o61","time":1608582648,"event":{"mods":["Act Like it!","Always Whale","BaseMod","CapriCore","Gensokyo","Minty Spire (QoL Compilation)","StSLib","Yuyuko"],"gold_per_floor":[113,130,141,67,67,83,112,112,112,112,112,268,279,279,279,383,383,395,409,359,116,133,159,175,208,208,240,250,250,277,288,288,390,390,401,401,451,303,314,314,314,314,314,72,83,83,35,48,48,48],"floor_reached":51,"playtime":4027,"items_purged":[],"score":962,"play_id":"e4c0abec-8950-4c1a-94fe-be09b90e2060","local_time":"20201221233048","is_ascension_mode":true,"campfire_choices":[{"data":"Dark Wind","floor":8.0,"key":"SMITH"},{"data":"Deathly Ground","floor":10.0,"key":"SMITH"},{"floor":15.0,"key":"REST"},{"data":"Sweet of Phantom","floor":29.0,"key":"SMITH"},{"data":"Nihility","floor":32.0,"key":"SMITH"},{"data":"Chase The Sukhavati","floor":40,"key":"SMITH"},{"floor":42,"key":"REST"},{"floor":46,"key":"REST"},{"data":"Sweet of Phantom","floor":49,"key":"SMITH"}],"circlet_count":0,"master_deck":["Fantasy Butterflies","Fantasy Butterflies","Fantasy Butterflies","Fantasy Butterflies+1","Fantasy Butterflies+1","Dreamy Sakura","Dreamy Sakura","Dreamy Sakura","Dreamy Sakura","Deathly Ground+1","Faramita\u0027s Temptation","Dark Wind+1","Butterflies in Dream","Ghostdom Sakura+1","Nihility+1","Redemption of Death","Become Phantom","Chase The Sukhavati+1","City of Death+1","Sweet of Phantom+1","Bloom+1","Sweet of Phantom+1"],"relics":["Coronal","Yuyuko\u0027s fan","Trap Lamp","Gensokyo:OccultBall","Darkstone Periapt","Shuriken","Obi","Mango","Sozu","Kunai","MealTicket","Bag of Marbles","Singing Bowl","Whetstone","Happy Flower","Runic Pyramid","StoneCalendar","War Paint","Bronze Scales","Bottled Lightning"],"acts_visited":["Exordium","Gensokyo:Gensokyo","TheBeyond"],"potions_floor_usage":[50,50,50],"damage_taken":[{"damage":9.0,"enemies":"Gensokyo:2_Kodama","floor":1.0,"turns":2.0},{"damage":27.0,"enemies":"Gensokyo:Gryphon","floor":2.0,"turns":4.0},{"damage":14.0,"enemies":"Gensokyo:Python","floor":3.0,"turns":3.0},{"damage":7.0,"enemies":"Gensokyo:LivingMonolith","floor":6.0,"turns":4.0},{"damage":27.0,"enemies":"Gensokyo:Aya","floor":7.0,"turns":3.0},{"damage":41.0,"enemies":"Gensokyo:Mamizou","floor":12.0,"turns":6.0},{"damage":6.0,"enemies":"Gensokyo:2_Rabbits","floor":13.0,"turns":2.0},{"damage":8.0,"enemies":"Gensokyo:Reimu","floor":16.0,"turns":5.0},{"damage":76.0,"enemies":"Gensokyo:CosmicMonolith","floor":18.0,"turns":8.0},{"damage":3.0,"enemies":"Gensokyo:Chomper","floor":19.0,"turns":3.0},{"damage":14.0,"enemies":"Gensokyo:Wraith","floor":22.0,"turns":4.0},{"damage":20.0,"enemies":"Gensokyo:Reisen","floor":23.0,"turns":5.0},{"damage":10.0,"enemies":"Gensokyo:Mirror_and_Dog","floor":24.0,"turns":4.0},{"damage":17.0,"enemies":"Gensokyo:Tenshi","floor":25.0,"turns":4.0},{"damage":46.0,"enemies":"Gensokyo:Koishi","floor":27.0,"turns":5.0},{"damage":5.0,"enemies":"Gensokyo:Swordslinger","floor":28.0,"turns":5.0},{"damage":2.0,"enemies":"Gensokyo:Tenshi","floor":30.0,"turns":2.0},{"damage":35.0,"enemies":"Gensokyo:Monolith_and_Dog","floor":31.0,"turns":4.0},{"damage":53.0,"enemies":"Gensokyo:Eiki","floor":33.0,"turns":8.0},{"damage":21,"enemies":"3 Darklings","floor":35,"turns":4},{"damage":10,"enemies":"Mind Bloom Boss Battle","floor":37,"turns":4},{"damage":12,"enemies":"Orb Walker","floor":39,"turns":2},{"damage":24,"enemies":"Transient","floor":45,"turns":5},{"damage":30,"enemies":"Writhing Mass","floor":48,"turns":4},{"damage":22,"enemies":"Awakened One","floor":50,"turns":4}],"seed_played":"413904344873764575","potions_obtained":[{"floor":1.0,"key":"Keine"},{"floor":2.0,"key":"SkillPotion"},{"floor":7.0,"key":"Strength Potion"},{"floor":16.0,"key":"AttackPotion"}],"is_trial":false,"path_per_floor":["M","M","M","$","?","M","?","R","T","R","$","E","M","?","R","B",null,"M","M","?","$","M","E","M","E","T","E","M","R","E","M","R","B",null,"M","?","?","$","M","R","?","R","T","$","M","R","$","M","R","B",null],"character_chosen":"YUYOKO","items_purchased":["Phantom Gift","Kunai","War Paint","Bottled Lightning","Sweet of Phantom"],"campfire_rested":3,"item_purchase_floors":[4,21,38,44,47],"current_hp_per_floor":[31,26,34,34,34,36,27,27,27,27,27,24,26,19,35,49,54,20,32,39,39,57,56,57,57,57,30,63,63,65,59,59,50,71,69,69,74,75,74,74,74,75,75,75,65,77,77,71,71,73],"gold":48,"neow_bonus":"RANDOM_COMMON_RELIC","is_daily":false,"chose_seed":false,"campfire_upgraded":6,"win_rate":0.0,"timestamp":1608582648,"path_taken":["M","M","?","$","?","M","?","R","T","R","$","E","?","?","R","BOSS","M","M","?","$","M","E","?","E","T","E","M","R","E","M","R","BOSS","M","?","?","$","M","R","?","R","T","$","M","R","?","M","R","BOSS"],"items_purchased_type":["Card","Relic","Relic","Relic","Card"],"build_version":"2020-12-13","purchased_purges":0,"victory":true,"max_hp_per_floor":[40,40,40,40,40,40,40,40,40,40,40,40,40,54,54,54,54,54,54,61,61,61,61,61,61,61,63,65,65,67,69,69,71,71,73,73,75,75,75,75,75,75,75,75,77,77,77,79,79,79],"card_choices":[{"not_picked":["Butterflies Rainbow","Full Moon","Mini Ghostdom"],"picked":"SKIP","floor":1.0},{"not_picked":["Snow","Redemption of Death"],"picked":"Dark Wind","floor":2.0},{"not_picked":["Unstable Ward","Song of Papilio"],"picked":"Butterflies in Dream","floor":3.0},{"not_picked":["Spear of Papilio","Unknown Petal"],"picked":"Ghostdom Sakura","floor":6.0},{"not_picked":["Wandering Soul","Float on Moon"],"picked":"Nihility","floor":7.0},{"not_picked":["Supernatural Nether","Death Dancing","Gather the Spring"],"picked":"SKIP","floor":12.0},{"not_picked":["Gauzy Sakura","Elegance","Linger over Flower"],"picked":"SKIP","floor":13.0},{"not_picked":["Steamed Phantom","Monster Cherry Tree+1"],"picked":"Redemption of Death","floor":18.0},{"not_picked":["Death Dancing+1","Gone"],"picked":"Become Phantom","floor":19.0},{"not_picked":["Immigrant Phantom","Linger over Flower"],"picked":"Chase The Sukhavati","floor":22.0},{"not_picked":["Gone+1","Reunion after Death"],"picked":"City of Death","floor":23.0},{"not_picked":["Unpaved Way","Dancing Butterflies","Song of Papilio"],"picked":"SKIP","floor":24.0},{"not_picked":["Unstable Ward","Chase The Sukhavati"],"picked":"Sweet of Phantom","floor":25.0},{"not_picked":["Dancing Soul+1","Infinite Sin+1","Childlike+1"],"picked":"Singing Bowl","floor":27.0},{"not_picked":["Nihility","Unreal+1","Unborn Light"],"picked":"Singing Bowl","floor":28.0},{"not_picked":["Elegance","Postpone Bloom","Butterflies Rainbow+1"],"picked":"Singing Bowl","floor":30.0},{"not_picked":["Dark Wind","Gone","Trap Lamp"],"picked":"Singing Bowl","floor":31.0},{"not_picked":["Remain Here","Dying Dream","Reunion after Death"],"picked":"Singing Bowl","floor":33.0},{"not_picked":["Mini Ghostdom+1","Become Phantom+1","Gather the Spring+1"],"picked":"Singing Bowl","floor":35},{"not_picked":["Showy Withering+1","Monster Cherry Tree","Butterflies in Dream"],"picked":"Singing Bowl","floor":37},{"not_picked":["Elegance+1","Dying Butterflies"],"picked":"Bloom+1","floor":39},{"not_picked":["End of Faramita","Cerasus Subhirtella+1","Unborn Light"],"picked":"Singing Bowl","floor":45},{"not_picked":["Reverse The Screen+1","Ghostdom Sakura","Spear of Papilio+1"],"picked":"Singing Bowl","floor":48}],"player_experience":215811,"relics_obtained":[{"floor":7.0,"key":"Darkstone Periapt"},{"floor":9.0,"key":"Shuriken"},{"floor":12.0,"key":"Obi"},{"floor":16.0,"key":"Gensokyo:OccultBall"},{"floor":23.0,"key":"MealTicket"},{"floor":25.0,"key":"Bag of Marbles"},{"floor":26.0,"key":"Singing Bowl"},{"floor":27.0,"key":"Whetstone"},{"floor":30.0,"key":"Happy Flower"},{"floor":33.0,"key":"Gensokyo:OccultBall"},{"floor":37,"key":"StoneCalendar"},{"floor":43,"key":"Bronze Scales"}],"event_choices":[{"cards_removed":["Dreamy Sakura"],"damage_healed":0,"gold_gain":0,"player_choice":"Removed Skill","damage_taken":0,"max_hp_gain":0,"max_hp_loss":0,"event_name":"Falling","floor":36,"gold_loss":0},{"damage_healed":0,"gold_gain":0,"player_choice":"Fight","damage_taken":0,"max_hp_gain":0,"max_hp_loss":0,"event_name":"MindBloom","floor":37,"gold_loss":0},{"damage_healed":0,"gold_gain":0,"player_choice":"Ignored","damage_taken":0,"max_hp_gain":0,"max_hp_loss":0,"event_name":"Tomb of Lord Red Mask","floor":41,"gold_loss":0}],"is_beta":false,"boss_relics":[{"not_picked":["Ectoplasm","Fusion Hammer"],"picked":"Sozu"},{"not_picked":["SacredBark","Snecko Eye"],"picked":"Runic Pyramid"}],"items_purged_floors":[],"is_endless":false,"potions_floor_spawned":[1,2,7,16,25,27,28,31,33,35,37,45],"ascension_level":4}}