{"host":"zivz6e0vf73jivdq","time":1608554548,"event":{"mods":["ATMod(°¢èªMod)","Act Like it!","BaseMod","Friendly Minions","Gensokyo","HololiveMod","Koishi","Marisa£¨ìFÓê¡¡Ä§ÀíÉ³£©","Minty Spire (QoL Compilation)","MostiFishMod","Pale of the Ancients","Prisma Mod","Reimu£¨²©ÀöÁéÃÎ£©","Remilia£¨ÀÙÃ×ÀòÑÇ£©","Replay The Spire","RumiaBox-Â¶Ã×æ«µÄÉñÃØºÐ×Ó","StSLib","The Jungle","The Servant 0.9.4","Youmu£¨»êÆÇÑýÃÎ£©","¡¾¶«·½¶þ´Î´´×÷¡¿°ËÔÆ×Ïmod","¡¾ÒÅÎï¿¨ÅÆ¡¿REMEMod"],"gold_per_floor":[118,118,134,149,149,182,202,232,232,232,248,266,296,72,72,177,177,190,210,210,210,227,259,271,281,333,362,378,378,408,421,421,522,622,641,561,561,577,589,589,619,619,619,652,671,706,522,522,522,522,522,522,522,556,658],"floor_reached":56,"playtime":4192,"items_purged":["Strike_MRS","Strike_MRS"],"score":1982,"play_id":"d7de755d-b51b-4522-848b-16d7c5f96649","local_time":"20201221204228","is_ascension_mode":true,"campfire_choices":[{"data":"MagicChant","floor":15,"key":"SMITH"},{"data":"UltimateShortwave","floor":29,"key":"SMITH"},{"data":"OortCloud","floor":32,"key":"SMITH"},{"data":"AT_ShadowStep","floor":32,"key":"SMITH"},{"floor":40,"key":"RECALL"},{"data":"AbsoluteMagnitude","floor":42,"key":"SMITH"},{"data":"REME_Flogging","floor":42,"key":"SMITH"},{"data":"OortCloud","floor":49,"key":"SMITH"},{"data":"EventHorizon","floor":49,"key":"SMITH"},{"data":"PulseMagic","floor":52,"key":"SMITH"},{"data":"OrrerysSun","floor":52,"key":"SMITH"}],"circlet_count":0,"master_deck":["Defend_MRS","Defend_MRS","Defend_MRS","MasterSpark+1","UpSweep+1","REME_Flogging+1","AT_ShadowStep+1","PulseMagic+1","EventHorizon+1","EarthLightRay","UltimateShortwave+1","AbsoluteMagnitude+1","Acceleration","OrrerysSun+1","MagicChant+1","MillisecondPulsars+1","SporeBomb+1","MagicAbsorber","Writhe","SprinkleStarSeal+1","GalacticHalo+1","Acceleration","CasketOfStar+1","OortCloud+1","Gensokyo:ShootingStar","CasketOfStar+1","Acceleration+1","AsteroidBelt+1","OortCloud+1","SatelliteIllusion+1","OortCloud+1"],"relics":["MiniHakkero","DaveBox","REME_ComplimentaryCards","AT_ATBox","NeowsBlessing","BirthdayGift-Tetrahedron","Question Card","Strawberry","Darkstone Periapt","ReplayTheSpireMod:Shallot","AT_SeraphEmbrace","Mango","BrkXgEgg","ImportantClient","Black Star","Gensokyo:RedStar","Potion Belt","Quantum Egg","CrazyTorch:ReiMu","Toy Ornithopter","Replay:Arrowhead","Blue Doll","Replay:Wanted Poster","Bag of Marbles","SentryEyes","LastBattle","Gambling Chip","AT_BellDemon","CaptainsWheel","MealTicket","Strawberry","DianPoetry","TheAbacus","Vajra","Whetstone","REME_ArchaeologicalTools"],"acts_visited":["Exordium","Gensokyo:Gensokyo","TheBeyond","TheEnding"],"potions_floor_usage":[8,28,33,55,55,55,55],"damage_taken":[{"damage":0,"enemies":"Gensokyo:Python","floor":1,"turns":1},{"damage":0,"enemies":"Gensokyo:Gryphon","floor":3,"turns":1},{"damage":0,"enemies":"Gensokyo:2_Kodama","floor":4,"turns":1},{"damage":7,"enemies":"Gensokyo:Cirno","floor":6,"turns":4},{"damage":2,"enemies":"Gensokyo:LivingMonolith","floor":7,"turns":2},{"damage":4,"enemies":"Gensokyo:Aya","floor":8,"turns":3},{"damage":2,"enemies":"Gensokyo:VengefulSpirit","floor":11,"turns":2},{"damage":2,"enemies":"Gensokyo:CorruptedTreant","floor":12,"turns":1},{"damage":7,"enemies":"Gensokyo:Cirno","floor":13,"turns":4},{"damage":6,"enemies":"Gensokyo:Yukari","floor":16,"turns":4},{"damage":4,"enemies":"Gensokyo:Chomper","floor":18,"turns":3},{"damage":20,"enemies":"Gensokyo:3_Dogs","floor":19,"turns":2},{"damage":4,"enemies":"Gensokyo:Swordslinger","floor":22,"turns":3},{"damage":2,"enemies":"Gensokyo:Koishi","floor":23,"turns":2},{"damage":2,"enemies":"Gensokyo:Slime_Group","floor":24,"turns":2},{"damage":2,"enemies":"Gensokyo:Mirror_and_Dog","floor":25,"turns":2},{"damage":2,"enemies":"Gensokyo:Reisen","floor":27,"turns":2},{"damage":2,"enemies":"Gensokyo:Chomper_and_Gloop","floor":28,"turns":2},{"damage":2,"enemies":"Gensokyo:Tenshi","floor":30,"turns":2},{"damage":2,"enemies":"Gensokyo:Swordslinger","floor":31,"turns":2},{"damage":2,"enemies":"Gensokyo:Eiki","floor":33,"turns":2},{"damage":2,"enemies":"3 Darklings","floor":35,"turns":2},{"damage":0,"enemies":"Orb Walker","floor":38,"turns":1},{"damage":2,"enemies":"Spire Growth","floor":39,"turns":2},{"damage":2,"enemies":"Giant Head","floor":41,"turns":2},{"damage":2,"enemies":"R_Hoarder","floor":44,"turns":2},{"damage":4,"enemies":"Transient","floor":45,"turns":3},{"damage":0,"enemies":"Reptomancer","floor":46,"turns":1},{"damage":10,"enemies":"Donu and Deca","floor":50,"turns":2},{"damage":20,"enemies":"Shield and Spear","floor":54,"turns":2},{"damage":0,"enemies":"The Heart","floor":55,"turns":3}],"seed_played":"-279791037960518407","potions_obtained":[{"floor":3,"key":"AttackPotion"},{"floor":4,"key":"Fruit Juice"},{"floor":7,"key":"ZuzhouPotion:ReiMu"},{"floor":8,"key":"SkillPotion"},{"floor":12,"key":"BottledSpark"},{"floor":23,"key":"Adrenaline Potion"},{"floor":24,"key":"DuplicationPotion"},{"floor":28,"key":"ColorlessPotion"},{"floor":39,"key":"Block Potion"}],"is_trial":false,"path_per_floor":["M","?","M","M","?","E","M","E","T","?","M","M","E","$","R","B",null,"M","M","?","?","M","E","M","M","T","E","M","R","E","M","R","B",null,"M","$","T","M","M","R","E","R","T","E","M","E","$","?","R","B",null,"R","$","E","B",null],"character_chosen":"MARISA","items_purchased":["BrkXgEgg","TheAbacus","OortCloud"],"campfire_rested":0,"item_purchase_floors":[14,47,47],"current_hp_per_floor":[75,72,72,72,72,65,63,68,68,68,70,76,87,87,87,91,101,101,81,81,87,87,89,91,93,93,95,102,102,104,105,105,107,107,107,107,107,107,107,107,105,105,105,103,103,114,114,114,114,104,114,114,114,98,114],"gold":658,"neow_bonus":"THREE_ENEMY_KILL","is_daily":false,"chose_seed":false,"campfire_upgraded":10,"win_rate":0.0,"timestamp":1608554548,"path_taken":["M","?","M","M","?","E","M","E","T","?","M","?","E","$","R","BOSS","M","M","?","?","M","E","M","M","T","E","?","R","E","M","R","BOSS","M","$","?","M","M","R","E","R","T","E","M","E","$","?","R","BOSS","R","$","E","BOSS"],"items_purchased_type":["Relic","Relic","Card"],"build_version":"2020-12-13","purchased_purges":2,"victory":true,"max_hp_per_floor":[75,82,82,82,82,82,82,87,87,87,87,87,101,101,101,101,101,101,101,101,107,107,107,107,107,107,107,107,107,107,107,107,107,107,107,107,107,107,107,107,107,107,107,107,107,114,114,114,114,114,114,114,114,114,114],"card_choices":[{"not_picked":["6A","PowerUp"],"picked":"PulseMagic","floor":1},{"not_picked":["UnstableBomb","ManaConvection","DarkSpark"],"picked":"EventHorizon","floor":3},{"not_picked":["SporeBomb","MeteoricShower","GrandCross","Occultation"],"picked":"SKIP","floor":4},{"not_picked":["WitchOfGreed","Robbery","RefractionSpark"],"picked":"EarthLightRay","floor":6},{"not_picked":["6A","DC","StarlightTyphoon","Orbital"],"picked":"SKIP","floor":7},{"not_picked":["OrrerysSun","SuperPerseids","AsteroidBelt"],"picked":"UltimateShortwave","floor":8},{"not_picked":["6A","DarkMatter","UnstableBomb"],"picked":"Acceleration","floor":11},{"not_picked":["MysteriousBeam","NonDirectionalLaser","WitchLeyline"],"picked":"OrrerysSun","floor":12},{"not_picked":["MilkyWay","DC","StarlightTyphoon"],"picked":"MagicChant","floor":13},{"not_picked":["BigCrunch+1","UltimateShortwave+1","SuperNova+1"],"picked":"MillisecondPulsars+1","floor":16},{"not_picked":["DoubleSpark","OrrerysSun","SprinkleStarSeal"],"picked":"SporeBomb+1","floor":18},{"not_picked":["StarlightTyphoon","DeepEcoloBomb+1","AsteroidBelt"],"picked":"MagicAbsorber","floor":19},{"not_picked":["PulseMagic","UnstableBomb","NonDirectionalLaser"],"picked":"SprinkleStarSeal+1","floor":22},{"not_picked":["DC","DarkMatter","WitchLeyline"],"picked":"GalacticHalo+1","floor":23},{"not_picked":["SporeBomb+1","MeteoricShower","MillisecondPulsars+1","DarkSpark"],"picked":"SKIP","floor":24},{"not_picked":["IllusionStar+1","NonDirectionalLaser","Occultation","GalacticHalo+1"],"picked":"SKIP","floor":25},{"not_picked":["PropBag","ChargingUp","DarkSpark","UnstableBomb+1"],"picked":"SKIP","floor":27},{"not_picked":["ShootingEcho","AsteroidBelt","NonDirectionalLaser"],"picked":"Acceleration","floor":28},{"not_picked":["NonDirectionalLaser","PropBag","Orbital"],"picked":"CasketOfStar+1","floor":30},{"not_picked":["LuminesStrike","PropBag","Acceleration"],"picked":"OortCloud","floor":31},{"not_picked":[],"picked":"Gensokyo:ShootingStar","floor":33},{"not_picked":["SuperNova+1","ManaRampage+1","TreasureHunter+1"],"picked":"CasketOfStar+1","floor":33},{"not_picked":["GravityBeat+1","DragonMeteor","AsteroidBelt"],"picked":"Acceleration+1","floor":35},{"not_picked":["PowerUp+1","EventHorizon","RefractionSpark+1","GravityBeat"],"picked":"SKIP","floor":38},{"not_picked":["DC+1","EnergyFlow+1","LuminesStrike+1"],"picked":"AsteroidBelt+1","floor":39},{"not_picked":["EscapeVelocity+1","AsteroidBelt","EnergyFlow","DoubleSpark"],"picked":"SKIP","floor":41},{"not_picked":["MilkyWay","EnergyFlow+1","WitchOfGreed+1","OneTimeOff"],"picked":"SKIP","floor":44},{"not_picked":["GravityBeat","DC+1","UnstableBomb+1"],"picked":"OortCloud","floor":45},{"not_picked":["SprinkleStarSeal+1","ChargingUp+1","Acceleration"],"picked":"SatelliteIllusion+1","floor":46},{"not_picked":["DC","GravityBeat+1","DoubleSpark+1","PropBag+1"],"picked":"SKIP","floor":54}],"player_experience":721909,"relics_obtained":[{"floor":1,"key":"Question Card"},{"floor":6,"key":"Darkstone Periapt"},{"floor":8,"key":"ReplayTheSpireMod:Shallot"},{"floor":9,"key":"AT_ArchangelStaff"},{"floor":13,"key":"Mango"},{"floor":16,"key":"ImportantClient"},{"floor":23,"key":"Potion Belt"},{"floor":23,"key":"Quantum Egg"},{"floor":27,"key":"CrazyTorch:ReiMu"},{"floor":27,"key":"Toy Ornithopter"},{"floor":30,"key":"Replay:Arrowhead"},{"floor":30,"key":"Blue Doll"},{"floor":37,"key":"Bag of Marbles"},{"floor":41,"key":"SentryEyes"},{"floor":41,"key":"LastBattle"},{"floor":43,"key":"Gambling Chip"},{"floor":44,"key":"AT_BellDemon"},{"floor":44,"key":"CaptainsWheel"},{"floor":46,"key":"MealTicket"},{"floor":46,"key":"Strawberry"},{"floor":46,"key":"DianPoetry"},{"floor":54,"key":"Vajra"},{"floor":54,"key":"Whetstone"},{"floor":54,"key":"REME_ArchaeologicalTools"}],"event_choices":[{"damage_healed":0,"gold_gain":0,"player_choice":"Upgraded","damage_taken":0,"max_hp_gain":0,"max_hp_loss":0,"event_name":"Upgrade Shrine","floor":48,"gold_loss":0,"cards_upgraded":["OortCloud"]}],"is_beta":false,"boss_relics":[{"not_picked":["AddBug","Ring of Chaos"],"picked":"Black Star"},{"not_picked":["BewitchedHakkero","PatriotShield"],"picked":"Replay:Wanted Poster"}],"items_purged_floors":[14,36],"is_endless":false,"potions_floor_spawned":[3,4,7,8,12,23,24,25,28,39,44],"ascension_level":2}}