{"host":"a9gsz7kv8aebwp1f","time":1608542021,"event":{"mods":["AchievementEnabler","BaseMod","Minty Spire (QoL Compilation)"],"gold_per_floor":[217,217,232,245,245,285,285,310,334,357,357,357,357,381,381,511,511,535,535,495,520,545,545,570,520,520,135,155,155,179,195,195,195,195],"floor_reached":33,"playtime":1303,"items_purged":[],"score":374,"play_id":"0f56b5e3-3d9b-4a73-9048-fea444a6d5c2","local_time":"20201221181341","is_ascension_mode":true,"campfire_choices":[{"floor":7,"key":"REST"},{"floor":13,"key":"REST"},{"floor":15,"key":"REST"},{"floor":23,"key":"REST"},{"floor":29,"key":"REST"},{"data":"Spot Weakness","floor":32,"key":"SMITH"}],"circlet_count":0,"master_deck":["AscendersBane","Strike_R+1","Strike_R+1","Strike_R+1","Strike_R+1","Strike_R+1","Defend_R+1","Defend_R+1","Defend_R+1","Defend_R+1","Bash","Flex+1","Feel No Pain","Anger","Twin Strike","Sever Soul","Spot Weakness+1","Shrug It Off","Feed","Flex+1","Sentinel+1","Infernal Blade+1","Heavy Blade","Fire Breathing","True Grit","Cleave","Spot Weakness+1","Pummel","Headbutt"],"relics":["Burning Blood","Golden Idol","Bronze Scales","Toy Ornithopter","Orichalcum","SacredBark","Regal Pillow","Meat on the Bone","ClockworkSouvenir"],"acts_visited":["Exordium","TheCity"],"potions_floor_usage":[6,16,16,33],"damage_taken":[{"damage":3,"enemies":"2 Louse","floor":1,"turns":2},{"damage":6,"enemies":"Cultist","floor":3,"turns":3},{"damage":9,"enemies":"Jaw Worm","floor":4,"turns":4},{"damage":22,"enemies":"Gremlin Nob","floor":6,"turns":4},{"damage":16,"enemies":"Exordium Wildlife","floor":8,"turns":5},{"damage":39,"enemies":"Exordium Thugs","floor":10,"turns":5},{"damage":8,"enemies":"3 Louse","floor":14,"turns":4},{"damage":60,"enemies":"The Guardian","floor":16,"turns":9},{"damage":20,"enemies":"Chosen","floor":18,"turns":5},{"damage":24,"enemies":"Spheric Guardian","floor":21,"turns":5},{"damage":32,"enemies":"Centurion and Healer","floor":22,"turns":5},{"damage":16,"enemies":"Snake Plant","floor":28,"turns":4},{"damage":36,"enemies":"Cultist and Chosen","floor":30,"turns":7},{"damage":2,"enemies":"Chosen and Byrds","floor":31,"turns":4},{"damage":75,"enemies":"Automaton","floor":33,"turns":6}],"seed_played":"-5640043943960697545","potions_obtained":[{"floor":1,"key":"FearPotion"},{"floor":3,"key":"AttackPotion"},{"floor":4,"key":"Strength Potion"},{"floor":14,"key":"FearPotion"},{"floor":28,"key":"Swift Potion"}],"is_trial":false,"path_per_floor":["M","?","M","M","?","E","R","M","T","M","?","?","R","M","R","B",null,"M","?","?","M","M","R","T","?","T","$","M","R","M","M","R","B"],"character_chosen":"IRONCLAD","items_purchased":["ClockworkSouvenir","Heavy Blade","Fire Breathing","True Grit","Cleave"],"campfire_rested":5,"item_purchase_floors":[27,27,27,27,27],"current_hp_per_floor":[75,55,55,52,52,36,60,50,50,17,17,14,38,36,60,16,64,50,50,50,32,9,33,33,33,33,33,35,74,56,63,63,0,0],"gold":195,"neow_bonus":"HUNDRED_GOLD","is_daily":false,"chose_seed":false,"campfire_upgraded":1,"win_rate":0.0,"timestamp":1608542021,"path_taken":["M","?","M","M","?","E","R","M","T","?","?","?","R","M","R","BOSS","M","?","?","M","?","R","?","?","T","$","M","R","M","M","R","BOSS"],"items_purchased_type":["Relic","Card","Card","Card","Card"],"build_version":"2020-12-13","purchased_purges":0,"victory":false,"max_hp_per_floor":[80,80,80,80,80,80,80,80,80,80,80,80,80,80,80,80,80,80,80,80,80,83,83,83,83,83,83,83,83,83,86,86,86,86],"card_choices":[{"not_picked":["Fire Breathing","Wild Strike"],"picked":"Flex","floor":1},{"not_picked":["Havoc","Searing Blow"],"picked":"Feel No Pain","floor":3},{"not_picked":["Dropkick","Clothesline"],"picked":"Anger","floor":4},{"not_picked":["Bloodletting","Blood for Blood"],"picked":"Twin Strike","floor":6},{"not_picked":["Thunderclap","Rupture"],"picked":"Sever Soul","floor":8},{"not_picked":["Clothesline","Pommel Strike"],"picked":"Spot Weakness","floor":10},{"not_picked":["Carnage","Thunderclap"],"picked":"Shrug It Off","floor":14},{"not_picked":["Brutality","Double Tap"],"picked":"Feed","floor":16},{"not_picked":["Cleave","Intimidate"],"picked":"Flex","floor":18},{"not_picked":["Sever Soul","Thunderclap"],"picked":"Sentinel+1","floor":21},{"not_picked":["Power Through","Armaments"],"picked":"Infernal Blade+1","floor":22},{"not_picked":["Iron Wave","Rampage"],"picked":"Spot Weakness","floor":28},{"not_picked":["Shockwave","Bloodletting"],"picked":"Pummel","floor":30},{"not_picked":["Shrug It Off","Dropkick"],"picked":"Headbutt","floor":31}],"player_experience":441219,"relics_obtained":[{"floor":6,"key":"Bronze Scales"},{"floor":9,"key":"Toy Ornithopter"},{"floor":24,"key":"Regal Pillow"},{"floor":26,"key":"Meat on the Bone"}],"event_choices":[{"damage_healed":0,"gold_gain":0,"player_choice":"Take Damage","damage_taken":20,"relics_obtained":["Golden Idol"],"max_hp_gain":0,"max_hp_loss":0,"event_name":"Golden Idol","floor":2,"gold_loss":0},{"damage_healed":0,"gold_gain":0,"player_choice":"Bought 0 Potions","damage_taken":0,"max_hp_gain":0,"max_hp_loss":0,"event_name":"The Woman in Blue","floor":5,"gold_loss":0},{"damage_healed":0,"gold_gain":0,"player_choice":"Grow","damage_taken":0,"max_hp_gain":0,"max_hp_loss":0,"event_name":"Living Wall","floor":11,"gold_loss":0,"cards_upgraded":["Spot Weakness"]},{"damage_healed":0,"gold_gain":0,"player_choice":"Success","damage_taken":3,"relics_obtained":["Orichalcum"],"max_hp_gain":0,"max_hp_loss":0,"event_name":"Scrap Ooze","floor":12,"gold_loss":0},{"damage_healed":0,"gold_gain":0,"player_choice":"Simplicity","damage_taken":0,"max_hp_gain":0,"max_hp_loss":0,"event_name":"Back to Basics","floor":19,"gold_loss":0,"cards_upgraded":["Strike_R","Strike_R","Strike_R","Strike_R","Strike_R","Defend_R","Defend_R","Defend_R","Defend_R"]},{"damage_healed":0,"gold_gain":0,"player_choice":"Upgraded Two","damage_taken":0,"max_hp_gain":0,"max_hp_loss":0,"event_name":"Designer","floor":20,"gold_loss":40,"cards_upgraded":["Flex","Flex"]},{"damage_healed":0,"gold_gain":0,"player_choice":"Bet on Owner","damage_taken":0,"max_hp_gain":0,"max_hp_loss":0,"event_name":"The Joust","floor":25,"gold_loss":50}],"is_beta":false,"boss_relics":[{"not_picked":["Fusion Hammer","Runic Pyramid"],"picked":"SacredBark"}],"items_purged_floors":[],"is_endless":false,"potions_floor_spawned":[1,3,4,14,28],"killed_by":"Automaton","ascension_level":10}}