{"host":"mqhvlr3kpxebko0t","time":1608520182,"event":{"mods":["AchievementEnabler","BaseMod","Colored Map","Colored Powertips","Keyboard Shortcuts","Minty Spire (QoL Compilation)","StSLib","SuperFastMode"],"gold_per_floor":[18,18,30,40,57,57,57,57,57,75,150,150,162,176,176,249,249,261,261,261,280,280,280],"floor_reached":22,"playtime":336,"items_purged":[],"score":303,"play_id":"31eacd4e-c049-4b95-b881-144b2f180575","local_time":"20201221120942","is_ascension_mode":true,"campfire_choices":[{"data":"Bouncing Flask","floor":6,"key":"SMITH"},{"data":"Catalyst","floor":8,"key":"SMITH"},{"data":"Footwork","floor":12,"key":"SMITH"},{"data":"Neutralize","floor":15,"key":"SMITH"}],"circlet_count":0,"master_deck":["AscendersBane","Strike_G","Strike_G","Strike_G","Defend_G","Defend_G","Defend_G","Defend_G","Defend_G","Survivor","Neutralize+1","Reflex","Corpse Explosion","Bouncing Flask+1","Bane","Backstab","Footwork+1","Catalyst+1","Malaise","Flechettes","Noxious Fumes","Footwork+1","PiercingWail+1"],"relics":["Ring of the Snake","Regal Pillow","SacredBark"],"acts_visited":["Exordium","TheCity"],"potions_floor_usage":[10,16],"damage_taken":[{"damage":0,"enemies":"Small Slimes","floor":1,"turns":3},{"damage":0,"enemies":"Cultist","floor":3,"turns":3},{"damage":7,"enemies":"Jaw Worm","floor":4,"turns":3},{"damage":3,"enemies":"Looter","floor":5,"turns":4},{"damage":0,"enemies":"2 Fungi Beasts","floor":10,"turns":1},{"damage":5,"enemies":"Gremlin Gang","floor":13,"turns":2},{"damage":4,"enemies":"Blue Slaver","floor":14,"turns":4},{"damage":15,"enemies":"The Guardian","floor":16,"turns":8},{"damage":13,"enemies":"Shell Parasite","floor":18,"turns":3},{"damage":18,"enemies":"Spheric Guardian","floor":21,"turns":4},{"damage":23,"enemies":"Snake Plant","floor":22,"turns":4}],"seed_played":"5570604494048185269","potions_obtained":[{"floor":1,"key":"Poison Potion"},{"floor":4,"key":"LiquidMemories"},{"floor":5,"key":"Block Potion"},{"floor":10,"key":"SpeedPotion"},{"floor":21,"key":"Energy Potion"}],"is_trial":false,"path_per_floor":["M","?","M","M","M","R","$","R","T","M","?","R","M","M","R","B",null,"M","?","?","M","M"],"character_chosen":"THE_SILENT","items_purchased":[],"campfire_rested":0,"item_purchase_floors":[],"current_hp_per_floor":[59,59,59,52,49,49,49,49,49,49,38,38,33,29,29,14,53,40,40,40,22,0,0],"gold":280,"neow_bonus":"TRANSFORM_TWO_CARDS","is_daily":false,"chose_seed":false,"campfire_upgraded":4,"win_rate":0.0,"timestamp":1608520182,"path_taken":["M","?","M","?","M","R","$","R","T","M","?","R","M","M","R","BOSS","M","?","?","?","M"],"items_purchased_type":[],"build_version":"2020-12-13","purchased_purges":0,"victory":false,"max_hp_per_floor":[66,66,66,66,66,66,66,66,66,66,66,66,66,66,66,66,66,66,66,66,66,66,66],"card_choices":[{"not_picked":["Blur","Calculated Gamble"],"picked":"Bouncing Flask","floor":1},{"not_picked":["Slice","Outmaneuver"],"picked":"Backstab","floor":3},{"not_picked":["Flying Knee","Dodge and Roll"],"picked":"Footwork","floor":4},{"not_picked":["Caltrops","PiercingWail"],"picked":"Catalyst","floor":5},{"not_picked":["Acrobatics","Outmaneuver"],"picked":"Malaise","floor":10},{"not_picked":["Heel Hook","Quick Slash","Outmaneuver"],"picked":"SKIP","floor":13},{"not_picked":["All Out Attack","Expertise"],"picked":"Flechettes","floor":14},{"not_picked":["Cloak And Dagger","Dagger Spray","Blade Dance"],"picked":"SKIP","floor":18},{"not_picked":["PiercingWail+1","Leg Sweep","Dash"],"picked":"SKIP","floor":21},{"not_picked":["Leg Sweep","Dash"],"picked":"PiercingWail+1","floor":21}],"player_experience":667231,"relics_obtained":[{"floor":9,"key":"Regal Pillow"}],"event_choices":[{"damage_healed":0,"gold_gain":0,"player_choice":"1 cards matched","damage_taken":0,"max_hp_gain":0,"max_hp_loss":0,"event_name":"Match and Keep!","floor":2,"gold_loss":0,"cards_obtained":["Bane"]},{"damage_healed":0,"gold_gain":75,"player_choice":"Gather Gold","damage_taken":11,"max_hp_gain":0,"max_hp_loss":0,"event_name":"World of Goop","floor":11,"gold_loss":0},{"damage_healed":0,"gold_gain":0,"player_choice":"Read","damage_taken":0,"max_hp_gain":0,"max_hp_loss":0,"event_name":"The Library","floor":19,"gold_loss":0,"cards_obtained":["Noxious Fumes"]},{"damage_healed":0,"gold_gain":0,"player_choice":"Copied","damage_taken":0,"max_hp_gain":0,"max_hp_loss":0,"event_name":"Duplicator","floor":20,"gold_loss":0,"cards_obtained":["Footwork"]}],"is_beta":false,"boss_relics":[{"not_picked":["HoveringKite","Ectoplasm"],"picked":"SacredBark"}],"items_purged_floors":[],"is_endless":false,"potions_floor_spawned":[1,4,5,10,21],"killed_by":"Snake Plant","ascension_level":14}}