{"host":"3c27c697js19kaoo","time":1608548914,"event":{"mods":["ATMod(阿瑾Mod)","Aspiration","BaseMod","CapriCore","Dota2Spire","Hermit","Minty Spire (QoL Compilation)","Quick Restart","Remilia（蕾米莉亚）","Replay The Spire","Robot Space Explorer","RumiaBox-露米娅的神秘盒子","Spicy Shops","StSLib","The Alterego","The Cursed","The Runesmith","The Servant 0.9.4","vexMod","【功能Mod】混沌之环修复补丁","【遗物卡牌】REMEMod"],"gold_per_floor":[114,114,289,289,59,87,87,187,187,187,201,213,229,245,245,348,398,410,410,420,95,108,135,135,167,191,218,218,231,244,244,244],"floor_reached":31,"playtime":1072,"items_purged":["Doubt","Envy_TH","Shame"],"score":380,"play_id":"8c772ec1-64f8-4f5f-b4bb-a68ace3ee9f0","local_time":"20201221190834","is_ascension_mode":true,"campfire_choices":[{"data":"AT_Dispersion","floor":7,"key":"SMITH"},{"data":"alterego_mod:BigMeatyClaws","floor":10,"key":"SMITH"},{"data":"alterego_mod:SakuraFive","floor":15,"key":"SMITH"},{"data":"alterego_mod:Venus","floor":24,"key":"SMITH"},{"floor":28,"key":"REST"}],"circlet_count":0,"master_deck":["alterego_mod:Strike","alterego_mod:Strike","alterego_mod:Strike+1","alterego_mod:Strike","alterego_mod:Defend","alterego_mod:Defend","alterego_mod:Defend","alterego_mod:Defend","alterego_mod:Impale","alterego_mod:BigMeatyClaws+1","alterego_mod:BrynhildrsRune","AT_Dispersion+1","DeusExMachina+1","alterego_mod:Cooking","alterego_mod:SakuraFive+1","alterego_mod:Venus+1","alterego_mod:Exercise","REME_Flogging","alterego_mod:VirginLaserPalladion","alterego_mod:Mirror"],"relics":["alterego_mod:MasochisticConstitution","REME_ComplimentaryCards","AT_ATBox","NeowsBlessing","Dota2Spire:PowerTreads","Sling","REME_PuzzleBoxRelic","Toy Ornithopter","Tiny House","ReplayTheSpireMod:CursedCoin","aspiration:Nostalgia","Replay:M_SmolderingBlood","Ice Cream","Mummified Hand","Potion Belt","Dota2Spire:Vanguard"],"acts_visited":["Exordium","TheCity"],"potions_floor_usage":[18,23],"damage_taken":[{"damage":0,"enemies":"Small Slimes","floor":1,"turns":2},{"damage":0,"enemies":"3 Sentries","floor":6,"turns":1},{"damage":0,"enemies":"Jaw Worm","floor":11,"turns":1},{"damage":0,"enemies":"2 Louse","floor":12,"turns":2},{"damage":0,"enemies":"Gremlin Gang","floor":13,"turns":3},{"damage":0,"enemies":"Exordium Thugs","floor":14,"turns":3},{"damage":8,"enemies":"Slime Boss","floor":16,"turns":5},{"damage":0,"enemies":"Chosen","floor":18,"turns":2},{"damage":5,"enemies":"Spheric Guardian","floor":20,"turns":3},{"damage":13,"enemies":"Shelled Parasite and Fungi","floor":22,"turns":3},{"damage":10,"enemies":"Book of Stabbing","floor":23,"turns":2},{"damage":35,"enemies":"Slavers","floor":25,"turns":3},{"damage":30,"enemies":"Book of Stabbing","floor":27,"turns":3},{"damage":12,"enemies":"Snake Plant","floor":29,"turns":3},{"damage":0,"enemies":"Snecko","floor":30,"turns":2},{"damage":164,"enemies":"3 Cultists","floor":31,"turns":2}],"seed_played":"-7009823775246935987","potions_obtained":[{"floor":6,"key":"SpeedPotion"},{"floor":13,"key":"Dota2Spire:Clarity"},{"floor":16,"key":"Dexterity Potion"},{"floor":17,"key":"Flashbang"},{"floor":20,"key":"BlessingOfTheForge"},{"floor":22,"key":"SkillPotion"},{"floor":30,"key":"Milkshake"}],"is_trial":false,"path_per_floor":["M","?","?","T","$","E","R","?","T","R","M","M","M","M","R","B",null,"M","?","M","$","M","E","R","E","T","E","R","M","M","M"],"character_chosen":"The_Alterego","items_purchased":["Sling","REME_Flogging","ReplayTheSpireMod:CursedCoin","aspiration:Nostalgia"],"campfire_rested":1,"item_purchase_floors":[5,21,21,21],"current_hp_per_floor":[70,70,70,70,70,70,70,70,70,70,70,70,70,70,70,63,76,76,76,72,72,63,69,69,35,35,9,33,25,28,0,0],"gold":244,"neow_bonus":"THREE_ENEMY_KILL","is_daily":false,"chose_seed":false,"campfire_upgraded":4,"win_rate":0.0,"timestamp":1608548914,"path_taken":["M","?","?","?","$","E","R","?","T","R","?","M","M","M","R","BOSS","M","?","M","$","M","E","R","E","T","E","R","M","M","M"],"items_purchased_type":["Relic","Card","Relic","Relic"],"build_version":"2020-12-13","purchased_purges":3,"victory":false,"max_hp_per_floor":[70,70,70,70,70,70,70,70,70,70,70,70,70,70,70,71,76,76,76,77,77,78,79,79,80,80,81,81,82,82,82,82],"card_choices":[{"not_picked":["alterego_mod:DeftHands","alterego_mod:MagicResistance"],"picked":"alterego_mod:Cooking","floor":1},{"not_picked":["alterego_mod:HighServant","alterego_mod:Clap","alterego_mod:Lingerie"],"picked":"SKIP","floor":6},{"not_picked":["alterego_mod:GachaTicket","alterego_mod:TrashNCrash","alterego_mod:Punishment"],"picked":"SKIP","floor":11},{"not_picked":["alterego_mod:Skirt","alterego_mod:Cushion"],"picked":"alterego_mod:SakuraFive","floor":12},{"not_picked":["alterego_mod:Jiggle","alterego_mod:TrashNCrash","alterego_mod:Table"],"picked":"SKIP","floor":13},{"not_picked":["alterego_mod:Lingerie","alterego_mod:Maid","alterego_mod:Bloomers"],"picked":"SKIP","floor":14},{"not_picked":["alterego_mod:Lift","alterego_mod:Valkyrie"],"picked":"alterego_mod:Venus","floor":16},{"not_picked":["alterego_mod:BustOut","alterego_mod:HighServant"],"picked":"alterego_mod:Exercise","floor":18},{"not_picked":["alterego_mod:Cycle","alterego_mod:Cooking","alterego_mod:Maid"],"picked":"SKIP","floor":20},{"not_picked":["alterego_mod:Pet+1","FlyingSleeves","alterego_mod:Belle"],"picked":"SKIP","floor":22},{"not_picked":["alterego_mod:BustOut","alterego_mod:MagicResistance+1","Headbutt+1"],"picked":"SKIP","floor":23},{"not_picked":["FlyingSleeves","alterego_mod:Cycle"],"picked":"alterego_mod:VirginLaserPalladion","floor":25},{"not_picked":["alterego_mod:SakuraFive","alterego_mod:Stockings","alterego_mod:Maid"],"picked":"SKIP","floor":27},{"not_picked":["ReachHeaven","BowlingBash+1","alterego_mod:Undulate"],"picked":"SKIP","floor":29},{"not_picked":["alterego_mod:BusterCard","alterego_mod:PerceptionDisorder"],"picked":"alterego_mod:Mirror","floor":30}],"player_experience":165334,"relics_obtained":[{"floor":4,"key":"Dota2Spire:PowerTreads"},{"floor":6,"key":"REME_PuzzleBoxRelic"},{"floor":9,"key":"Toy Ornithopter"},{"floor":23,"key":"Ice Cream"},{"floor":25,"key":"Mummified Hand"},{"floor":26,"key":"Potion Belt"},{"floor":27,"key":"Dota2Spire:Vanguard"}],"event_choices":[{"damage_healed":0,"gold_gain":0,"player_choice":"Grow","damage_taken":0,"max_hp_gain":0,"max_hp_loss":0,"event_name":"Living Wall","floor":2,"gold_loss":0,"cards_upgraded":["DeusExMachina"]},{"damage_healed":0,"gold_gain":175,"player_choice":"AGREE","damage_taken":0,"max_hp_gain":0,"max_hp_loss":0,"event_name":"Liars Game","floor":3,"gold_loss":0,"cards_obtained":["Doubt"]},{"damage_healed":0,"gold_gain":100,"player_choice":"Pray","damage_taken":0,"max_hp_gain":0,"max_hp_loss":0,"event_name":"Golden Shrine","floor":8,"gold_loss":0}],"is_beta":false,"boss_relics":[{"not_picked":["SacredBark","Philosopher\u0027s Stone"],"picked":"Tiny House"}],"items_purged_floors":[5,21,21],"is_endless":false,"potions_floor_spawned":[6,13,16,20,22,30],"killed_by":"3 Cultists","ascension_level":2}}