{"host":"9ylwqx3xq4e4v98b","time":1608524072,"event":{"mods":["AchievementEnabler","BaseMod","Card Forge","Colored Map","DeckTracker","Minty Spire (QoL Compilation)","Permanent Neow","StSLib","SuperFastMode","Td1madao Mod","The Animator"],"gold_per_floor":[99,99,99,111,130,161,161,194,194,194,204,214,214,214,214,319,319,337,337,348,363,374,408,424,424,448,465,494,494,494,513,513,617,617,634,634,634,647,647,676,676,687,767,792,648,681,699,261,261,261,261,261,5,5,5],"floor_reached":54,"playtime":561,"items_purged":[],"score":1628,"play_id":"9e95bbb4-cd48-46a5-8af8-1b9d1afdce9d","local_time":"20201220201432","is_ascension_mode":true,"campfire_choices":[{"floor":7,"key":"RECALL"},{"floor":13,"key":"REST"},{"floor":15,"key":"REST"},{"floor":25,"key":"REST"},{"data":"Grand Finale","floor":30,"key":"SMITH"},{"floor":32,"key":"REST"},{"floor":41,"key":"REST"},{"floor":49,"key":"REST"},{"floor":52,"key":"REST"}],"circlet_count":0,"master_deck":["AscendersBane","Grand Finale+1","Grand Finale+1","Grand Finale+1","Grand Finale+1"],"relics":["Ring of the Snake","Hammer of Thor","Seething Fire","Anvil of the Gods","Juzu Bracelet","Vajra","Shuriken","Gremlin Horn","MutagenicStrength","Nunchaku","Bag of Marbles","Letter Opener","StoneCalendar","Ninja Scroll","Whetstone","HandDrill","Turnip","Du-Vu Doll","PrismaticShard","Mercury Hourglass"],"acts_visited":["Exordium","TheCity","TheBeyond","TheEnding"],"potions_floor_usage":[],"damage_taken":[{"damage":0,"enemies":"Cultist","floor":1,"turns":1},{"damage":0,"enemies":"Small Slimes","floor":4,"turns":1},{"damage":0,"enemies":"2 Louse","floor":5,"turns":1},{"damage":0,"enemies":"Lagavulin","floor":6,"turns":1},{"damage":0,"enemies":"3 Sentries","floor":8,"turns":1},{"damage":0,"enemies":"Looter","floor":11,"turns":1},{"damage":0,"enemies":"2 Fungi Beasts","floor":12,"turns":1},{"damage":0,"enemies":"Hexaghost","floor":16,"turns":2},{"damage":0,"enemies":"Chosen","floor":18,"turns":1},{"damage":0,"enemies":"Spheric Guardian","floor":20,"turns":1},{"damage":0,"enemies":"Centurion and Healer","floor":21,"turns":1},{"damage":0,"enemies":"Sentry and Sphere","floor":22,"turns":1},{"damage":0,"enemies":"Gremlin Leader","floor":23,"turns":1},{"damage":0,"enemies":"Snecko","floor":24,"turns":1},{"damage":0,"enemies":"Snake Plant","floor":27,"turns":1},{"damage":0,"enemies":"Book of Stabbing","floor":28,"turns":1},{"damage":0,"enemies":"Centurion and Healer","floor":31,"turns":1},{"damage":14,"enemies":"Champ","floor":33,"turns":2},{"damage":0,"enemies":"3 Shapes","floor":35,"turns":1},{"damage":0,"enemies":"Orb Walker","floor":38,"turns":1},{"damage":0,"enemies":"Nemesis","floor":40,"turns":1},{"damage":0,"enemies":"Maw","floor":42,"turns":1},{"damage":0,"enemies":"Reptomancer","floor":44,"turns":1},{"damage":0,"enemies":"Nemesis","floor":46,"turns":1},{"damage":0,"enemies":"Spire Growth","floor":47,"turns":1},{"damage":24,"enemies":"Time Eater","floor":50,"turns":2},{"damage":70,"enemies":"Shield and Spear","floor":54,"turns":4}],"seed_played":"-8229782860258606641","potions_obtained":[{"floor":6,"key":"Poison Potion"},{"floor":8,"key":"Swift Potion"}],"is_trial":false,"path_per_floor":["M","$","?","M","M","E","R","E","T","?","M","M","R","?","R","B",null,"M","?","M","M","M","E","M","R","T","M","E","?","R","M","R","B",null,"M","?","?","M","?","E","R","M","T","E","$","E","M","$","R","B",null,"R","$","E"],"character_chosen":"THE_SILENT","items_purchased":["HandDrill","Du-Vu Doll","PrismaticShard","Mercury Hourglass"],"campfire_rested":7,"item_purchase_floors":[45,48,48,53],"current_hp_per_floor":[63,63,60,60,60,60,60,60,60,60,60,60,70,70,70,70,70,70,70,70,70,70,70,70,70,70,70,70,70,70,70,70,56,67,67,67,67,67,67,67,70,70,70,70,70,70,70,70,70,46,64,70,70,0,0],"gold":5,"neow_bonus":"RANDOM_COMMON_RELIC","is_daily":false,"chose_seed":false,"campfire_upgraded":1,"win_rate":0.0,"timestamp":1608524072,"path_taken":["M","$","?","M","M","E","R","E","T","?","M","M","R","?","R","BOSS","M","?","M","M","M","E","M","R","T","M","E","?","R","M","R","BOSS","M","?","?","M","?","E","R","M","T","E","?","E","M","$","R","BOSS","R","$","E"],"items_purchased_type":["Relic","Relic","Relic","Relic"],"build_version":"2020-12-13","purchased_purges":0,"victory":false,"max_hp_per_floor":[70,70,70,70,70,70,70,70,70,70,70,70,70,70,70,70,70,70,70,70,70,70,70,70,70,70,70,70,70,70,70,70,70,70,70,70,70,70,70,70,70,70,70,70,70,70,70,70,70,70,70,70,70,70,70],"card_choices":[{"not_picked":["Dagger Spray","Dash","All Out Attack"],"picked":"SKIP","floor":1},{"not_picked":["Underhanded Strike","Acrobatics","Dagger Spray"],"picked":"SKIP","floor":4},{"not_picked":["Choke","Poisoned Stab","Footwork"],"picked":"SKIP","floor":5},{"not_picked":["Predator","Riddle With Holes","Underhanded Strike"],"picked":"SKIP","floor":6},{"not_picked":["Dash","Masterful Stab","Sucker Punch"],"picked":"SKIP","floor":8},{"not_picked":["Accuracy","Dodge and Roll","Leg Sweep"],"picked":"SKIP","floor":11},{"not_picked":["Flechettes","Underhanded Strike","Footwork"],"picked":"SKIP","floor":12},{"not_picked":["Bane","Predator","Terror"],"picked":"SKIP","floor":18},{"not_picked":["Dagger Throw+1","Slice","Flying Knee"],"picked":"SKIP","floor":20},{"not_picked":["Flechettes","Backstab","Deflect"],"picked":"SKIP","floor":21},{"not_picked":["Sucker Punch","Distraction","Heel Hook"],"picked":"SKIP","floor":22},{"not_picked":["Underhanded Strike","Bane","Crippling Poison"],"picked":"SKIP","floor":23},{"not_picked":["Deadly Poison","Deflect","Noxious Fumes"],"picked":"SKIP","floor":24},{"not_picked":["Quick Slash","Blade Dance","Predator"],"picked":"SKIP","floor":27},{"not_picked":["Deflect","Acrobatics","Predator"],"picked":"SKIP","floor":28},{"not_picked":["Glass Knife","Quick Slash","Dodge and Roll"],"picked":"SKIP","floor":31},{"not_picked":["Dodge and Roll","Slice","Deadly Poison"],"picked":"SKIP","floor":35},{"not_picked":["Dark Shackles","Bandage Up"],"picked":"Trip","floor":36},{"not_picked":["Dagger Spray","Slice","Backflip"],"picked":"SKIP","floor":38},{"not_picked":["Night Terror","All Out Attack","Corpse Explosion"],"picked":"SKIP","floor":40},{"not_picked":["Prepared","Calculated Gamble+1","Cloak And Dagger"],"picked":"SKIP","floor":42},{"not_picked":["Dodge and Roll","Quick Slash","Underhanded Strike"],"picked":"SKIP","floor":44},{"not_picked":["Quick Slash","All Out Attack","Terror+1"],"picked":"SKIP","floor":46},{"not_picked":["Backflip","Underhanded Strike+1","Calculated Gamble"],"picked":"SKIP","floor":47}],"player_experience":176919,"relics_obtained":[{"floor":6,"key":"Shuriken"},{"floor":8,"key":"Gremlin Horn"},{"floor":23,"key":"Nunchaku"},{"floor":26,"key":"Bag of Marbles"},{"floor":28,"key":"Letter Opener"},{"floor":40,"key":"StoneCalendar"},{"floor":43,"key":"Ninja Scroll"},{"floor":44,"key":"Whetstone"},{"floor":46,"key":"Turnip"}],"event_choices":[{"damage_healed":0,"gold_gain":0,"player_choice":"Success","damage_taken":3,"relics_obtained":["Vajra"],"max_hp_gain":0,"max_hp_loss":0,"event_name":"Scrap Ooze","floor":3,"gold_loss":0},{"cards_removed":["Grand Finale"],"damage_healed":0,"gold_gain":0,"player_choice":"Forget","damage_taken":0,"max_hp_gain":0,"max_hp_loss":0,"event_name":"Living Wall","floor":10,"gold_loss":0},{"damage_healed":0,"gold_gain":0,"player_choice":"Ignored","damage_taken":0,"max_hp_gain":0,"max_hp_loss":0,"event_name":"Liars Game","floor":14,"gold_loss":0},{"damage_healed":0,"gold_gain":0,"player_choice":"Inject Mutagens","damage_taken":0,"relics_obtained":["MutagenicStrength"],"max_hp_gain":0,"max_hp_loss":0,"event_name":"Drug Dealer","floor":19,"gold_loss":0},{"damage_healed":0,"gold_gain":0,"player_choice":"Ignored","damage_taken":0,"max_hp_gain":0,"max_hp_loss":0,"event_name":"Vampires","floor":29,"gold_loss":0},{"damage_healed":0,"gold_gain":0,"player_choice":"Memory 1","damage_taken":0,"max_hp_gain":0,"max_hp_loss":0,"event_name":"SensoryStone","floor":36,"gold_loss":0},{"cards_removed":["Trip"],"damage_healed":0,"gold_gain":0,"player_choice":"Removed Skill","damage_taken":0,"max_hp_gain":0,"max_hp_loss":0,"event_name":"Falling","floor":37,"gold_loss":0},{"damage_healed":0,"gold_gain":0,"player_choice":"Ignored","damage_taken":0,"max_hp_gain":0,"max_hp_loss":0,"event_name":"Accursed Blacksmith","floor":39,"gold_loss":0}],"is_beta":false,"boss_relics":[{"not_picked":[]},{"not_picked":[]}],"items_purged_floors":[],"is_endless":false,"potions_floor_spawned":[6,8,12,16,20,22,23,28,31,38,44,46],"killed_by":"Shield and Spear","ascension_level":12}}