{"host":"udzsrhbqdxqtlypj","time":1608583095,"event":{"mods":["BaseMod","Minty Spire (QoL Compilation)","Relic Stats"],"gold_per_floor":[117,17,29,29,29,29,56,56,125,150,150,176,176,195,195,296,296,316,326,26,52,69,69,85,0,24,24,54,66,96,113,113,211,211,231,191,208,218,232,232,582,594,594,594,594,609,639,657,657,657,657,657,28,59,59,59],"floor_reached":55,"playtime":4037,"items_purged":["Strike_G"],"score":1111,"play_id":"19d5be5d-d0a9-471f-bfba-2ead50227df6","local_time":"20201221143815","is_ascension_mode":true,"campfire_choices":[{"data":"Skewer","floor":6.0,"key":"SMITH"},{"data":"Neutralize","floor":8.0,"key":"SMITH"},{"data":"Dagger Spray","floor":11.0,"key":"SMITH"},{"data":"Dash","floor":13.0,"key":"SMITH"},{"data":"Cloak And Dagger","floor":15.0,"key":"SMITH"},{"data":"1","floor":23.0,"key":"LIFT"},{"data":"Wraith Form v2","floor":27.0,"key":"SMITH"},{"data":"2","floor":32.0,"key":"LIFT"},{"data":"3","floor":40.0,"key":"LIFT"},{"floor":44.0,"key":"RECALL"},{"data":"Envenom","floor":49.0,"key":"SMITH"},{"data":"PiercingWail","floor":52,"key":"SMITH"}],"circlet_count":0,"master_deck":["AscendersBane","Strike_G","Strike_G","Strike_G","Defend_G","Defend_G+1","Defend_G","Defend_G+1","Defend_G","Survivor","Neutralize+1","Skewer+1","Escape Plan","Sucker Punch","Dash+1","Masterful Stab+1","Dagger Spray+1","Slice","Cloak And Dagger+1","Die Die Die","Dagger Throw","Underhanded Strike+1","Wraith Form v2+1","Heel Hook","Endless Agony+1","Dodge and Roll+1","Sucker Punch+1","Envenom+1","Bane+1","Setup+1","Deflect+1","Catalyst+1","Outmaneuver+1","PiercingWail+1","Swift Strike","Enlightenment","Wraith Form v2","Good Instincts","Catalyst+1"],"relics":["Ring of the Snake","Eternal Feather","Ornamental Fan","Ancient Tea Set","Omamori","HoveringKite","Membership Card","Girya","Red Mask","Oddly Smooth Stone","Happy Flower","Boot","War Paint","Runic Pyramid","Old Coin","The Courier","Shuriken","Turnip","TwistedFunnel","Calipers","Mummified Hand"],"acts_visited":["Exordium","TheCity","TheBeyond","TheEnding"],"potions_floor_usage":[50,50,50,55,55],"damage_taken":[{"damage":0.0,"enemies":"2 Louse","floor":1.0,"turns":4.0},{"damage":2.0,"enemies":"Jaw Worm","floor":3.0,"turns":4.0},{"damage":20.0,"enemies":"3 Sentries","floor":7.0,"turns":11.0},{"damage":12.0,"enemies":"Gremlin Nob","floor":10.0,"turns":4.0},{"damage":13.0,"enemies":"Lagavulin","floor":12.0,"turns":8.0},{"damage":3.0,"enemies":"Small Slimes","floor":14.0,"turns":2.0},{"damage":31.0,"enemies":"The Guardian","floor":16.0,"turns":13.0},{"damage":0.0,"enemies":"3 Byrds","floor":18.0,"turns":4.0},{"damage":0.0,"enemies":"Chosen","floor":19.0,"turns":4.0},{"damage":0.0,"enemies":"Masked Bandits","floor":21.0,"turns":2.0},{"damage":13.0,"enemies":"Centurion and Healer","floor":22.0,"turns":7.0},{"damage":4.0,"enemies":"Snake Plant","floor":24.0,"turns":4.0},{"damage":10.0,"enemies":"Book of Stabbing","floor":28.0,"turns":5.0},{"damage":19.0,"enemies":"Shelled Parasite and Fungi","floor":29.0,"turns":3.0},{"damage":13.0,"enemies":"Gremlin Leader","floor":30.0,"turns":6.0},{"damage":0.0,"enemies":"Snecko","floor":31.0,"turns":3.0},{"damage":34.0,"enemies":"Champ","floor":33.0,"turns":15.0},{"damage":0.0,"enemies":"3 Shapes","floor":35.0,"turns":3.0},{"damage":20.0,"enemies":"3 Darklings","floor":37.0,"turns":4.0},{"damage":0.0,"enemies":"Maw","floor":38.0,"turns":7.0},{"damage":1.0,"enemies":"4 Shapes","floor":39.0,"turns":5.0},{"damage":0.0,"enemies":"Mind Bloom Boss Battle","floor":41.0,"turns":5.0},{"damage":6.0,"enemies":"Transient","floor":42.0,"turns":5.0},{"damage":0.0,"enemies":"Spire Growth","floor":46.0,"turns":5.0},{"damage":23.0,"enemies":"Nemesis","floor":47.0,"turns":7.0},{"damage":12.0,"enemies":"3 Darklings","floor":48.0,"turns":4.0},{"damage":50,"enemies":"Time Eater","floor":50,"turns":15},{"damage":42,"enemies":"Shield and Spear","floor":54,"turns":8},{"damage":55,"enemies":"The Heart","floor":55,"turns":10}],"seed_played":"-5447961155079667696","potions_obtained":[{"floor":1.0,"key":"EssenceOfSteel"},{"floor":3.0,"key":"Energy Potion"},{"floor":7.0,"key":"PowerPotion"},{"floor":14.0,"key":"Swift Potion"},{"floor":22.0,"key":"DuplicationPotion"},{"floor":24.0,"key":"AttackPotion"},{"floor":29.0,"key":"Block Potion"},{"floor":31.0,"key":"EssenceOfSteel"},{"floor":33.0,"key":"Dexterity Potion"},{"floor":35.0,"key":"LiquidMemories"},{"floor":38.0,"key":"Fruit Juice"},{"floor":41.0,"key":"SneckoOil"},{"floor":48.0,"key":"EssenceOfSteel"}],"is_trial":false,"path_per_floor":["M","$","M","?","?","R","E","R","T","E","R","E","R","M","R","B",null,"M","M","$","?","M","R","M","?","T","R","E","M","E","M","R","B",null,"M","?","M","M","M","R","?","M","T","R","?","M","E","M","R","B",null,"R","$","E","B"],"character_chosen":"THE_SILENT","items_purchased":["Sucker Punch","Dash","Membership Card","Girya","Shuriken","Turnip","TwistedFunnel","FairyPotion","Calipers","Strength Potion","LiquidMemories","Wraith Form v2","Good Instincts"],"campfire_rested":0,"item_purchase_floors":[2,2,20,20,53,53,53,53,53,53,53,53,53],"current_hp_per_floor":[63,63,61,61,54,54,34,43,43,31,40,27,36,33,45,14,56,56,56,56,56,43,55,51,51,51,63,53,34,21,21,36,2,53,53,53,33,33,32,50,55,49,49,70,65,65,42,30,51,1,57,75,75,33,0,0],"gold":59,"neow_bonus":"THREE_CARDS","is_daily":false,"chose_seed":false,"campfire_upgraded":8,"win_rate":0.0,"timestamp":1608583095,"path_taken":["M","$","M","?","?","R","E","R","T","E","R","E","R","M","R","BOSS","M","M","$","?","M","R","M","?","T","R","E","M","E","M","R","BOSS","M","?","M","?","M","R","?","M","T","R","?","M","E","M","R","BOSS","R","$","E","BOSS"],"items_purchased_type":["Card","Card","Relic","Relic","Relic","Relic","Relic","Potion","Relic","Potion","Potion","Card","Card"],"build_version":"2020-12-13","purchased_purges":1,"victory":false,"max_hp_per_floor":[70,70,70,70,70,70,70,70,70,70,70,70,70,70,70,70,70,70,70,70,70,70,70,70,70,70,70,70,70,70,70,70,70,70,70,70,70,70,70,70,75,75,75,75,75,75,75,75,75,75,75,75,75,75,75,75],"relic_stats":{"Happy Flower":[36],"counters":[29,177],"Ornamental Fan":[408],"Shuriken":[10],"Mummified Hand":[5],"HoveringKite":[39],"Eternal Feather":156,"Turnip":[2],"War Paint":["Defend_G","Defend_G"],"Boot":[52],"obtain_stats":[{"TwistedFunnel":53,"Girya":20,"Calipers":53,"Happy Flower":26,"HoveringKite":17,"Oddly Smooth Stone":25,"Eternal Feather":7,"The Courier":47,"Omamori":12,"War Paint":30,"Ancient Tea Set":10,"Boot":28,"Old Coin":41,"Ornamental Fan":9,"Shuriken":53,"Mummified Hand":54,"Turnip":53,"Red Mask":21,"Membership Card":20,"Ring of the Snake":0,"Runic Pyramid":34},{"TwistedFunnel":27,"Girya":9,"Calipers":27,"Happy Flower":12,"HoveringKite":7,"Oddly Smooth Stone":12,"Eternal Feather":3,"The Courier":25,"Omamori":5,"War Paint":15,"Ancient Tea Set":4,"Boot":13,"Old Coin":22,"Ornamental Fan":3,"Shuriken":27,"Mummified Hand":28,"Turnip":27,"Red Mask":10,"Membership Card":9,"Ring of the Snake":0,"Runic Pyramid":17},{"TwistedFunnel":159,"Girya":54,"Calipers":159,"Happy Flower":67,"HoveringKite":46,"Oddly Smooth Stone":67,"Eternal Feather":19,"The Courier":140,"Omamori":31,"War Paint":81,"Ancient Tea Set":23,"Boot":72,"Old Coin":123,"Ornamental Fan":19,"Shuriken":159,"Mummified Hand":167,"Turnip":159,"Red Mask":56,"Membership Card":54,"Ring of the Snake":0,"Runic Pyramid":99}],"Ring of the Snake":[59]},"card_choices":[{"not_picked":["Sucker Punch","Slice"],"picked":"Skewer","floor":0.0},{"not_picked":["Bane","Outmaneuver"],"picked":"Escape Plan","floor":1.0},{"not_picked":["Backflip","Deadly Poison","Riddle With Holes"],"picked":"SKIP","floor":3.0},{"not_picked":["Backflip","PiercingWail"],"picked":"Masterful Stab","floor":7.0},{"not_picked":["Sucker Punch","Underhanded Strike"],"picked":"Dagger Spray","floor":10.0},{"not_picked":["Finisher","Backflip"],"picked":"Slice","floor":12.0},{"not_picked":["Sucker Punch","Dagger Spray"],"picked":"Cloak And Dagger","floor":14.0},{"not_picked":["Venomology","Doppelganger"],"picked":"Die Die Die","floor":16.0},{"not_picked":["Outmaneuver","Backflip","Setup"],"picked":"SKIP","floor":18.0},{"not_picked":["Flechettes","Eviscerate"],"picked":"Dagger Throw","floor":19.0},{"not_picked":["Poisoned Stab","Leg Sweep"],"picked":"Underhanded Strike","floor":21.0},{"not_picked":["Dash","Deflect"],"picked":"Wraith Form v2","floor":22.0},{"not_picked":["Poisoned Stab","Setup","Underhanded Strike"],"picked":"SKIP","floor":24.0},{"not_picked":["Terror","Bouncing Flask"],"picked":"Heel Hook","floor":28.0},{"not_picked":["Reflex","Poisoned Stab"],"picked":"Endless Agony+1","floor":29.0},{"not_picked":["Unload","Tactician"],"picked":"Dodge and Roll+1","floor":30.0},{"not_picked":["Masterful Stab+1","Flying Knee+1"],"picked":"Sucker Punch+1","floor":31.0},{"not_picked":["Malaise","Die Die Die"],"picked":"Envenom","floor":33.0},{"not_picked":["Flying Knee","Poisoned Stab+1"],"picked":"Bane+1","floor":35.0},{"not_picked":["Dagger Spray","Concentrate"],"picked":"Setup+1","floor":37.0},{"not_picked":["Eviscerate","Backflip+1"],"picked":"Deflect+1","floor":38.0},{"not_picked":["Wraith Form v2","Distraction+1"],"picked":"Catalyst+1","floor":39.0},{"not_picked":["Cloak And Dagger+1","Slice+1"],"picked":"Outmaneuver+1","floor":41.0},{"not_picked":["Endless Agony+1","Blur+1"],"picked":"PiercingWail","floor":42.0},{"not_picked":["Finesse","Secret Weapon"],"picked":"Swift Strike","floor":45.0},{"not_picked":["Discovery","Impatience"],"picked":"Enlightenment","floor":45.0},{"not_picked":["Dagger Throw","Slice+1","Acrobatics"],"picked":"SKIP","floor":46.0},{"not_picked":["Prepared+1","Distraction","Reflex"],"picked":"SKIP","floor":47.0},{"not_picked":["Blade Dance","Sucker Punch","Dagger Throw"],"picked":"SKIP","floor":48.0},{"not_picked":["Poisoned Stab","Dagger Throw+1"],"picked":"Catalyst+1","floor":54}],"player_experience":2707766,"relics_obtained":[{"floor":7.0,"key":"Eternal Feather"},{"floor":9.0,"key":"Ornamental Fan"},{"floor":10.0,"key":"Ancient Tea Set"},{"floor":12.0,"key":"Omamori"},{"floor":21.0,"key":"Red Mask"},{"floor":26.0,"key":"Happy Flower"},{"floor":28.0,"key":"Boot"},{"floor":30.0,"key":"War Paint"},{"floor":41.0,"key":"Old Coin"},{"floor":47.0,"key":"The Courier"},{"floor":54,"key":"Mummified Hand"}],"event_choices":[{"damage_healed":0.0,"max_hp_gain":0.0,"max_hp_loss":0.0,"gold_gain":0.0,"event_name":"Liars Game","player_choice":"Ignored","floor":4.0,"gold_loss":0.0,"damage_taken":0.0},{"cards_removed":["Strike_G"],"damage_healed":0.0,"max_hp_gain":0.0,"max_hp_loss":0.0,"gold_gain":0.0,"event_name":"Golden Wing","player_choice":"Card Removal","floor":5.0,"gold_loss":0.0,"damage_taken":7.0},{"damage_healed":0.0,"max_hp_gain":0.0,"max_hp_loss":0.0,"gold_gain":0.0,"event_name":"Masked Bandits","player_choice":"Fought Bandits","floor":21.0,"gold_loss":0.0,"damage_taken":0.0},{"damage_healed":0.0,"max_hp_gain":0.0,"max_hp_loss":0.0,"gold_gain":0.0,"event_name":"Addict","player_choice":"Obtained Relic","floor":25.0,"gold_loss":85.0,"damage_taken":0.0,"relics_obtained":["Oddly Smooth Stone"]},{"damage_healed":0.0,"max_hp_gain":0.0,"max_hp_loss":0.0,"gold_gain":0.0,"event_name":"Designer","player_choice":"Upgraded Two","floor":36.0,"gold_loss":40.0,"damage_taken":0.0,"cards_upgraded":["Underhanded Strike","Masterful Stab"]},{"damage_healed":0.0,"max_hp_gain":0.0,"max_hp_loss":0.0,"gold_gain":0.0,"event_name":"MindBloom","player_choice":"Fight","floor":41.0,"gold_loss":0.0,"damage_taken":0.0},{"damage_healed":0.0,"max_hp_gain":0.0,"max_hp_loss":0.0,"gold_gain":0.0,"event_name":"SensoryStone","player_choice":"Memory 2","floor":45.0,"gold_loss":0.0,"damage_taken":5.0}],"is_beta":false,"boss_relics":[{"not_picked":["Black Star","Astrolabe"],"picked":"HoveringKite"},{"not_picked":["Velvet Choker","Fusion Hammer"],"picked":"Runic Pyramid"}],"items_purged_floors":[53],"is_endless":false,"potions_floor_spawned":[1,3,7,14,22,24,29,31,33,35,38,41,48],"killed_by":"The Heart","ascension_level":10}}