{"host":"30jsp143e4v19aze","time":1608562338,"event":{"mods":["BaseMod","Colored Map","Colored Powertips","Curses Come First","DeckTracker","Highlight Path","Minty Spire (QoL Compilation)","Quick Restart","Relic Stats","StSLib"],"gold_per_floor":[359,369,39,59,134,134,169,169,169,196,216,246,246,262,262,338,338,349,367,400,400,426,426,79,79,79,79,169,188,188,203,203,277,277,287,302,319,137,137,166,166,178,203,203,234,248,248,259,259,259,259,259,259,4,29,29,29],"floor_reached":56,"playtime":8724,"items_purged":["Normality","Strike_R","Strike_R"],"score":1880,"play_id":"d83bdffb-ea2d-424a-96fa-e85b0501947b","local_time":"20201221155218","is_ascension_mode":true,"campfire_choices":[{"data":"Wild Strike","floor":6.0,"key":"SMITH"},{"floor":8.0,"key":"DIG"},{"floor":13.0,"key":"DIG"},{"floor":15.0,"key":"DIG"},{"floor":23,"key":"DIG"},{"floor":25,"key":"DIG"},{"floor":27,"key":"DIG"},{"floor":30,"key":"DIG"},{"floor":32,"key":"DIG"},{"floor":41,"key":"DIG"},{"floor":44,"key":"DIG"},{"floor":49,"key":"RECALL"},{"floor":53,"key":"DIG"}],"circlet_count":0,"master_deck":["AscendersBane","Strike_R","Strike_R","Strike_R+1","Defend_R","Defend_R","Defend_R+1","Defend_R","Bash","Wild Strike+1","Impervious+1","Ghostly Armor","Pommel Strike","Battle Trance","Shrug It Off","Reaper","Burning Pact+1","Hemokinesis+1","Flex+1","Immolate","Warcry+1","Power Through+1","Shrug It Off+1","Dark Shackles+1","Shockwave+1","Brutality","Disarm+1","True Grit+1","Corruption","Disarm+1","Body Slam+1","Whirlwind+1","Flex+1","Normality","Feel No Pain+1","Panacea+1","Disarm+1"],"relics":["Burning Blood","Orrery","Shovel","Meat on the Bone","Toxic Egg 2","Tiny Chest","Odd Mushroom","Bottled Lightning","Bird Faced Urn","Sozu","Red Mask","Omamori","Akabeko","Membership Card","Red Skull","Happy Flower","Incense Burner","Centennial Puzzle","Pantograph","Self Forming Clay","Cursed Key","War Paint","WarpedTongs","Ice Cream","Bag of Marbles","Molten Egg 2","Bag of Preparation","Ornamental Fan","Calipers","Whetstone"],"acts_visited":["Exordium","TheCity","TheBeyond","TheEnding"],"potions_floor_usage":[20,56],"damage_taken":[{"damage":1.0,"enemies":"2 Louse","floor":1.0,"turns":4.0},{"damage":5.0,"enemies":"Small Slimes","floor":2.0,"turns":4.0},{"damage":1.0,"enemies":"Cultist","floor":4.0,"turns":3.0},{"damage":24.0,"enemies":"Lagavulin","floor":7.0,"turns":8.0},{"damage":35.0,"enemies":"Gremlin Nob","floor":10.0,"turns":5.0},{"damage":6.0,"enemies":"Large Slime","floor":11.0,"turns":8.0},{"damage":20.0,"enemies":"The Mushroom Lair","floor":12.0,"turns":5.0},{"damage":6.0,"enemies":"Lots of Slimes","floor":14.0,"turns":7.0},{"damage":71.0,"enemies":"The Guardian","floor":16.0,"turns":16.0},{"damage":19,"enemies":"3 Byrds","floor":18,"turns":7},{"damage":27,"enemies":"Shell Parasite","floor":19,"turns":5},{"damage":46,"enemies":"Masked Bandits","floor":20,"turns":4},{"damage":0,"enemies":"Chosen and Byrds","floor":29,"turns":5},{"damage":4,"enemies":"Cultist and Chosen","floor":31,"turns":7},{"damage":62,"enemies":"Automaton","floor":33,"turns":14},{"damage":0,"enemies":"3 Shapes","floor":35,"turns":8},{"damage":4,"enemies":"Orb Walker","floor":36,"turns":4},{"damage":20,"enemies":"Sphere and 2 Shapes","floor":37,"turns":13},{"damage":19,"enemies":"Reptomancer","floor":40,"turns":7},{"damage":46,"enemies":"Maw","floor":42,"turns":11},{"damage":10,"enemies":"Nemesis","floor":45,"turns":7},{"damage":2,"enemies":"Jaw Worm Horde","floor":46,"turns":4},{"damage":7,"enemies":"4 Shapes","floor":48,"turns":8},{"damage":30,"enemies":"Awakened One","floor":50,"turns":13},{"damage":11,"enemies":"Donu and Deca","floor":51,"turns":6},{"damage":70,"enemies":"Shield and Spear","floor":55,"turns":6},{"damage":107,"enemies":"The Heart","floor":56,"turns":9}],"seed_played":"-7700523993944862915","potions_obtained":[{"floor":2.0,"key":"Fruit Juice"},{"floor":4.0,"key":"Explosive Potion"},{"floor":12.0,"key":"FearPotion"},{"floor":16.0,"key":"Fire Potion"}],"is_trial":false,"path_per_floor":["M","M","$","M","?","R","E","R","T","E","M","?","R","M","R","B",null,"M","M","?","?","T","R","$","R","T","R","?","M","R","M","R","B",null,"M","M","M","$","?","E","R","M","T","R","E","M","T","M","R","B","B",null,"R","$","E","B"],"character_chosen":"IRONCLAD","items_purchased":["Orrery","Battle Trance","Membership Card","Red Skull","Dark Shackles+1","Corruption","War Paint","Calipers","Panacea+1","Disarm+1"],"campfire_rested":0,"item_purchase_floors":[3,3,24,24,24,38,38,54,54,54],"current_hp_per_floor":[73,74,74,75,64,64,46,46,46,33,53,60,60,69,69,20,65,54,45,41,18,18,18,18,18,18,18,6,29,29,61,61,47,76,85,85,75,75,75,75,75,56,56,56,62,85,85,85,85,64,83,85,85,85,37,0,0],"gold":29,"neow_bonus":"TWO_FIFTY_GOLD","is_daily":false,"chose_seed":false,"campfire_upgraded":1,"win_rate":0.0,"timestamp":1608562338,"path_taken":["M","M","$","M","?","R","E","R","T","E","M","?","R","M","R","BOSS","M","M","?","?","?","R","$","R","T","R","?","?","R","M","R","BOSS","M","M","M","$","?","E","R","M","T","R","E","M","?","M","R","BOSS","BOSS","R","$","E","BOSS"],"items_purchased_type":["Relic","Card","Relic","Relic","Card","Card","Relic","Relic","Card","Card"],"build_version":"2020-12-13","purchased_purges":3,"victory":false,"max_hp_per_floor":[75,75,75,75,75,75,75,75,75,75,75,80,80,80,80,80,80,80,80,80,85,85,85,85,85,85,85,85,85,85,85,85,85,85,85,85,85,85,85,85,85,85,85,85,85,85,85,85,85,85,85,85,85,85,85,85,85],"relic_stats":{"Happy Flower":[40],"counters":[27,198],"Self Forming Clay":[297],"Bag of Preparation":[12],"Whetstone":["Hemokinesis","Strike_R"],"War Paint":["Impervious","Defend_R"],"Cursed Key":2,"Burning Blood":136,"WarpedTongs":[63],"Sozu":8,"Centennial Puzzle":[38],"Shovel":11,"Ornamental Fan":[0],"Bird Faced Urn":[29],"Pantograph":70,"Tiny Chest":2,"obtain_stats":[{"Ice Cream":40,"Calipers":54,"Incense Burner":26,"Bag of Preparation":45,"Whetstone":55,"Cursed Key":34,"Burning Blood":0,"Sozu":17,"Centennial Puzzle":27,"Shovel":7,"Pantograph":30,"Tiny Chest":10,"Red Mask":20,"Toxic Egg 2":9,"Red Skull":24,"Happy Flower":25,"Self Forming Clay":32,"Omamori":22,"Odd Mushroom":12,"War Paint":38,"Akabeko":23,"WarpedTongs":39,"Ornamental Fan":53,"Bird Faced Urn":15,"Orrery":3,"Molten Egg 2":44,"Bag of Marbles":41,"Bottled Lightning":13,"Membership Card":24,"Meat on the Bone":8},{"Ice Cream":19,"Calipers":25,"Incense Burner":12,"Bag of Preparation":21,"Whetstone":26,"Cursed Key":15,"Burning Blood":0,"Sozu":9,"Centennial Puzzle":12,"Shovel":4,"Pantograph":13,"Tiny Chest":5,"Red Mask":12,"Toxic Egg 2":4,"Red Skull":12,"Happy Flower":12,"Self Forming Clay":14,"Omamori":12,"Odd Mushroom":7,"War Paint":18,"Akabeko":12,"WarpedTongs":18,"Ornamental Fan":25,"Bird Faced Urn":8,"Orrery":2,"Molten Egg 2":20,"Bag of Marbles":19,"Bottled Lightning":7,"Membership Card":12,"Meat on the Bone":4},{"Ice Cream":134,"Calipers":183,"Incense Burner":76,"Bag of Preparation":152,"Whetstone":189,"Cursed Key":102,"Burning Blood":0,"Sozu":60,"Centennial Puzzle":76,"Shovel":19,"Pantograph":81,"Tiny Chest":24,"Red Mask":76,"Toxic Egg 2":19,"Red Skull":76,"Happy Flower":76,"Self Forming Clay":88,"Omamori":76,"Odd Mushroom":37,"War Paint":127,"Akabeko":76,"WarpedTongs":127,"Ornamental Fan":183,"Bird Faced Urn":44,"Orrery":8,"Molten Egg 2":145,"Bag of Marbles":134,"Bottled Lightning":37,"Membership Card":76,"Meat on the Bone":19}],"Meat on the Bone":120},"card_choices":[{"not_picked":["Rage","Seeing Red","Armaments"],"picked":"SKIP","floor":1.0},{"not_picked":["Rupture","Ghostly Armor"],"picked":"Wild Strike","floor":2.0},{"not_picked":["Sentinel","Blood for Blood"],"picked":"Impervious","floor":3.0},{"not_picked":["Heavy Blade","Reckless Charge"],"picked":"Ghostly Armor","floor":3.0},{"not_picked":["Rage","Clothesline"],"picked":"Pommel Strike","floor":3.0},{"not_picked":["Rupture","Rampage"],"picked":"Shrug It Off","floor":4.0},{"not_picked":["Anger","Clash"],"picked":"Reaper","floor":7.0},{"not_picked":["Sentinel+1","Intimidate+1"],"picked":"Burning Pact+1","floor":10.0},{"not_picked":["Warcry+1","Wild Strike"],"picked":"Hemokinesis","floor":11.0},{"not_picked":["Heavy Blade","Sever Soul"],"picked":"Flex+1","floor":12.0},{"not_picked":["Iron Wave","Anger","Perfected Strike"],"picked":"SKIP","floor":14.0},{"not_picked":["Barricade","Corruption"],"picked":"Immolate","floor":16.0},{"not_picked":["Iron Wave","Clothesline"],"picked":"Warcry+1","floor":18},{"not_picked":["Clothesline","Wild Strike"],"picked":"Power Through+1","floor":19},{"not_picked":["Perfected Strike","Blood for Blood"],"picked":"Shrug It Off+1","floor":20},{"not_picked":["Clothesline","Sword Boomerang"],"picked":"Shockwave+1","floor":29},{"not_picked":["Reckless Charge","Iron Wave","Wild Strike"],"picked":"SKIP","floor":31},{"not_picked":["Juggernaut","Berserk"],"picked":"Brutality","floor":33},{"not_picked":["Pummel","Wild Strike"],"picked":"Disarm+1","floor":35},{"not_picked":["Warcry+1","Clothesline+1"],"picked":"True Grit+1","floor":36},{"not_picked":["Twin Strike","Heavy Blade","Bloodletting+1"],"picked":"SKIP","floor":37},{"not_picked":["Seeing Red+1","Flex+1"],"picked":"Disarm+1","floor":40},{"not_picked":["True Grit+1","Ghostly Armor+1"],"picked":"Body Slam+1","floor":42},{"not_picked":["Intimidate+1","Berserk"],"picked":"Whirlwind+1","floor":45},{"not_picked":["Uppercut+1","Rampage+1"],"picked":"Flex+1","floor":46},{"not_picked":["Dark Embrace","Shrug It Off+1"],"picked":"Feel No Pain+1","floor":48},{"not_picked":["Reckless Charge+1","Iron Wave+1","Heavy Blade+1"],"picked":"SKIP","floor":55},{"not_picked":["Reckless Charge+1","Iron Wave+1","Heavy Blade+1"],"picked":"SKIP","floor":55}],"player_experience":3001155,"relics_obtained":[{"floor":7.0,"key":"Shovel"},{"floor":8.0,"key":"Meat on the Bone"},{"floor":9.0,"key":"Toxic Egg 2"},{"floor":10.0,"key":"Tiny Chest"},{"floor":12.0,"key":"Odd Mushroom"},{"floor":13.0,"key":"Bottled Lightning"},{"floor":15.0,"key":"Bird Faced Urn"},{"floor":20,"key":"Red Mask"},{"floor":22,"key":"Omamori"},{"floor":23,"key":"Akabeko"},{"floor":25,"key":"Happy Flower"},{"floor":26,"key":"Incense Burner"},{"floor":27,"key":"Centennial Puzzle"},{"floor":30,"key":"Pantograph"},{"floor":32,"key":"Self Forming Clay"},{"floor":40,"key":"Ice Cream"},{"floor":41,"key":"Bag of Marbles"},{"floor":44,"key":"Molten Egg 2"},{"floor":45,"key":"Bag of Preparation"},{"floor":53,"key":"Ornamental Fan"},{"floor":55,"key":"Whetstone"}],"event_choices":[{"damage_healed":0.0,"max_hp_gain":0.0,"max_hp_loss":0.0,"gold_gain":75.0,"event_name":"World of Goop","player_choice":"Gather Gold","floor":5.0,"gold_loss":0.0,"damage_taken":11.0},{"damage_healed":0.0,"max_hp_gain":0.0,"max_hp_loss":0.0,"gold_gain":0.0,"event_name":"Mushrooms","player_choice":"Fought Mushrooms","floor":12.0,"gold_loss":0.0,"damage_taken":0.0},{"damage_healed":0,"gold_gain":0,"player_choice":"Fought Bandits","damage_taken":0,"max_hp_gain":0,"max_hp_loss":0,"event_name":"Masked Bandits","floor":20,"gold_loss":0},{"damage_healed":0,"gold_gain":0,"player_choice":"Shed Blood","damage_taken":28,"max_hp_gain":5,"max_hp_loss":0,"event_name":"Forgotten Altar","floor":21,"gold_loss":0},{"damage_healed":0,"gold_gain":90,"player_choice":"GOLD ","damage_taken":12,"max_hp_gain":0,"max_hp_loss":0,"event_name":"Knowing Skull","floor":28,"potions_obtained":[],"gold_loss":0,"cards_obtained":[]},{"damage_healed":0,"gold_gain":0,"player_choice":"Rummage","damage_taken":0,"relics_obtained":["WarpedTongs"],"max_hp_gain":0,"max_hp_loss":0,"event_name":"Accursed Blacksmith","floor":39,"gold_loss":0,"cards_obtained":["Pain"]}],"is_beta":false,"boss_relics":[{"not_picked":["Velvet Choker","Pandora\u0027s Box"],"picked":"Sozu"},{"not_picked":["Fusion Hammer","Mark of Pain"],"picked":"Cursed Key"}],"items_purged_floors":[3,24,38],"is_endless":false,"potions_floor_spawned":[2,4,12,16,18,20,29,33,35,37,42,48],"killed_by":"The Heart","ascension_level":20}}