{"host":"bxn2em57qlx5u4i0","time":1608510564,"event":{"mods":["BaseMod","Colored Map","Colored Powertips","Highlight Path","Minty Spire (QoL Compilation)","Random Character Button","Relic Sorter","Relic Stats","StSLib","SuperFastMode"],"gold_per_floor":[111,111,127,127,127,157,171,171,223,250,250,325,338,368,368,444,444,462,462,62,73,86,86,112,123,174,174,187,187,16,42,42,113,113,127,27,52,72,90,90,90],"floor_reached":40,"playtime":1815,"items_purged":["Strike_G","Strike_G"],"score":1038,"play_id":"5197e429-6b58-4a2f-8dd3-b7ca4aa93014","local_time":"20201220192924","is_ascension_mode":true,"campfire_choices":[{"data":"Poisoned Stab","floor":8.0,"key":"SMITH"},{"data":"Quick Slash","floor":11.0,"key":"SMITH"},{"floor":15.0,"key":"REST"},{"floor":23,"key":"REST"},{"data":"After Image","floor":27,"key":"SMITH"},{"floor":29,"key":"REST"},{"data":"Wraith Form v2","floor":32,"key":"SMITH"}],"circlet_count":0,"master_deck":["AscendersBane","Strike_G","Strike_G","Defend_G","Defend_G","Defend_G","Defend_G","Defend_G+1","Survivor+1","Neutralize","Quick Slash+1","Poisoned Stab+1","Calculated Gamble+1","PiercingWail+1","Adrenaline+1","Cloak And Dagger+1","Tactician+1","After Image+1","Concentrate+1","Finesse+1","Prepared+1","Well Laid Plans","Crippling Poison+1","Deadly Poison+1","Wraith Form v2+1","Burst+1","Tactician+1"],"relics":["Ring of the Snake","NeowsBlessing","Vajra","Pen Nib","Toxic Egg 2","War Paint","Potion Belt","Sundial","Black Star","TwistedFunnel","Singing Bowl","Strawberry","Anchor","Medical Kit","Regal Pillow","Darkstone Periapt","Fusion Hammer","Tingsha"],"acts_visited":["Exordium","TheCity","TheBeyond"],"potions_floor_usage":[21,33,33,39,39],"damage_taken":[{"damage":0.0,"enemies":"Cultist","floor":1.0,"turns":1.0},{"damage":0.0,"enemies":"Jaw Worm","floor":3.0,"turns":1.0},{"damage":0.0,"enemies":"Gremlin Nob","floor":6.0,"turns":1.0},{"damage":0.0,"enemies":"2 Louse","floor":7.0,"turns":3.0},{"damage":10.0,"enemies":"3 Sentries","floor":10.0,"turns":8.0},{"damage":0.0,"enemies":"Blue Slaver","floor":13.0,"turns":2.0},{"damage":0.0,"enemies":"Gremlin Nob","floor":14.0,"turns":3.0},{"damage":26.0,"enemies":"Slime Boss","floor":16.0,"turns":9.0},{"damage":0.0,"enemies":"Shell Parasite","floor":18.0,"turns":5.0},{"damage":2,"enemies":"2 Thieves","floor":21,"turns":4},{"damage":37,"enemies":"Chosen and Byrds","floor":22,"turns":10},{"damage":22,"enemies":"Slavers","floor":24,"turns":5},{"damage":4,"enemies":"Snake Plant","floor":25,"turns":4},{"damage":0,"enemies":"Centurion and Healer","floor":28,"turns":7},{"damage":0,"enemies":"Gremlin Leader","floor":31,"turns":5},{"damage":32,"enemies":"Champ","floor":33,"turns":15},{"damage":0,"enemies":"3 Darklings","floor":35,"turns":4},{"damage":0,"enemies":"Mind Bloom Boss Battle","floor":37,"turns":7},{"damage":0,"enemies":"3 Shapes","floor":38,"turns":4},{"damage":14,"enemies":"Maw","floor":39,"turns":8},{"damage":55,"enemies":"Giant Head","floor":40,"turns":9}],"seed_played":"-573262995740520215","potions_obtained":[{"floor":3.0,"key":"SpeedPotion"},{"floor":6.0,"key":"Weak Potion"},{"floor":7.0,"key":"SkillPotion"},{"floor":10.0,"key":"Strength Potion"},{"floor":18.0,"key":"DistilledChaos"},{"floor":24,"key":"Poison Potion"},{"floor":31,"key":"SkillPotion"},{"floor":37,"key":"LiquidMemories"}],"is_trial":false,"path_per_floor":["M","T","M","?","?","E","M","R","T","E","R","?","M","E","R","B",null,"M","?","$","M","M","R","E","M","T","R","M","R","$","E","R","B",null,"M","$","?","M","M","E"],"character_chosen":"THE_SILENT","items_purchased":["TwistedFunnel","Finesse+1","Prepared+1","Medical Kit"],"campfire_rested":3,"item_purchase_floors":[20,20,20,30],"current_hp_per_floor":[59,59,59,52,47,47,47,47,47,37,37,26,26,26,45,19,54,54,54,54,52,15,34,21,19,19,19,19,42,42,42,42,10,60,62,62,64,64,52,0,0],"gold":90,"neow_bonus":"THREE_ENEMY_KILL","is_daily":false,"chose_seed":false,"campfire_upgraded":4,"win_rate":0.0,"timestamp":1608510564,"path_taken":["M","?","?","?","?","E","M","R","T","E","R","?","M","E","R","BOSS","M","?","$","M","M","R","E","M","T","R","M","R","$","E","R","BOSS","M","$","?","M","M","E"],"items_purchased_type":["Relic","Card","Card","Relic"],"build_version":"2020-12-13","purchased_purges":2,"victory":false,"max_hp_per_floor":[66,66,66,66,66,66,66,66,66,66,66,66,66,66,66,66,66,66,66,66,66,66,66,75,77,77,77,77,77,77,77,77,77,77,79,79,81,81,83,83,83],"relic_stats":{"Darkstone Periapt":0,"Regal Pillow":0,"Singing Bowl":10,"counters":[21,115],"Sundial":[18],"Tingsha":[84],"Pen Nib":[25],"Black Star":2,"War Paint":["Survivor","Defend_G"],"Medical Kit":[2],"obtain_stats":[{"Potion Belt":10,"TwistedFunnel":20,"Darkstone Periapt":31,"Regal Pillow":31,"NeowsBlessing":0,"Singing Bowl":24,"Vajra":2,"Tingsha":37,"Pen Nib":5,"War Paint":9,"Medical Kit":30,"Anchor":26,"Sundial":14,"Strawberry":24,"Fusion Hammer":34,"Black Star":17,"Toxic Egg 2":6,"Ring of the Snake":0},{"Potion Belt":5,"TwistedFunnel":9,"Darkstone Periapt":15,"Regal Pillow":15,"NeowsBlessing":0,"Singing Bowl":12,"Vajra":1,"Tingsha":18,"Pen Nib":2,"War Paint":4,"Medical Kit":14,"Anchor":13,"Sundial":7,"Strawberry":12,"Fusion Hammer":16,"Black Star":8,"Toxic Egg 2":3,"Ring of the Snake":0},{"Potion Belt":14,"TwistedFunnel":33,"Darkstone Periapt":68,"Regal Pillow":68,"NeowsBlessing":0,"Singing Bowl":52,"Vajra":1,"Tingsha":94,"Pen Nib":2,"War Paint":6,"Medical Kit":63,"Anchor":56,"Sundial":19,"Strawberry":52,"Fusion Hammer":83,"Black Star":28,"Toxic Egg 2":3,"Ring of the Snake":0}],"Ring of the Snake":[42]},"card_choices":[{"not_picked":["Underhanded Strike","Expertise"],"picked":"Quick Slash","floor":1.0},{"not_picked":["Flying Knee","Underhanded Strike"],"picked":"Poisoned Stab","floor":3.0},{"not_picked":["Heel Hook","Quick Slash"],"picked":"Calculated Gamble+1","floor":6.0},{"not_picked":["Setup+1","Footwork"],"picked":"PiercingWail+1","floor":7.0},{"not_picked":["Acrobatics+1","Riddle With Holes"],"picked":"Adrenaline+1","floor":10.0},{"not_picked":["Outmaneuver+1","Blur+1"],"picked":"Cloak And Dagger+1","floor":13.0},{"not_picked":["PiercingWail+1","Noxious Fumes"],"picked":"Tactician+1","floor":14.0},{"not_picked":["Glass Knife","Venomology+1"],"picked":"After Image","floor":16.0},{"not_picked":["PiercingWail+1","Finisher"],"picked":"Concentrate+1","floor":18.0},{"not_picked":["Choke","Quick Slash"],"picked":"Well Laid Plans","floor":21},{"not_picked":["Escape Plan+1","Bane"],"picked":"Crippling Poison+1","floor":22},{"not_picked":["Predator","Dodge and Roll+1","Deflect+1"],"picked":"Singing Bowl","floor":24},{"not_picked":["Poisoned Stab","Concentrate+1","Quick Slash"],"picked":"Singing Bowl","floor":25},{"not_picked":["Prepared+1","Leg Sweep+1"],"picked":"Deadly Poison+1","floor":28},{"not_picked":["Accuracy","Noxious Fumes"],"picked":"Wraith Form v2","floor":31},{"not_picked":["Adrenaline+1","Phantasmal Killer+1"],"picked":"Burst+1","floor":33},{"not_picked":["Poisoned Stab","Prepared+1","Quick Slash"],"picked":"Singing Bowl","floor":35},{"not_picked":["Bouncing Flask+1","Poisoned Stab+1","Acrobatics+1"],"picked":"Singing Bowl","floor":37},{"not_picked":["Poisoned Stab","Blade Dance+1"],"picked":"Tactician+1","floor":38},{"not_picked":["Quick Slash","Cloak And Dagger+1","Well Laid Plans"],"picked":"Singing Bowl","floor":39}],"player_experience":2838048,"relics_obtained":[{"floor":2.0,"key":"Vajra"},{"floor":6.0,"key":"Toxic Egg 2"},{"floor":9.0,"key":"War Paint"},{"floor":10.0,"key":"Potion Belt"},{"floor":14.0,"key":"Sundial"},{"floor":24,"key":"Singing Bowl"},{"floor":24,"key":"Strawberry"},{"floor":26,"key":"Anchor"},{"floor":31,"key":"Regal Pillow"},{"floor":31,"key":"Darkstone Periapt"},{"floor":37,"key":"Tingsha"}],"event_choices":[{"cards_removed":["Strike_G"],"damage_healed":0.0,"max_hp_gain":0.0,"max_hp_loss":0.0,"gold_gain":0.0,"event_name":"Golden Wing","player_choice":"Card Removal","floor":4.0,"gold_loss":0.0,"damage_taken":7.0},{"damage_healed":0.0,"max_hp_gain":0.0,"max_hp_loss":0.0,"gold_gain":0.0,"event_name":"Scrap Ooze","player_choice":"Success","floor":5.0,"gold_loss":0.0,"damage_taken":5.0,"relics_obtained":["Pen Nib"]},{"damage_healed":0.0,"max_hp_gain":0.0,"max_hp_loss":0.0,"gold_gain":75.0,"event_name":"World of Goop","player_choice":"Gather Gold","floor":12.0,"gold_loss":0.0,"damage_taken":11.0},{"damage_healed":0,"gold_gain":0,"player_choice":"Ignored","damage_taken":0,"max_hp_gain":0,"max_hp_loss":0,"event_name":"Cursed Tome","floor":19,"gold_loss":0},{"damage_healed":0,"gold_gain":0,"player_choice":"Fight","damage_taken":0,"max_hp_gain":0,"max_hp_loss":0,"event_name":"MindBloom","floor":37,"gold_loss":0}],"is_beta":false,"boss_relics":[{"not_picked":["Runic Dome","Busted Crown"],"picked":"Black Star"},{"not_picked":["Runic Pyramid","Astrolabe"],"picked":"Fusion Hammer"}],"items_purged_floors":[20,36],"is_endless":false,"potions_floor_spawned":[3,6,7,10,18,24,31,37],"killed_by":"Giant Head","ascension_level":20}}