{"host":"7pe9xwx78c6nlay8","time":1608545558,"event":{"mods":["BaseMod","Minty Spire (QoL Compilation)"],"gold_per_floor":[116,135,310,310,321,321,377,9,9,37,37,72,48,68,68,165,165,180,255,255,270,270,270,270],"floor_reached":23,"playtime":913,"items_purged":["Doubt"],"score":386,"play_id":"18c0cdf7-92d5-4010-b493-22d8c2247425","local_time":"20201221181238","is_ascension_mode":true,"campfire_choices":[{"data":"Vigilance","floor":6.0,"key":"SMITH"},{"floor":15.0,"key":"REST"}],"circlet_count":0,"master_deck":["AscendersBane","Strike_P","Strike_P","Strike_P","Strike_P","Defend_P","Defend_P","Defend_P","Defend_P","Eruption+1","Vigilance+1","JustLucky","ReachHeaven","DevaForm","CutThroughFate","Nirvana","JustLucky","Vault","CurseOfTheBell"],"relics":["PureWater","NeowsBlessing","Blood Vial","HandDrill","Pen Nib","Damaru","Akabeko","Eternal Feather","Calling Bell","CeramicFish","Yang","Ginger","Nloth\u0027s Gift"],"acts_visited":["Exordium","TheCity"],"potions_floor_usage":[20],"damage_taken":[{"damage":0.0,"enemies":"Jaw Worm","floor":1.0,"turns":1.0},{"damage":0.0,"enemies":"Cultist","floor":2.0,"turns":1.0},{"damage":0.0,"enemies":"2 Louse","floor":5.0,"turns":1.0},{"damage":25.0,"enemies":"3 Sentries","floor":7.0,"turns":8.0},{"damage":33.0,"enemies":"3 Sentries","floor":10.0,"turns":10.0},{"damage":0.0,"enemies":"Gremlin Nob","floor":12.0,"turns":2.0},{"damage":0.0,"enemies":"Lots of Slimes","floor":14.0,"turns":2.0},{"damage":13.0,"enemies":"The Guardian","floor":16.0,"turns":10.0},{"damage":16.0,"enemies":"3 Byrds","floor":18.0,"turns":7.0},{"damage":0,"enemies":"Spheric Guardian","floor":20,"turns":2},{"damage":17,"enemies":"Centurion and Healer","floor":21,"turns":7},{"damage":31,"enemies":"Book of Stabbing","floor":23,"turns":6}],"seed_played":"3425088556159454720","potions_obtained":[{"floor":5.0,"key":"Strength Potion"},{"floor":7.0,"key":"Energy Potion"},{"floor":10.0,"key":"Ambrosia"},{"floor":12.0,"key":"SmokeBomb"},{"floor":18.0,"key":"Fire Potion"}],"is_trial":false,"path_per_floor":["M","M","?","?","M","R","?","$","T","E","T","E","$","M","R","B",null,"M","?","M","M","?","E"],"character_chosen":"WATCHER","items_purchased":["HandDrill","Pen Nib","JustLucky"],"campfire_rested":1,"item_purchase_floors":[8,8,13],"current_hp_per_floor":[65,65,65,65,65,65,40,40,40,9,9,11,11,13,43,32,62,48,41,43,28,28,0,0],"gold":270,"neow_bonus":"THREE_ENEMY_KILL","is_daily":false,"chose_seed":false,"campfire_upgraded":1,"win_rate":0.0,"timestamp":1608545558,"path_taken":["M","M","?","?","?","R","?","$","T","E","?","E","?","M","R","BOSS","M","?","?","M","?","E"],"items_purchased_type":["Relic","Relic","Card"],"build_version":"2020-12-13","purchased_purges":1,"victory":false,"max_hp_per_floor":[72,72,72,72,72,72,72,72,72,72,72,72,72,72,72,72,72,72,72,72,72,72,72,72],"card_choices":[{"not_picked":["Vengeance","ThirdEye"],"picked":"JustLucky","floor":1.0},{"not_picked":["SashWhip","EmptyMind","Worship"],"picked":"SKIP","floor":2.0},{"not_picked":["BowlingBash","EmptyBody"],"picked":"ReachHeaven","floor":5.0},{"not_picked":["Wallop","Tantrum"],"picked":"DevaForm","floor":7.0},{"not_picked":["Sanctity","ForeignInfluence"],"picked":"CutThroughFate","floor":10.0},{"not_picked":["Study","Worship"],"picked":"Nirvana","floor":12.0},{"not_picked":["EmptyBody","SashWhip","SandsOfTime"],"picked":"SKIP","floor":14.0},{"not_picked":["DevaForm","Omniscience"],"picked":"Vault","floor":16.0},{"not_picked":["CarveReality+1","CrushJoints","FollowUp+1"],"picked":"SKIP","floor":18.0},{"not_picked":["FlurryOfBlows+1","Prostrate+1","FollowUp"],"picked":"SKIP","floor":21}],"player_experience":1548308,"relics_obtained":[{"floor":7.0,"key":"Blood Vial"},{"floor":9.0,"key":"Damaru"},{"floor":10.0,"key":"Akabeko"},{"floor":11.0,"key":"Smiling Mask"},{"floor":12.0,"key":"Eternal Feather"},{"floor":17.0,"key":"CeramicFish"},{"floor":17.0,"key":"Yang"},{"floor":17.0,"key":"Ginger"}],"event_choices":[{"damage_healed":0.0,"max_hp_gain":0.0,"max_hp_loss":0.0,"gold_gain":175.0,"event_name":"Liars Game","player_choice":"AGREE","floor":3.0,"gold_loss":0.0,"damage_taken":0.0,"cards_obtained":["Doubt"]},{"damage_healed":0.0,"max_hp_gain":0.0,"max_hp_loss":0.0,"gold_gain":0.0,"event_name":"Accursed Blacksmith","player_choice":"Forge","floor":4.0,"gold_loss":0.0,"damage_taken":0.0,"cards_upgraded":["Eruption"]},{"damage_healed":0.0,"max_hp_gain":0.0,"max_hp_loss":0.0,"gold_gain":30.0,"event_name":"Dead Adventurer","player_choice":"Searched \u00272\u0027 times","floor":7.0,"gold_loss":0.0,"damage_taken":0.0},{"damage_healed":0,"gold_gain":75,"player_choice":"Touch","damage_taken":7,"max_hp_gain":0,"max_hp_loss":0,"event_name":"FaceTrader","floor":19,"gold_loss":0},{"damage_healed":0,"gold_gain":0,"player_choice":"Traded Relic","damage_taken":0,"relics_obtained":["Nloth\u0027s Gift"],"max_hp_gain":0,"max_hp_loss":0,"event_name":"N\u0027loth","floor":22,"relics_lost":["Smiling Mask"],"gold_loss":0}],"is_beta":false,"boss_relics":[{"not_picked":["SacredBark","Snecko Eye"],"picked":"Calling Bell"}],"items_purged_floors":[8],"is_endless":false,"potions_floor_spawned":[5,7,10,12,18],"killed_by":"Book of Stabbing","ascension_level":11}}