{"host":"0luxfixkkfk9wck3","time":1608581228,"event":{"mods":["BaseMod","Downfall","Highlight Path","Minty Spire (QoL Compilation)","StSLib"],"gold_per_floor":[99,131,131,162,162,180,180,180,1,1,76,87,87,18,28,127,127,127,227,227,286,286,336,362,362,381,306,303,357,357,409,463,560,560,560,617,691,691,276,276,276,276,343,343,85,13,13,22,22,22],"floor_reached":51,"playtime":3935,"items_purged":["Slimebound:Strike_Slimebound","Slimebound:Tackle"],"score":777,"play_id":"a7ad2f1f-7ad6-4df0-b5ff-214f729458a7","local_time":"20201221140708","is_ascension_mode":false,"campfire_choices":[{"data":"Slimebound:Split","floor":1,"key":"SMITH"},{"data":"Slimebound:SplitAcid","floor":8,"key":"SMITH"},{"data":"Apotheosis","floor":10,"key":"SMITH"},{"data":"Slimebound:HauntingLick","floor":18,"key":"PURGE"},{"floor":22,"key":"REST"},{"floor":25,"key":"REST"},{"data":"1","floor":27,"key":"LIFT"},{"data":"Slimebound:Teamwork","floor":35,"key":"PURGE"},{"data":"Slimebound:DuplicatedForm","floor":38,"key":"PURGE"},{"data":"2","floor":42,"key":"LIFT"},{"data":"Slimebound:AcidTongue","floor":44,"key":"PURGE"}],"circlet_count":0,"master_deck":["Slimebound:Defend_Slimebound","Slimebound:Defend_Slimebound","Slimebound:Defend_Slimebound","Slimebound:Split+1","Slimebound:CorrosiveSpit","Slimebound:SplitAcid","Slimebound:SplitAcid+1","Slimebound:SamplingLick","Slimebound:OozeBath","Apotheosis+1","Slimebound:LevelUp","Slimebound:GrowthPunch+1","Slimebound:SelfFormingGoo","Slimebound:OneTwoCombo","Slimebound:SelfFormingGoo","Slimebound:Teamwork","Slimebound:Schlurp+1","Slimebound:SplitLeeching+1","Slimebound:LeechingTouch+1","Slimebound:Teamwork","Slimebound:SamplingLick+1","expansioncontent:StudyTheSpire","Slimebound:Replication+1","Slimebound:SpikyOuterGoop","Slimebound:LeechLife"],"relics":["Slimebound:AbsorbEndCombat","downfall:HeartsMalice","downfall:ShatteredFragment","Calipers","Girya","Slimebound:ScrapOozeRelic","Sozu","MutagenicStrength","downfall:KnowingSkull","downfall:HeartBlessingBlue","Tiny Chest","Happy Flower","Slimebound:TarBlob","CeramicFish","Whetstone","Pear","Bottled Flame","Slimebound:MaxSlimesRelic"],"acts_visited":["Exordium","TheCity","TheBeyond"],"potions_floor_usage":[16,49,50],"damage_taken":[{"damage":0,"enemies":"Lagavulin","floor":2,"turns":1},{"damage":0,"enemies":"3 Sentries","floor":4,"turns":1},{"damage":0,"enemies":"Small Slimes","floor":5,"turns":1},{"damage":12,"enemies":"2 Louse","floor":6,"turns":1},{"damage":20,"enemies":"downfall:FleeingMerchant","floor":9,"turns":4},{"damage":13,"enemies":"Jaw Worm","floor":12,"turns":3},{"damage":23,"enemies":"downfall:FleeingMerchant","floor":14,"turns":4},{"damage":4,"enemies":"Large Slime","floor":15,"turns":3},{"damage":48,"enemies":"downfall:Silent","floor":16,"turns":5},{"damage":48,"enemies":"downfall:Augmenter","floor":19,"turns":5},{"damage":15,"enemies":"3 Byrds","floor":21,"turns":3},{"damage":10,"enemies":"Spheric Guardian","floor":23,"turns":3},{"damage":8,"enemies":"Snake Plant","floor":26,"turns":3},{"damage":26,"enemies":"downfall:FleeingMerchant","floor":28,"turns":4},{"damage":11,"enemies":"3 Cultists","floor":29,"turns":4},{"damage":16,"enemies":"Cultist and Chosen","floor":32,"turns":3},{"damage":46,"enemies":"downfall:Watcher","floor":33,"turns":7},{"damage":27,"enemies":"3 Darklings","floor":36,"turns":3},{"damage":33,"enemies":"Reptomancer","floor":37,"turns":4},{"damage":16,"enemies":"Orb Walker","floor":43,"turns":2},{"damage":6,"enemies":"Jaw Worm Horde","floor":49,"turns":1},{"damage":55,"enemies":"downfall:Ironclad","floor":50,"turns":5}],"seed_played":"-517465597247915730","potions_obtained":[{"floor":2,"key":"Block Potion"},{"floor":12,"key":"SmokeBomb"},{"floor":16,"key":"Strength Potion"}],"is_trial":false,"path_per_floor":["R","E","?","E","M","M","T","R","$","R","?","M","?","$","M","B",null,"R","?","?","M","R","M","T","R","M","R","$","M","?","T","M","B",null,"R","M","E","R","$","T","T","R","M","R","$","$","?","?","M","B",null],"character_chosen":"SLIMEBOUND","items_purchased":["Apotheosis","Slimebound:GrowthPunch","Slimebound:Teamwork","Tiny Chest","Whetstone","expansioncontent:StudyTheSpire","Slimebound:MaxSlimesRelic","Slimebound:SpikyOuterGoop"],"campfire_rested":2,"item_purchase_floors":[9,14,28,28,39,39,45,46],"current_hp_per_floor":[60,60,42,42,42,44,44,44,55,55,55,56,56,53,57,29,60,60,34,28,17,35,29,29,47,47,57,53,58,58,58,54,36,70,70,66,59,59,59,69,69,69,67,67,67,67,67,67,67,78],"gold":22,"neow_bonus":"THREE_ENEMY_KILL","is_daily":false,"chose_seed":false,"campfire_upgraded":3,"win_rate":0.0,"timestamp":1608581228,"path_taken":["R","E","?","E","M","M","T","R","$","R","?","M","?","$","M","BOSS","R","?","?","M","R","M","T","R","?","R","$","M","?","?","M","BOSS","R","?","E","R","$","?","T","R","M","R","$","$","?","?","M","BOSS"],"items_purchased_type":["Card","Card","Card","Relic","Relic","Card","Relic","Card"],"build_version":"2020-12-13","purchased_purges":2,"victory":true,"max_hp_per_floor":[60,60,60,60,60,60,60,60,60,60,60,60,60,60,60,60,60,60,60,60,60,60,60,60,60,60,70,70,70,70,70,70,70,70,70,70,70,70,70,80,80,80,80,80,80,80,80,80,80,80],"card_choices":[{"not_picked":["Slimebound:Prepare","Slimebound:GrowthPunch"],"picked":"Slimebound:SplitAcid","floor":2},{"not_picked":["Slimebound:FlameTackle","Slimebound:GrowthPunch"],"picked":"Slimebound:AcidTongue","floor":4},{"not_picked":["Slimebound:Replication","Slimebound:GrowthPunch"],"picked":"Slimebound:SplitAcid","floor":5},{"not_picked":["Slimebound:DisruptingSlam","Slimebound:GrowthPunch"],"picked":"Slimebound:SamplingLick","floor":6},{"not_picked":["Slimebound:TongueLash","Slimebound:GrowthPunch"],"picked":"Slimebound:OozeBath","floor":9},{"not_picked":["Slimebound:SplitLeeching","Slimebound:FlameTackle"],"picked":"Slimebound:LevelUp","floor":12},{"not_picked":["Slimebound:PressTheAttack","Slimebound:Schlurp","Slimebound:Prepare"],"picked":"SKIP","floor":14},{"not_picked":["Slimebound:Dissolve","Slimebound:Prepare"],"picked":"Slimebound:HauntingLick","floor":15},{"not_picked":["Slimebound:OneTwoCombo","Slimebound:Teamwork"],"picked":"Slimebound:SelfFormingGoo","floor":16},{"not_picked":["Slimebound:FinishingTackle","Slimebound:RejuvenatingLick"],"picked":"Slimebound:Teamwork","floor":21},{"not_picked":["Slimebound:RejuvenatingLick","Slimebound:ProtectTheBoss"],"picked":"Slimebound:Schlurp+1","floor":23},{"not_picked":["Slimebound:PressTheAttack","Slimebound:SplitBruiser"],"picked":"Slimebound:SplitLeeching+1","floor":26},{"not_picked":["Slimebound:LeechEnergy","Slimebound:SplitAcid"],"picked":"Slimebound:LeechingTouch","floor":28},{"not_picked":["Slimebound:FormOfPuddle","Slimebound:FinishingTackle","Slimebound:ComboTackle"],"picked":"SKIP","floor":29},{"not_picked":["Slimebound:ViciousTackle","Slimebound:SamplingLick","Slimebound:LeechingTouch"],"picked":"SKIP","floor":32},{"not_picked":["Slimebound:PrepareCrush","Slimebound:OozeBath"],"picked":"Slimebound:Teamwork","floor":33},{"not_picked":["Slimebound:FormOfPuddle","Slimebound:SlimeSpikes"],"picked":"Slimebound:SamplingLick+1","floor":36},{"not_picked":["Slimebound:LeechEnergy+1","Slimebound:Nibble"],"picked":"Slimebound:DuplicatedForm","floor":37},{"not_picked":["Slimebound:GoopSpray","Slimebound:LeechEnergy+1"],"picked":"Slimebound:Replication+1","floor":43}],"player_experience":10496498,"relics_obtained":[{"floor":2,"key":"MealTicket"},{"floor":4,"key":"Calipers"},{"floor":7,"key":"Girya"},{"floor":19,"key":"MutagenicStrength"},{"floor":31,"key":"Happy Flower"},{"floor":37,"key":"CeramicFish"},{"floor":40,"key":"Pear"},{"floor":41,"key":"Bottled Flame"}],"event_choices":[{"damage_healed":0,"gold_gain":0,"player_choice":"Ignored","damage_taken":0,"max_hp_gain":0,"max_hp_loss":0,"event_name":"Mysterious Sphere","floor":47,"gold_loss":0},{"damage_healed":0,"gold_gain":0,"cards_transformed":["Slimebound:Defend_Slimebound"],"player_choice":"Transformed","damage_taken":0,"max_hp_gain":0,"max_hp_loss":0,"event_name":"Transmorgrifier","floor":48,"gold_loss":0,"cards_obtained":["Slimebound:LeechLife"]}],"is_beta":false,"boss_relics":[{"not_picked":["Velvet Choker","Calling Bell"],"picked":"Sozu"},{"not_picked":["Runic Pyramid","Cursed Key"],"picked":"Slimebound:TarBlob"}],"items_purged_floors":[28,39],"is_endless":false,"potions_floor_spawned":[2,12,16,23,29,33,37,43],"ascension_level":0}}