{"host":"kag8mfq4or8nkqb2","time":1608576616,"event":{"mods":["2.2 Compatiblity","BaseMod","Downfall","Minty Spire (QoL Compilation)","StSLib"],"gold_per_floor":[99,99,99,119,138,172,172,188,188,188,188],"floor_reached":10,"playtime":513,"items_purged":[],"score":76,"play_id":"1817d791-b386-4932-8887-4036198c82da","local_time":"20201221185016","is_ascension_mode":true,"campfire_choices":[{"data":"expansioncontent:DarkVoid","floor":1.0,"key":"SMITH"},{"data":"sneckomod:Unknown","floor":3.0,"key":"SMITH"}],"circlet_count":0,"master_deck":["sneckomod:Strike","sneckomod:Strike","sneckomod:Defend","sneckomod:Defend","sneckomod:Defend","sneckomod:TailWhip","sneckomod:SnekBite","sneckomod:Unknown+1","sneckomod:Unknown","expansioncontent:DarkVoid+1","sneckomod:Unknown1Cost","sneckomod:Rotation","sneckomod:QuickBite","sneckomod:ImprovisedGuard"],"relics":["sneckomod:SneckoSoul","Orichalcum","Akabeko"],"acts_visited":["Exordium"],"potions_floor_usage":[],"damage_taken":[{"damage":1.0,"enemies":"Cultist","floor":4.0,"turns":3.0},{"damage":6.0,"enemies":"Jaw Worm","floor":5.0,"turns":3.0},{"damage":27,"enemies":"3 Sentries","floor":6,"turns":6},{"damage":8,"enemies":"Small Slimes","floor":8,"turns":2},{"damage":32,"enemies":"Lagavulin","floor":10,"turns":7}],"seed_played":"-2746885974475401829","potions_obtained":[{"floor":4.0,"key":"GamblersBrew"},{"floor":6,"key":"SkillPotion"}],"is_trial":false,"path_per_floor":["R","?","R","M","M","E","T","M","?","E"],"character_chosen":"THE_SNECKO","items_purchased":[],"campfire_rested":0,"item_purchase_floors":[],"current_hp_per_floor":[90,72,72,72,66,39,39,31,31,0,0],"gold":188,"neow_bonus":"RANDOM_COLORLESS","is_daily":false,"chose_seed":false,"campfire_upgraded":2,"win_rate":0.0,"timestamp":1608576616,"path_taken":["R","?","R","M","M","E","T","M","?","E"],"items_purchased_type":[],"build_version":"2020-12-13","purchased_purges":0,"victory":false,"max_hp_per_floor":[90,90,90,91,91,91,91,91,91,91,91],"card_choices":[{"not_picked":["Deep Breath","Jack Of All Trades"],"picked":"expansioncontent:DarkVoid","floor":0.0},{"not_picked":["sneckomod:UnknownBlock","sneckomod:DiceCrush"],"picked":"sneckomod:Unknown1Cost","floor":4.0},{"not_picked":["sneckomod:SnekBeam","sneckomod:QuickMove"],"picked":"sneckomod:Rotation","floor":5.0},{"not_picked":["sneckomod:UnknownStrike","sneckomod:UnknownClassTHE_CHAMP_GRAY"],"picked":"sneckomod:QuickBite","floor":6},{"not_picked":["sneckomod:Nope","sneckomod:UnknownCommonAttack"],"picked":"sneckomod:ImprovisedGuard","floor":8}],"player_experience":1042119,"relics_obtained":[{"floor":6,"key":"Akabeko"}],"event_choices":[{"damage_healed":0.0,"max_hp_gain":0.0,"max_hp_loss":0.0,"gold_gain":0.0,"event_name":"Scrap Ooze","player_choice":"Success","floor":2.0,"gold_loss":0.0,"damage_taken":18.0,"relics_obtained":["Orichalcum"]},{"cards_removed":["sneckomod:Strike"],"damage_healed":0,"gold_gain":0,"player_choice":"Card Removal","damage_taken":0,"max_hp_gain":0,"max_hp_loss":0,"event_name":"The Cleric","floor":9,"gold_loss":0}],"is_beta":false,"boss_relics":[],"items_purged_floors":[],"is_endless":false,"potions_floor_spawned":[4,6],"killed_by":"Lagavulin","ascension_level":3}}