{"host":"3xls0xm49ftugio7","time":1608564763,"event":{"mods":["2.2 Compatiblity","AchievementEnabler","Act Like it!","BaseMod","Colored Powertips","Downfall","GifTheSpireLib","Minty Spire (QoL Compilation)","Quick Restart","Relic Stats","StSLib"],"gold_per_floor":[99,115,127,155,67,67,67,96,112,112,112,262,262,262,273,273,273],"floor_reached":16,"playtime":586,"items_purged":[],"score":124,"play_id":"e250c559-a269-4543-918d-221777bb0b40","local_time":"20201221173243","is_ascension_mode":true,"campfire_choices":[{"data":"sneckomod:SnekBite","floor":1,"key":"SMITH"},{"data":"sneckomod:DiceBoulder","floor":6,"key":"SMITH"},{"floor":10,"key":"REST"}],"circlet_count":0,"master_deck":["sneckomod:Strike","sneckomod:Strike","sneckomod:Defend","sneckomod:Defend","sneckomod:Defend","sneckomod:TailWhip","sneckomod:SnekBite+1","sneckomod:Unknown","sneckomod:Unknown","sneckomod:UnknownCommonSkill","sneckomod:UnknownClassGUARDIAN","sneckomod:Restock","sneckomod:DiceBoulder+1","sneckomod:UnknownUncommonPower","sneckomod:Unknown1Cost","sneckomod:UnknownRareAttack","Slimebound:Icky","sneckomod:Unknown0Cost"],"relics":["sneckomod:SneckoSoul","sneckomod:ConfusingCodex","Eternal Feather","PreservedInsect","Question Card"],"acts_visited":["Exordium"],"potions_floor_usage":[16],"damage_taken":[{"damage":0,"enemies":"2 Louse","floor":2,"turns":1},{"damage":4,"enemies":"Small Slimes","floor":3,"turns":2},{"damage":59,"enemies":"3 Sentries","floor":4,"turns":12},{"damage":0,"enemies":"downfall:FleeingMerchant","floor":5,"turns":4},{"damage":32,"enemies":"Lagavulin","floor":8,"turns":7},{"damage":0,"enemies":"Jaw Worm","floor":9,"turns":2},{"damage":5,"enemies":"3 Louse","floor":15,"turns":4},{"damage":58,"enemies":"downfall:Defect","floor":16,"turns":5}],"seed_played":"884268156276484759","potions_obtained":[{"floor":0,"key":"EssenceOfSteel"},{"floor":0,"key":"GamblersBrew"},{"floor":0,"key":"sneckomod:OffclassReductionPotion"},{"floor":8,"key":"hexamod:EctoCoolerPotion"}],"is_trial":false,"path_per_floor":["R","M","M","E","$","R","T","E","M","R","?","?","T","?","M","B"],"character_chosen":"THE_SNECKO","items_purchased":["sneckomod:UnknownUncommonPower"],"campfire_rested":1,"item_purchase_floors":[5],"current_hp_per_floor":[90,91,92,33,34,34,34,3,4,41,41,41,41,46,56,0,0],"gold":273,"neow_bonus":"THREE_SMALL_POTIONS","is_daily":false,"chose_seed":false,"campfire_upgraded":2,"win_rate":0.0,"timestamp":1608564763,"path_taken":["R","M","M","E","$","R","T","E","M","R","?","?","?","?","M","BOSS"],"items_purchased_type":["Card"],"build_version":"2020-12-13","purchased_purges":0,"victory":false,"max_hp_per_floor":[90,91,92,92,93,93,93,94,95,95,95,95,95,100,101,101,101],"relic_stats":{"counters":[8,37],"Eternal Feather":9,"PreservedInsect":0,"Question Card":1,"obtain_stats":[{"sneckomod:ConfusingCodex":4,"Eternal Feather":7,"PreservedInsect":8,"sneckomod:SneckoSoul":0,"Question Card":13},{"sneckomod:ConfusingCodex":3,"Eternal Feather":4,"PreservedInsect":5,"sneckomod:SneckoSoul":0,"Question Card":6},{"sneckomod:ConfusingCodex":15,"Eternal Feather":19,"PreservedInsect":26,"sneckomod:SneckoSoul":0,"Question Card":28}]},"card_choices":[{"not_picked":["sneckomod:PureSnecko","sneckomod:RainOfDice"],"picked":"sneckomod:UnknownCommonSkill","floor":2},{"not_picked":["sneckomod:Unknown1Cost","sneckomod:ImprovisedGuard"],"picked":"sneckomod:UnknownClassGUARDIAN","floor":3},{"not_picked":["sneckomod:DiceBlock","sneckomod:UnknownVulnerable"],"picked":"sneckomod:Restock","floor":4},{"not_picked":["sneckomod:Rotation","sneckomod:SoulDraw"],"picked":"sneckomod:DiceBoulder","floor":5},{"not_picked":["sneckomod:DiceBoulder","sneckomod:DiceCrush"],"picked":"sneckomod:Unknown1Cost","floor":8},{"not_picked":["sneckomod:RainOfDice","sneckomod:UnknownCommonAttack"],"picked":"sneckomod:UnknownRareAttack","floor":9},{"not_picked":["sneckomod:ImprovisedAttack","sneckomod:UnknownCommonAttack","sneckomod:UnknownClassTHE_CHAMP_GRAY"],"picked":"sneckomod:Unknown0Cost","floor":15}],"player_experience":839832,"relics_obtained":[{"floor":4,"key":"sneckomod:ConfusingCodex"},{"floor":7,"key":"Eternal Feather"},{"floor":8,"key":"PreservedInsect"},{"floor":13,"key":"Question Card"}],"event_choices":[{"damage_healed":0,"gold_gain":0,"player_choice":"Donut","damage_taken":0,"max_hp_gain":5,"max_hp_loss":0,"event_name":"Big Fish","floor":14,"gold_loss":0}],"is_beta":false,"boss_relics":[],"items_purged_floors":[],"is_endless":false,"potions_floor_spawned":[8,9,15],"killed_by":"downfall:Defect","ascension_level":3}}