{"host":"8g24zuco0epbjwbo","time":1608542080,"event":{"mods":["BaseMod","Downfall","Minty Spire (QoL Compilation)","Relic Stats","StSLib"],"gold_per_floor":[99,119,146,71,84,259,283,316,376,376,376,376],"floor_reached":10,"playtime":457,"items_purged":[],"score":74,"play_id":"f5cb8f13-f588-4198-8c4c-cd8cd3ffd998","local_time":"20201221041440","is_ascension_mode":false,"campfire_choices":[{"floor":1,"key":"RECALL"},{"data":"champ:RapidStrikes","floor":4,"key":"SMITH"}],"circlet_count":0,"master_deck":["champ:Strike","champ:Strike","champ:Strike","champ:Strike","champ:Defend","champ:Defend","champ:Defend","champ:Defend","champ:Execute","champ:Taunt","champ:RapidStrikes+1","champ:AdrenalArmor","champ:TornadoPunch","Doubt","champ:CalledShot","champ:EndlessRage"],"relics":["Snecko Eye","Anchor","downfall:HeartBlessingRed","Happy Flower","Regal Pillow","HornCleat"],"acts_visited":["Exordium"],"potions_floor_usage":[3,9,9],"damage_taken":[{"damage":9,"enemies":"Cultist","floor":2,"turns":5},{"damage":46,"enemies":"Lagavulin","floor":3,"turns":8},{"damage":5,"enemies":"Jaw Worm","floor":5,"turns":2},{"damage":41,"enemies":"3 Sentries","floor":8,"turns":9},{"damage":46,"enemies":"Lagavulin Event","floor":9,"turns":8},{"damage":18,"enemies":"Lagavulin","floor":10,"turns":3}],"seed_played":"-5657868944853963380","potions_obtained":[{"floor":2,"key":"Fire Potion"},{"floor":3,"key":"SpeedPotion"},{"floor":8,"key":"Swift Potion"}],"is_trial":false,"path_per_floor":["R","M","E","R","M","?","T","E","?","E"],"character_chosen":"THE_CHAMP","items_purchased":[],"campfire_rested":0,"item_purchase_floors":[],"current_hp_per_floor":[90,86,55,55,55,55,55,33,7,0,0,0],"gold":376,"neow_bonus":"BOSS_RELIC","is_daily":false,"chose_seed":false,"campfire_upgraded":1,"win_rate":0.0,"timestamp":1608542080,"path_taken":["R","M","E","R","?","?","T","E","?","E"],"items_purchased_type":[],"build_version":"2020-12-13","purchased_purges":0,"victory":false,"max_hp_per_floor":[90,90,90,90,90,90,90,90,90,90,90,90],"relic_stats":{"Regal Pillow":0,"Happy Flower":[6],"counters":[6,35],"Snecko Eye":[46,60,70,52],"obtain_stats":[{"Anchor":3,"Regal Pillow":8,"HornCleat":9,"downfall:HeartBlessingRed":4,"Happy Flower":7,"Snecko Eye":0,"champ:ChampionCrown":0},{"Anchor":2,"Regal Pillow":4,"HornCleat":4,"downfall:HeartBlessingRed":2,"Happy Flower":3,"Snecko Eye":0,"champ:ChampionCrown":0},{"Anchor":13,"Regal Pillow":24,"HornCleat":24,"downfall:HeartBlessingRed":13,"Happy Flower":15,"Snecko Eye":0,"champ:ChampionCrown":0}]},"card_choices":[{"not_picked":["champ:EnragedBash","champ:Control"],"picked":"champ:RapidStrikes","floor":2},{"not_picked":["champ:FightOn","champ:PreciseThrust"],"picked":"champ:AdrenalArmor","floor":3},{"not_picked":["champ:GladiatorStyle","champ:GutPunch"],"picked":"champ:TornadoPunch","floor":5},{"not_picked":["champ:FightOn","champ:Backstep"],"picked":"champ:CalledShot","floor":8},{"not_picked":["champ:DefensiveShout","champ:Riposte"],"picked":"champ:EndlessRage","floor":9}],"player_experience":426950,"relics_obtained":[{"floor":3,"key":"Anchor"},{"floor":7,"key":"Happy Flower"},{"floor":8,"key":"Regal Pillow"}],"event_choices":[],"is_beta":false,"boss_relics":[],"items_purged_floors":[],"is_endless":false,"potions_floor_spawned":[2,3,8],"killed_by":"Lagavulin","ascension_level":0}}