{"host":"v4s5k3c6jywmeofl","time":1608519996,"event":{"mods":["Act Like it!","BaseMod","Colored Map","Downfall","Gensokyo","Hallownest","Hermit","Marisa????????","Minty Spire (QoL Compilation)","Quick Restart","Random Character Button","Rare Cards Sparkle","Replay The Spire","StSLib","The Animator","The Bug Knight","The Cursed","The Hierophant","The Servant 0.9.4"],"gold_per_floor":[114,114,114,144,163,195,41,51,51,69,69,82,101,115,115,115,115],"floor_reached":16,"playtime":740,"items_purged":[],"score":129,"play_id":"a8e4ba2b-4122-4c46-b773-c4ec33c294f0","local_time":"20201220220636","is_ascension_mode":false,"campfire_choices":[{"data":"TheCursedMod:HellfireBreathing","floor":11,"key":"SMITH"},{"data":"TheCursedMod:HellfireBreathing","floor":15,"key":"SMITH"}],"circlet_count":0,"master_deck":["TheCursedMod:Strike_TheCursed","TheCursedMod:Strike_TheCursed","TheCursedMod:Strike_TheCursed","TheCursedMod:Strike_TheCursed","TheCursedMod:Defend_TheCursed","TheCursedMod:Defend_TheCursed","TheCursedMod:Defend_TheCursed","TheCursedMod:Defend_TheCursed+1","TheCursedMod:CursedWand","TheCursedMod:CleanUpWorkshop","TheCursedMod:Dregs","TheCursedMod:Torture","Hallownest:curseDreamersLament","TheCursedMod:CursedBlade","TheCursedMod:Torture","TheCursedMod:SoulReap","TheCursedMod:CircleOfFlame+1","TheCursedMod:SurpriseAttack","TheCursedMod:HellfireBreathing+1","TheCursedMod:HellfireBreathing+1","TheCursedMod:ReleasedKnowledge","TheCursedMod:ReleasedStrength","TheCursedMod:CircleOfCorruption","TheCursedMod:LuckyCharm"],"relics":["TheCursedMod:BlackMagic101","NeowsBlessing","Hallownest:TeacherSealRelic","Shuriken","Blue Doll"],"acts_visited":["Hallownest:Greenpath"],"potions_floor_usage":[16],"damage_taken":[{"damage":1,"enemies":"Hallownest:2_Tiktiks_and_1_Crawlid","floor":1,"turns":2},{"damage":0,"enemies":"2_ Uuma","floor":5,"turns":1},{"damage":0,"enemies":"Hallownest:eliteMossKnight","floor":6,"turns":1},{"damage":0,"enemies":"Hallownest:2_Baldur","floor":8,"turns":1},{"damage":12,"enemies":"Hallownest:1_Ooma_and_2_Uuma","floor":10,"turns":4},{"damage":7,"enemies":"Hallownest:Guard_and_Warrior","floor":12,"turns":4},{"damage":13,"enemies":"Hallownest:MossCreep_and_Mosskin","floor":13,"turns":6},{"damage":12,"enemies":"Hallownest:Wandering_and_Horned","floor":14,"turns":3},{"damage":67,"enemies":"Hallownest:BossHornet","floor":16,"turns":5}],"seed_played":"3184349164909960446","potions_obtained":[{"floor":1,"key":"Adrenaline Potion"},{"floor":4,"key":"Regen Potion"},{"floor":4,"key":"Ancient Potion"}],"is_trial":false,"path_per_floor":["M","?","?","?","M","E","$","M","T","M","R","M","M","M","R","B"],"character_chosen":"THE_CURSED","items_purchased":["TheCursedMod:CircleOfFlame+1","TheCursedMod:SurpriseAttack","TheCursedMod:HellfireBreathing"],"campfire_rested":0,"item_purchase_floors":[7,7,7],"current_hp_per_floor":[74,74,74,74,74,74,74,74,74,63,63,61,54,50,50,0,0],"gold":115,"neow_bonus":"THREE_ENEMY_KILL","is_daily":false,"chose_seed":false,"campfire_upgraded":2,"win_rate":0.0,"timestamp":1608519996,"path_taken":["M","?","?","?","M","E","$","M","T","?","R","M","M","M","R","BOSS"],"items_purchased_type":["Card","Card","Card"],"build_version":"2020-12-13","purchased_purges":0,"victory":false,"max_hp_per_floor":[75,75,75,75,75,75,75,75,75,75,75,75,75,75,75,75,75],"card_choices":[{"not_picked":["TheCursedMod:SoulCrush","TheCursedMod:RapidMovement"],"picked":"TheCursedMod:Torture","floor":1},{"not_picked":["TheCursedMod:PrepareRite","TheCursedMod:CircleOfFlame"],"picked":"TheCursedMod:CursedBlade","floor":4},{"not_picked":["TheCursedMod:CircleOfCorruption","TheCursedMod:SmokeScreen"],"picked":"TheCursedMod:Torture","floor":5},{"not_picked":["TheCursedMod:RapidMovement","TheCursedMod:ReleasedKnowledge"],"picked":"TheCursedMod:SoulReap","floor":6},{"not_picked":["TheCursedMod:SurpriseAttack","TheCursedMod:Torture"],"picked":"TheCursedMod:HellfireBreathing","floor":8},{"not_picked":["TheCursedMod:CursedShiv","TheCursedMod:LuckyCharm"],"picked":"TheCursedMod:ReleasedKnowledge","floor":10},{"not_picked":["TheCursedMod:Hemoplague","TheCursedMod:LuckyCharm"],"picked":"TheCursedMod:ReleasedStrength","floor":12},{"not_picked":["TheCursedMod:VitalStrike","TheCursedMod:ManaBullet"],"picked":"TheCursedMod:CircleOfCorruption","floor":13},{"not_picked":["TheCursedMod:SaltUponWound","TheCursedMod:OutForBlood"],"picked":"TheCursedMod:LuckyCharm","floor":14}],"player_experience":122655,"relics_obtained":[{"floor":6,"key":"Shuriken"},{"floor":9,"key":"Blue Doll"}],"event_choices":[],"is_beta":false,"boss_relics":[],"items_purged_floors":[],"is_endless":false,"potions_floor_spawned":[1,8,12],"killed_by":"Hallownest:BossHornet","ascension_level":0}}