{"host":"sav7uxregyirlf69","time":1608550275,"event":{"mods":["AchievementEnabler","BaseMod","Colored Map","DeckTracker","Keyboard Shortcuts","Minty Spire (QoL Compilation)","READ ME - Guardian Mod","StSLib","SuperFastMode"],"gold_per_floor":[113,113,113,127,143,143,163,173,220,220,220,248,259,278,278,278,278],"floor_reached":16,"playtime":330,"items_purged":[],"score":94,"play_id":"844c19ac-5b57-4f8b-8875-d69994bcdb30","local_time":"20201221203115","is_ascension_mode":false,"campfire_choices":[{"data":"Indignation","floor":6,"key":"SMITH"},{"data":"EmptyMind","floor":11,"key":"SMITH"},{"data":"Halt","floor":15,"key":"SMITH"}],"circlet_count":0,"master_deck":["Strike_P","Strike_P","Strike_P","Strike_P","Defend_P","Defend_P","Defend_P","Eruption+1","Vigilance","EmptyMind+1","FlurryOfBlows","Indignation+1","Halt+1","EmptyFist"],"relics":["PureWater"],"acts_visited":["Exordium"],"potions_floor_usage":[16,16,16],"damage_taken":[{"damage":1,"enemies":"Cultist","floor":1,"turns":4},{"damage":1,"enemies":"Jaw Worm","floor":4,"turns":4},{"damage":5,"enemies":"2 Louse","floor":5,"turns":2},{"damage":11,"enemies":"Large Slime","floor":7,"turns":3},{"damage":5,"enemies":"2 Fungi Beasts","floor":8,"turns":3},{"damage":18,"enemies":"The Mushroom Lair","floor":12,"turns":5},{"damage":0,"enemies":"Exordium Wildlife","floor":13,"turns":3},{"damage":11,"enemies":"Gremlin Gang","floor":14,"turns":3},{"damage":27,"enemies":"Hexaghost","floor":16,"turns":10}],"seed_played":"2720756114699289963","potions_obtained":[{"floor":1,"key":"StancePotion"},{"floor":8,"key":"SneckoOil"},{"floor":12,"key":"Block Potion"},{"floor":13,"key":"SpeedPotion"}],"is_trial":false,"path_per_floor":["M","?","?","M","M","R","M","M","T","?","R","?","M","M","R","B"],"character_chosen":"WATCHER","items_purchased":[],"campfire_rested":0,"item_purchase_floors":[],"current_hp_per_floor":[78,78,71,70,65,65,54,49,49,54,54,36,36,25,25,0,0],"gold":278,"neow_bonus":"TEN_PERCENT_HP_BONUS","is_daily":false,"chose_seed":false,"campfire_upgraded":3,"win_rate":0.0,"timestamp":1608550275,"path_taken":["M","?","?","M","M","R","M","M","T","?","R","?","M","M","R","BOSS"],"items_purchased_type":[],"build_version":"2020-12-13","purchased_purges":0,"victory":false,"max_hp_per_floor":[79,79,79,79,79,79,79,79,79,84,84,84,84,84,84,84,84],"card_choices":[{"not_picked":["ThirdEye","Halt"],"picked":"EmptyMind","floor":1},{"not_picked":["Crescendo","WaveOfTheHand"],"picked":"FlurryOfBlows","floor":4},{"not_picked":["Weave","ClearTheMind"],"picked":"Indignation","floor":5},{"not_picked":["CrushJoints","MasterReality"],"picked":"Halt","floor":7},{"not_picked":["FlurryOfBlows","Collect"],"picked":"EmptyFist","floor":8},{"not_picked":["Protect","WaveOfTheHand","Worship"],"picked":"SKIP","floor":13},{"not_picked":["WheelKick","SashWhip","CrushJoints"],"picked":"SKIP","floor":14}],"player_experience":979860,"relics_obtained":[],"event_choices":[{"damage_healed":0,"gold_gain":0,"player_choice":"Grow","damage_taken":0,"max_hp_gain":0,"max_hp_loss":0,"event_name":"Living Wall","floor":2,"gold_loss":0,"cards_upgraded":["Eruption"]},{"cards_removed":["Defend_P"],"damage_healed":0,"gold_gain":0,"player_choice":"Card Removal","damage_taken":7,"max_hp_gain":0,"max_hp_loss":0,"event_name":"Golden Wing","floor":3,"gold_loss":0},{"damage_healed":0,"gold_gain":0,"player_choice":"Donut","damage_taken":0,"max_hp_gain":5,"max_hp_loss":0,"event_name":"Big Fish","floor":10,"gold_loss":0},{"damage_healed":0,"gold_gain":0,"player_choice":"Fought Mushrooms","damage_taken":0,"max_hp_gain":0,"max_hp_loss":0,"event_name":"Mushrooms","floor":12,"gold_loss":0}],"is_beta":false,"boss_relics":[],"items_purged_floors":[],"is_endless":false,"potions_floor_spawned":[1,8,12,13],"killed_by":"Hexaghost","ascension_level":0}}