{"host":"nox","time":1608560225,"event":{"mods":["Aspiration","BaseMod","Better Third Choice","Colored Powertips","Conspire","Hubris","Infinite Spire","Minty Spire (QoL Compilation)","Quick Restart","Rare Cards Sparkle","Replay The Spire","Shop Mod","Spikes Relics","StSLib","SuperFastMode","The Alterego","vexMod"],"gold_per_floor":[112,112,112,139,139,169,179,179,179],"floor_reached":8,"playtime":195,"items_purged":[],"score":65,"play_id":"2fb73213-2c5c-4eab-9e68-b93e1fd912e1","local_time":"20201221211705","is_ascension_mode":true,"campfire_choices":[],"circlet_count":0,"master_deck":["Strike_B","Strike_B","Strike_B","Defend_B","Defend_B","Defend_B","Defend_B","Zap","Dualcast","Beam Cell+1","Gash"],"relics":["Cracked Core","Turnip","Replay:Wax Seal"],"acts_visited":["Exordium"],"potions_floor_usage":[6],"damage_taken":[{"damage":2.0,"enemies":"Jaw Worm","floor":1.0,"turns":3.0},{"damage":19.0,"enemies":"conspire:MimicChest","floor":4.0,"turns":4.0},{"damage":25,"enemies":"Lagavulin","floor":6,"turns":6},{"damage":1,"enemies":"Small Slimes","floor":7,"turns":2},{"damage":40,"enemies":"3 Sentries","floor":8,"turns":6}],"seed_played":"-1197775670032822758","potions_obtained":[{"floor":1.0,"key":"SpeedPotion"},{"floor":4.0,"key":"Energy Potion"}],"is_trial":false,"path_per_floor":["M","?","$","?","?","E","M","E"],"character_chosen":"DEFECT","items_purchased":[],"campfire_rested":0,"item_purchase_floors":[],"current_hp_per_floor":[80,80,80,61,61,36,35,0,0],"gold":179,"neow_bonus":"TEN_PERCENT_HP_BONUS","is_daily":false,"chose_seed":false,"campfire_upgraded":0,"win_rate":0.0,"timestamp":1608560225,"path_taken":["M","?","$","?","?","E","M","E"],"items_purchased_type":[],"build_version":"2020-11-17","purchased_purges":0,"victory":false,"max_hp_per_floor":[82,82,82,82,82,82,82,82,82],"card_choices":[{"not_picked":["Hello World","Barrage"],"picked":"Beam Cell","floor":1.0},{"not_picked":["Chaos","Rip and Tear"],"picked":"Gash","floor":6},{"not_picked":["ReplayTheSpireMod:Reroute Power","Crystallizer","Streamline"],"picked":"SKIP","floor":7}],"player_experience":209246,"relics_obtained":[{"floor":4.0,"key":"Turnip"},{"floor":6,"key":"Replay:Wax Seal"}],"event_choices":[{"damage_healed":0.0,"max_hp_gain":0.0,"max_hp_loss":0.0,"gold_gain":0.0,"event_name":"Living Wall","player_choice":"Grow","floor":2.0,"gold_loss":0.0,"damage_taken":0.0,"cards_upgraded":["Beam Cell"]},{"cards_removed":["Strike_B"],"damage_healed":0.0,"max_hp_gain":0.0,"max_hp_loss":0.0,"gold_gain":0.0,"event_name":"Purifier","player_choice":"Purged","floor":5.0,"gold_loss":0.0,"damage_taken":0.0}],"is_beta":true,"boss_relics":[],"items_purged_floors":[],"is_endless":false,"potions_floor_spawned":[1,4],"killed_by":"3 Sentries","ascension_level":4}}