{"host":"1qw5suc8h0lmr1yi","time":1608556165,"event":{"mods":["2.2 Compatiblity","Act Like it!","BaseMod","Better Note","BetterRewards","Block Reminder","Colored Map","Custom Start","DeckTracker","GifTheSpireLib","Highlight Path","Hubris","Infinite Spire","Mimic Mod","Minty Spire (QoL Compilation)","Quick Restart","Rare Cards Sparkle","Replay The Spire","Robot Space Explorer","Say the Spire","Shop Mod","StSLib","SuperFastMode","Td1madao Mod","The Animator","The Cursed","The Disciple","The Factory","The Forsaken","The IronCluck","The Jungle","The Mystic","The Senshi","The Servant 0.9.4","The Witch","TheArtist","Yuri Mod"],"gold_per_floor":[113,113,38,53,53,53,53,53,78,78,94,113,143,143,143,238,238,257,30,30,42,52,52,64,64,114,141,159,159,159],"floor_reached":29,"playtime":1911,"items_purged":["Regret","theForsaken:PlagueCurse"],"score":268,"play_id":"c5236281-85f8-4222-907f-44f3f6c28c89","local_time":"20201221050925","is_ascension_mode":false,"campfire_choices":[{"data":"Backstab","floor":6,"key":"SMITH"},{"data":"Blade Dance","floor":8,"key":"SMITH"},{"data":"Neutralize","floor":10,"key":"SMITH"},{"floor":15,"key":"REST"},{"floor":23,"key":"REST"},{"floor":25,"key":"REST"}],"circlet_count":0,"master_deck":["Strike_G+1","Strike_G","Strike_G+1","Strike_G+1","Defend_G","Defend_G","Defend_G","Defend_G","Defend_G","Survivor","Neutralize+1","Backstab+1","Blade Dance+1","Distraction","hubris:SlightOfHand","Reflex","Storm of Steel","Escape Plan+1","Hidden Blade+1","ReplayTheSpireMod:Uncanny Aura","ReplayTheSpireMod:Strike From Hell","Replay:Poison Smokescreen","Catalyst","Leg Sweep+1","Eviscerate","Flying Knee"],"relics":["Ring of the Snake","NeowsBlessing","theForsaken:Kindling","hubris:Towel","Gremlin Food","Quantum Egg","theForsaken:PlagueMask","WristBlade","Blue Doll","hubris:MysteriousPyramids"],"acts_visited":["Exordium","Exordium"],"potions_floor_usage":[16,21,29,29,29],"damage_taken":[{"damage":0,"enemies":"Jaw Worm","floor":1,"turns":1},{"damage":0,"enemies":"Small Slimes","floor":4,"turns":1},{"damage":0,"enemies":"2 Louse","floor":11,"turns":1},{"damage":3,"enemies":"Lots of Slimes","floor":12,"turns":4},{"damage":32,"enemies":"Gremlin Nob","floor":13,"turns":6},{"damage":58,"enemies":"Slime Boss","floor":16,"turns":12},{"damage":12,"enemies":"theJungle:GiantWrat","floor":18,"turns":3},{"damage":19,"enemies":"theJungle:Flameango_and_Byrd","floor":21,"turns":5},{"damage":17,"enemies":"theJungle:2_Snecko_Cultists","floor":22,"turns":3},{"damage":25,"enemies":"theJungle:Snecko_Cultist_And_Trap","floor":24,"turns":5},{"damage":34,"enemies":"theJungle:MamaSnecko","floor":27,"turns":6},{"damage":16,"enemies":"theJungle:Lyon","floor":28,"turns":4},{"damage":9,"enemies":"theJungle:2_Phrogs","floor":29,"turns":4}],"seed_played":"6711048261299223653","potions_obtained":[{"floor":1,"key":"Reflective Coating"},{"floor":11,"key":"PowerPotion"},{"floor":18,"key":"Languid Potion"},{"floor":22,"key":"EssenceOfSteel"},{"floor":27,"key":"AttackPotion"}],"is_trial":false,"path_per_floor":["M","?","$","M","?","R","?","R","T","R","M","M","E","?","R","B",null,"M","$","?","M","M","R","M","R","T","E","M","E"],"character_chosen":"THE_SILENT","items_purchased":["Hidden Blade+1","ReplayTheSpireMod:Uncanny Aura"],"campfire_rested":3,"item_purchase_floors":[19,19],"current_hp_per_floor":[70,70,70,70,70,70,70,70,70,70,70,67,35,35,61,3,75,63,63,63,44,27,54,29,58,58,24,8,0,0],"gold":159,"neow_bonus":"THREE_ENEMY_KILL","is_daily":false,"chose_seed":false,"campfire_upgraded":3,"win_rate":0.0,"timestamp":1608556165,"path_taken":["M","?","$","M","?","R","?","R","T","R","?","M","E","?","R","BOSS","M","$","?","M","?","R","M","R","T","E","M","E"],"items_purchased_type":["Card","Card"],"build_version":"2020-12-13","purchased_purges":2,"victory":false,"max_hp_per_floor":[70,70,70,70,70,70,70,70,70,70,70,70,70,70,75,75,75,75,75,75,75,75,80,80,85,85,85,85,85,85],"card_choices":[{"not_picked":["Deadly Poison","Flying Knee"],"picked":"Backstab","floor":1},{"not_picked":["Bane","Caltrops"],"picked":"Blade Dance","floor":4},{"not_picked":["Quick Slash","Prepared"],"picked":"Distraction","floor":11},{"not_picked":["Flying Knee","PiercingWail"],"picked":"hubris:SlightOfHand","floor":12},{"not_picked":["Flying Knee","PiercingWail"],"picked":"Reflex","floor":13},{"not_picked":["Unload","Doppelganger"],"picked":"Storm of Steel","floor":16},{"not_picked":["Flying Knee","Dagger Throw"],"picked":"Escape Plan+1","floor":18},{"not_picked":["Flechettes","Dagger Throw+1"],"picked":"Replay:Poison Smokescreen","floor":21},{"not_picked":["Die Die Die","Prepared"],"picked":"Catalyst","floor":22},{"not_picked":["Dagger Spray","ReplayTheSpireMod:Tripwire+1"],"picked":"Leg Sweep+1","floor":24},{"not_picked":["Outmaneuver","Slice"],"picked":"Eviscerate","floor":27},{"not_picked":["Deflect","PiercingWail"],"picked":"Flying Knee","floor":28}],"player_experience":128769,"relics_obtained":[{"floor":9,"key":"Gremlin Food"},{"floor":13,"key":"Quantum Egg"},{"floor":26,"key":"Blue Doll"},{"floor":27,"key":"hubris:MysteriousPyramids"}],"event_choices":[{"damage_healed":0,"gold_gain":0,"player_choice":"Box","damage_taken":0,"relics_obtained":["theForsaken:Kindling"],"max_hp_gain":0,"max_hp_loss":0,"event_name":"Big Fish","floor":2,"gold_loss":0,"cards_obtained":["Regret"]},{"cards_removed":["Strike_G"],"damage_healed":0,"gold_gain":0,"player_choice":"Purged","damage_taken":0,"max_hp_gain":0,"max_hp_loss":0,"event_name":"Purifier","floor":7,"gold_loss":0},{"damage_healed":0,"gold_gain":0,"player_choice":"Obtain Plague Curse","damage_taken":0,"max_hp_gain":0,"max_hp_loss":0,"event_name":"Plague Doctor","floor":14,"gold_loss":0,"cards_obtained":["theForsaken:PlagueCurse"]},{"cards_removed":["ReplayTheSpireMod:Uncanny Aura"],"damage_healed":0,"gold_gain":0,"player_choice":"Take \u0026 Give","damage_taken":0,"max_hp_gain":0,"max_hp_loss":0,"event_name":"betterNote:BetterNote","floor":20,"gold_loss":0,"cards_obtained":["ReplayTheSpireMod:Strike From Hell"]}],"is_beta":false,"boss_relics":[{"not_picked":["Tiny House","hubris:HollowSoul"],"picked":"WristBlade"}],"items_purged_floors":[3,19],"is_endless":false,"potions_floor_spawned":[1,11,18,22,27],"killed_by":"theJungle:2_Phrogs","ascension_level":0}}