{"host":"g8bj5uairaafp22z","time":1608559403,"event":{"mods":["AchievementEnabler","BaseMod","BetterRewards","Card Forge","Colored Powertips","Infinite Spire","Minty Spire (QoL Compilation)","Quick Restart","Replay The Spire","StSLib"],"gold_per_floor":[113,113,129,129,142,142,152,183,183,183,183,202,217,93,93,192,192,208,208,227,244,256,256,256,256,282,282,298,313,330,67,67,162,162,178,178,198,198,198,198,78,128,154,191,209,209,235,27,27,27],"floor_reached":51,"playtime":2042,"items_purged":[],"score":896,"play_id":"b3dc4144-df8a-4cb4-a3ab-ed438ca24760","local_time":"20201221150323","is_ascension_mode":true,"campfire_choices":[{"floor":6.0,"key":"REST"},{"floor":10.0,"key":"REST"},{"floor":15.0,"key":"REST"},{"floor":23.0,"key":"REST"},{"floor":25.0,"key":"REST"},{"floor":32.0,"key":"REST"},{"floor":40.0,"key":"REST"},{"floor":46.0,"key":"REST"},{"floor":49.0,"key":"REST"}],"circlet_count":0,"master_deck":["Strike_B+1","Zap+1","Dualcast+1","Echo Form+1","Storm+1","Beam Cell+1","Stack+1","Ball Lightning+1","Conserve Battery+1","Streamline+1","Meteor Strike+1","Defragment+1","Meteor Strike+1","Barrage+1","Leap+1","Electrodynamics+1","Auto Shields+1","Leap+1","Defragment+1","Conserve Battery+1","Core Surge+1","Ball Lightning+1","Echo Form+1","White Noise+1","Defragment+1","Capacitor+1","Static Discharge"],"relics":["Cracked Core","Hammer of Thor","Seething Fire","Anvil of the Gods","Prayer Wheel","Molten Egg 2","The Courier","Regal Pillow","Fusion Hammer","infinitespire:WardingShard","Dream Catcher","WarpedTongs","Replay:WaspNest","Replay:Drink Me","ClockworkSouvenir","TungstenRod","Nunchaku","Turnip","ReplayTheSpireMod:TigerMarble","Bottled Tornado","Prayer Wheel"],"acts_visited":["Exordium","TheCity","TheBeyond"],"potions_floor_usage":[50,50,50],"damage_taken":[{"damage":14.0,"enemies":"Jaw Worm","floor":1.0,"turns":3.0},{"damage":9.0,"enemies":"Cultist","floor":3.0,"turns":5.0},{"damage":21.0,"enemies":"Small Slimes","floor":5.0,"turns":5.0},{"damage":20.0,"enemies":"3 Louse","floor":7.0,"turns":5.0},{"damage":11.0,"enemies":"Replay:BlueRogue","floor":8.0,"turns":6.0},{"damage":16.0,"enemies":"Exordium Wildlife","floor":12.0,"turns":4.0},{"damage":13.0,"enemies":"Red Slaver","floor":13.0,"turns":3.0},{"damage":4.0,"enemies":"The Guardian","floor":16.0,"turns":7.0},{"damage":2.0,"enemies":"Chosen","floor":18.0,"turns":3.0},{"damage":11.0,"enemies":"Spheric Guardian","floor":20.0,"turns":3.0},{"damage":8.0,"enemies":"Snecko","floor":21.0,"turns":3.0},{"damage":2.0,"enemies":"Cultist and Chosen","floor":22.0,"turns":4.0},{"damage":24.0,"enemies":"Snake Plant","floor":28.0,"turns":2.0},{"damage":25.0,"enemies":"Centurion and Healer","floor":29.0,"turns":4.0},{"damage":12.0,"enemies":"Snecko","floor":30.0,"turns":4.0},{"damage":31.0,"enemies":"Collector","floor":33.0,"turns":4.0},{"damage":8.0,"enemies":"3 Darklings","floor":35.0,"turns":4.0},{"damage":26.0,"enemies":"3 Shapes","floor":37.0,"turns":4.0},{"damage":0.0,"enemies":"Mind Bloom Boss Battle","floor":42.0,"turns":4.0},{"damage":17.0,"enemies":"Spire Growth","floor":45.0,"turns":5.0},{"damage":15.0,"enemies":"Giant Head","floor":47.0,"turns":6.0},{"damage":22,"enemies":"Donu and Deca","floor":50,"turns":5}],"seed_played":"-756601371121710743","potions_obtained":[{"floor":1.0,"key":"Dexterity Potion"},{"floor":5.0,"key":"PowerPotion"},{"floor":12.0,"key":"SpeedPotion"},{"floor":13.0,"key":"Explosive Potion"},{"floor":18.0,"key":"FearPotion"},{"floor":21.0,"key":"Milkshake"},{"floor":45.0,"key":"Explosive Potion"},{"floor":47.0,"key":"SkillPotion"}],"is_trial":false,"path_per_floor":["M","?","M","?","M","R","M","E","T","R","?","M","M","$","R","B",null,"M","?","M","M","M","R","AVR","R","T","?","M","M","M","$","R","B",null,"M","$","M","?","?","R","$","?","T","?","M","R","E","$","R","B",null],"character_chosen":"DEFECT","items_purchased":["Regal Pillow","Replay:WaspNest","Defragment","ClockworkSouvenir","Bottled Tornado"],"campfire_rested":9,"item_purchase_floors":[14,31,31,41,48],"current_hp_per_floor":[54,75,66,51,30,52,32,21,21,43,43,27,14,14,51,47,68,66,66,55,47,45,75,75,75,75,75,51,26,14,14,51,20,48,40,40,14,14,14,46,46,46,46,46,29,57,42,42,57,35],"gold":27,"neow_bonus":"THREE_RARE_CARDS","is_daily":false,"chose_seed":false,"campfire_upgraded":0,"win_rate":0.0,"timestamp":1608559403,"path_taken":["M","?","?","?","M","R","M","E","T","R","?","M","M","$","R","BOSS","M","?","M","?","M","R","AVR","R","T","?","M","M","M","?","R","BOSS","M","?","M","?","?","R","$","?","T","?","M","R","E","?","R","BOSS"],"items_purchased_type":["Relic","Relic","Card","Relic","Relic"],"build_version":"2020-12-13","purchased_purges":0,"victory":true,"max_hp_per_floor":[75,75,75,75,75,75,75,75,75,75,75,75,75,75,75,75,75,75,75,75,75,75,75,75,75,75,75,75,75,75,75,75,75,57,57,57,57,57,57,57,57,57,57,57,57,57,57,57,57,57],"card_choices":[{"not_picked":["All For One","ReplayTheSpireMod:Fabricate Wheel"],"picked":"Echo Form","floor":0.0},{"not_picked":["Beam Cell","Leap"],"picked":"Storm","floor":1.0},{"not_picked":["Turbo","Streamline"],"picked":"ReplayTheSpireMod:Fabricate Wheel","floor":3.0},{"not_picked":["Cold Snap","ReplayTheSpireMod:Calculation Training"],"picked":"Beam Cell","floor":5.0},{"not_picked":["Cold Snap","BasicCrystalCard","Coolheaded"],"picked":"SKIP","floor":7.0},{"not_picked":["ReplayGash","Barrage","Cold Snap"],"picked":"SKIP","floor":7.0},{"not_picked":["Scrape+1","Cold Snap+1","Steam Power"],"picked":"SKIP","floor":8.0},{"not_picked":["ReplaySolidLightProjector","Coolheaded"],"picked":"Ball Lightning+1","floor":12.0},{"not_picked":["Hyperbeam+1","Steam","Doom and Gloom+1"],"picked":"SKIP","floor":12.0},{"not_picked":["Melter+1","Lockon+1"],"picked":"Conserve Battery","floor":13.0},{"not_picked":["Rebound+1","Beam Cell+1"],"picked":"Streamline+1","floor":13.0},{"not_picked":["ReplayTheSpireMod:Fabricate Wheel","Amplify"],"picked":"Meteor Strike+1","floor":16.0},{"not_picked":["Leap+1","Streamline+1"],"picked":"Defragment+1","floor":18.0},{"not_picked":["Go for the Eyes+1","Reprogram","Panic Button"],"picked":"SKIP","floor":18.0},{"not_picked":["Blizzard+1","Hello World"],"picked":"Barrage+1","floor":20.0},{"not_picked":["Gash+1","Darkness"],"picked":"Leap","floor":20.0},{"not_picked":["Beam Cell+1","Heatsinks"],"picked":"Electrodynamics","floor":21.0},{"not_picked":["Chill","Sunder+1","Go for the Eyes+1"],"picked":"SKIP","floor":21.0},{"not_picked":["BasicCrystalCard","Coolheaded","Chill"],"picked":"SKIP","floor":22.0},{"not_picked":["Gash+1","Consume","Streamline+1"],"picked":"SKIP","floor":22.0},{"not_picked":["Undo","Panic Button"],"picked":"Auto Shields","floor":28.0},{"not_picked":["BasicCrystalCard","Fusion"],"picked":"Leap+1","floor":28.0},{"not_picked":["Sweeping Beam+1","Compile Driver+1","Gash+1"],"picked":"SKIP","floor":29.0},{"not_picked":["Tempest+1","Barrage+1","Meteor Strike+1"],"picked":"SKIP","floor":29.0},{"not_picked":["Redo","Stack","Undo"],"picked":"SKIP","floor":30.0},{"not_picked":["Gash+1","Darkness","Rebound+1"],"picked":"SKIP","floor":30.0},{"not_picked":["FTL+1","Barrage+1"],"picked":"Conserve Battery","floor":32.0},{"not_picked":["Fission","Amplify"],"picked":"Core Surge+1","floor":33.0},{"not_picked":["Force Field","Recycle","Turbo"],"picked":"SKIP","floor":35.0},{"not_picked":["Beam Cell+1","Steam+1","Compile Driver+1"],"picked":"SKIP","floor":35.0},{"not_picked":["Blizzard+1","Conserve Battery+1"],"picked":"Ball Lightning+1","floor":37.0},{"not_picked":["Turbo","Steam+1"],"picked":"Echo Form","floor":37.0},{"not_picked":["Coolheaded","Tempest"],"picked":"White Noise+1","floor":45.0},{"not_picked":["Rip and Tear+1","Tempest"],"picked":"Defragment","floor":45.0},{"not_picked":["Hologram","Aggregate+1"],"picked":"Static Discharge","floor":47.0}],"player_experience":462385,"relics_obtained":[{"floor":8.0,"key":"Molten Egg 2"},{"floor":9.0,"key":"The Courier"},{"floor":26.0,"key":"Dream Catcher"},{"floor":42.0,"key":"TungstenRod"},{"floor":43.0,"key":"Nunchaku"},{"floor":44.0,"key":"Turnip"},{"floor":47.0,"key":"ReplayTheSpireMod:TigerMarble"}],"event_choices":[{"damage_healed":21.0,"max_hp_gain":0.0,"max_hp_loss":0.0,"gold_gain":0.0,"event_name":"Wheel of Change","player_choice":"Full Heal","floor":2.0,"gold_loss":0.0,"damage_taken":0.0},{"damage_healed":0.0,"max_hp_gain":0.0,"max_hp_loss":0.0,"gold_gain":0.0,"event_name":"Shining Light","player_choice":"Entered Light","floor":4.0,"gold_loss":0.0,"damage_taken":15.0,"cards_upgraded":["Echo Form","Strike_B"]},{"damage_healed":0.0,"max_hp_gain":0.0,"max_hp_loss":0.0,"gold_gain":0.0,"cards_transformed":["Defend_B"],"event_name":"Transmorgrifier","player_choice":"Transformed","floor":19.0,"gold_loss":0.0,"damage_taken":0.0,"cards_obtained":["Meteor Strike"]},{"damage_healed":0.0,"max_hp_gain":0.0,"max_hp_loss":0.0,"gold_gain":0.0,"event_name":"Accursed Blacksmith","player_choice":"Rummage","floor":27.0,"gold_loss":0.0,"damage_taken":0.0,"relics_obtained":["WarpedTongs"],"cards_obtained":["Pain"]},{"damage_healed":0.0,"max_hp_gain":0.0,"max_hp_loss":0.0,"gold_gain":0.0,"event_name":"Tomb of Lord Red Mask","player_choice":"Ignored","floor":39.0,"gold_loss":0.0,"damage_taken":0.0},{"damage_healed":0.0,"max_hp_gain":0.0,"max_hp_loss":0.0,"gold_gain":0.0,"event_name":"MindBloom","player_choice":"Fight","floor":42.0,"gold_loss":0.0,"damage_taken":0.0}],"is_beta":false,"boss_relics":[{"not_picked":["Busted Crown","infinitespire:Cupcake"],"picked":"Fusion Hammer"},{"not_picked":["ReplayTheSpireMod:DimensionalGlitch","Snecko Eye"],"picked":"Replay:Drink Me"}],"items_purged_floors":[],"is_endless":false,"potions_floor_spawned":[1,5,12,13,18,21,28,45,47],"ascension_level":7}}