{"host":"gj32n68c553yo87c","time":1608593870,"event":{"mods":["BaseMod","Downfall","Jorbs\u0027s Wanderer Trilogy","Minty Spire (QoL Compilation)","Replay The Spire","StSLib"],"gold_per_floor":[119,130,130,130,157,190,190,190,262,282,26,26,45,45,45,170,170,185,197,211,236,255,260,260],"floor_reached":23,"playtime":12316,"items_purged":[],"score":220,"play_id":"cdfbcc12-a647-4b74-8c72-f55af1ce086f","local_time":"20201221153750","is_ascension_mode":false,"campfire_choices":[{"data":"stsjorbsmod:EyeOfTheStorm","floor":7.0,"key":"SMITH"},{"floor":15.0,"key":"REST"}],"circlet_count":0,"master_deck":["stsjorbsmod:ForbiddenGrimoire+1","stsjorbsmod:Strike_Wanderer","stsjorbsmod:Strike_Wanderer","stsjorbsmod:Strike_Wanderer+1","stsjorbsmod:Defend_Wanderer","stsjorbsmod:Defend_Wanderer","stsjorbsmod:Defend_Wanderer","stsjorbsmod:Defend_Wanderer+1","stsjorbsmod:FreshAdventure","stsjorbsmod:EyeOfTheStorm+1","stsjorbsmod:Hurt+1","Looming Evil","stsjorbsmod:FracturedMind","stsjorbsmod:MirrorImage","stsjorbsmod:OldPocket+1","stsjorbsmod:Materialize+1"],"relics":["stsjorbsmod:GrimoireRelic","ReplayTheSpireMod:Ring of Exchange","ReplayTheSpireMod:Ring of Addiction","Potion Belt","White Beast Statue","Divine Protection","stsjorbsmod:MindGlassRelic","Chameleon Ring","Snack Pack","Philosopher\u0027s Stone"],"acts_visited":["Exordium","TheCity"],"potions_floor_usage":[23],"damage_taken":[{"damage":5.0,"enemies":"Small Slimes","floor":1.0,"turns":5.0},{"damage":1.0,"enemies":"2 Louse","floor":2.0,"turns":3.0},{"damage":4.0,"enemies":"Cultist","floor":5.0,"turns":3.0},{"damage":26.0,"enemies":"Lagavulin","floor":6.0,"turns":7.0},{"damage":9.0,"enemies":"Large Slime","floor":10.0,"turns":3.0},{"damage":0.0,"enemies":"Exordium Thugs","floor":13.0,"turns":2.0},{"damage":25.0,"enemies":"Slime Boss","floor":16.0,"turns":7.0},{"damage":0.0,"enemies":"Chosen","floor":18.0,"turns":5.0},{"damage":0.0,"enemies":"3 Byrds","floor":19.0,"turns":2.0},{"damage":12.0,"enemies":"Cultist and Chosen","floor":20.0,"turns":6.0},{"damage":8.0,"enemies":"Snake Plant","floor":21.0,"turns":5.0},{"damage":29.0,"enemies":"Sentry and Sphere","floor":22.0,"turns":7.0}],"seed_played":"8669735820403844246","potions_obtained":[{"floor":2.0,"key":"FearPotion"},{"floor":4.0,"key":"Strength Potion"},{"floor":4.0,"key":"LiquidBronze"},{"floor":4.0,"key":"Energy Potion"},{"floor":5.0,"key":"LiquidBronze"},{"floor":6.0,"key":"ColorlessPotion"},{"floor":10.0,"key":"Dexterity Potion"},{"floor":12.0,"key":"Strength Potion"},{"floor":12.0,"key":"DistilledChaos"},{"floor":13.0,"key":"FearPotion"},{"floor":16.0,"key":"Energy Potion"},{"floor":18.0,"key":"SkillPotion"},{"floor":19.0,"key":"SteroidPotion"},{"floor":20.0,"key":"Swift Potion"},{"floor":21.0,"key":"FearPotion"},{"floor":22.0,"key":"Adrenaline Potion"}],"is_trial":false,"path_per_floor":["M","M","?","?","M","E","R","?","T","M","$","R","M","?","R","B",null,"M","M","M","M","M","E"],"character_chosen":"WANDERER","items_purchased":["Chameleon Ring"],"campfire_rested":1,"item_purchase_floors":[11],"current_hp_per_floor":[73,73,73,73,71,47,47,52,52,44,44,44,48,48,72,50,81,81,81,78,79,55,0,0],"gold":260,"neow_bonus":"TEN_PERCENT_HP_BONUS","is_daily":false,"chose_seed":false,"campfire_upgraded":1,"win_rate":0.0,"timestamp":1608593870,"path_taken":["M","M","?","?","M","E","R","?","T","M","$","R","M","?","R","BOSS","M","M","?","M","M","E"],"items_purchased_type":["Relic"],"build_version":"2020-12-13","purchased_purges":0,"victory":false,"max_hp_per_floor":[76,76,76,76,76,76,76,81,81,79,79,79,81,81,81,81,81,81,81,83,83,83,83,83],"card_choices":[{"not_picked":["stsjorbsmod:Materialize","stsjorbsmod:LoseGrip","stsjorbsmod:RayOfFrost"],"picked":"SKIP","floor":1.0},{"not_picked":["stsjorbsmod:Firebolt","stsjorbsmod:Prepare","stsjorbsmod:Materialize"],"picked":"SKIP","floor":2.0},{"not_picked":["stsjorbsmod:ParryingBlow","stsjorbsmod:RayOfFrost","stsjorbsmod:Determination"],"picked":"SKIP","floor":5.0},{"not_picked":["stsjorbsmod:WanderingMind","stsjorbsmod:OldPocket"],"picked":"stsjorbsmod:FracturedMind","floor":6.0},{"not_picked":["stsjorbsmod:MageArmor","stsjorbsmod:BurningFlask","stsjorbsmod:Will"],"picked":"SKIP","floor":10.0},{"not_picked":["stsjorbsmod:BurningFlask","stsjorbsmod:MistyStep","stsjorbsmod:Aid"],"picked":"SKIP","floor":13.0},{"not_picked":["stsjorbsmod:Pyromancy","stsjorbsmod:HoldMonster"],"picked":"stsjorbsmod:MirrorImage","floor":16.0},{"not_picked":["stsjorbsmod:BurningFlask","stsjorbsmod:Prestidigitation","stsjorbsmod:Mindworm+1"],"picked":"SKIP","floor":18.0},{"not_picked":["stsjorbsmod:Hurt","stsjorbsmod:Rest+1","stsjorbsmod:Message+1"],"picked":"SKIP","floor":19.0},{"not_picked":["stsjorbsmod:Hibernate+1","stsjorbsmod:ChatteringStrike+1"],"picked":"stsjorbsmod:OldPocket+1","floor":20.0},{"not_picked":["stsjorbsmod:Prestidigitation","stsjorbsmod:Channel","stsjorbsmod:MageArmor"],"picked":"SKIP","floor":21.0},{"not_picked":["stsjorbsmod:Index","stsjorbsmod:Prestidigitation"],"picked":"stsjorbsmod:Materialize+1","floor":22.0}],"player_experience":33074,"relics_obtained":[{"floor":4.0,"key":"ReplayTheSpireMod:Ring of Exchange"},{"floor":4.0,"key":"ReplayTheSpireMod:Ring of Addiction"},{"floor":4.0,"key":"Potion Belt"},{"floor":4.0,"key":"White Beast Statue"},{"floor":6.0,"key":"Divine Protection"},{"floor":9.0,"key":"stsjorbsmod:MindGlassRelic"}],"event_choices":[{"damage_healed":0.0,"max_hp_gain":5.0,"max_hp_loss":0.0,"gold_gain":0.0,"event_name":"Big Fish","player_choice":"Donut","floor":8.0,"gold_loss":0.0,"damage_taken":0.0},{"damage_healed":0.0,"max_hp_gain":0.0,"max_hp_loss":0.0,"gold_gain":0.0,"event_name":"WeMeetAgain","player_choice":"Gave Potion","floor":14.0,"gold_loss":0.0,"damage_taken":0.0,"relics_obtained":["Snack Pack"]}],"is_beta":false,"boss_relics":[{"not_picked":["OrangePellets","Snecko Eye"],"picked":"Philosopher\u0027s Stone"}],"items_purged_floors":[],"is_endless":false,"potions_floor_spawned":[2,5,6,10,13,16,18,19,20,21,22],"killed_by":"Slavers","ascension_level":0}}