{"host":"3j2m8n0ywf988fwb","time":1608522241,"event":{"mods":["2.2 Compatiblity","Act Like it!","Aspiration","BaseMod","Beaked The Cultist","Better Altar","Better Match","Better Note","Better Sensory Stone","Better Skull","Better Third Choice","CCEM","Colored Map","Colored Powertips","Conspire","Energized Spire","GifTheSpireLib","Googly Eyes","Halation","Hallownest","Highlight Path","Hubris","Infinite Spire","Jedi Mod","Marisa????????","Marked Mod","Mimic Mod","Minty Spire (QoL Compilation)","Random Character Button","Relic Stats","Replay The Spire","Robot Space Explorer","Shop Mod","Somnambulant","StSLib","Stuff the Spire","The Bug Knight","The Hierophant","The Marked","The Runesmith","TheFirefly","Unceasing Turn Reminder","everything is the same but u backflip on backflip"],"gold_per_floor":[112,139,139,159,173,173,173,173,226,244,283,283,283,302,302,423,423,439,453,453,453,497,497,497],"floor_reached":23,"playtime":813,"items_purged":[],"score":189,"play_id":"111dd32d-aaa5-46d0-9e4a-a22772e5a427","local_time":"20201220214401","is_ascension_mode":false,"campfire_choices":[{"data":"theMarked:SoldierOfQuellstein","floor":6,"key":"SMITH"},{"data":"theMarked:MysticalArsenal","floor":12,"key":"SMITH"},{"data":"theMarked:EternalStudent","floor":15,"key":"SMITH"}],"circlet_count":0,"master_deck":["theMarked:Strike","theMarked:Strike","theMarked:Strike","theMarked:Strike","theMarked:Strike","theMarked:Defend","theMarked:Defend","theMarked:Defend","theMarked:Defend","theMarked:SoldierOfQuellstein+1","thefirefly:Strike","Survivor","theMarked:EternalStudent+1","theMarked:ElectricStrings","theMarked:SwordAndMagic","Injury","theMarked:EmpowerWeapon","theMarked:MysticalArsenal+1","Pain","theMarked:Levitate","theMarked:BindingBlade","theMarked:BanishingStrike+1","theMarked:HeritageOfTheMarked"],"relics":["theMarked:BronzeBlade","StuffTheSpire:Wildfire","Golden Idol","Pen Nib","StuffTheSpire:Nightcore","hubris:DisguiseKit","Bottled Tornado"],"acts_visited":["Exordium","TheCity"],"potions_floor_usage":[16],"damage_taken":[{"damage":0,"enemies":"Cultist","floor":1,"turns":4},{"damage":2,"enemies":"Jaw Worm","floor":4,"turns":6},{"damage":2,"enemies":"2 Louse","floor":5,"turns":2},{"damage":2,"enemies":"2 Fungi Beasts","floor":10,"turns":3},{"damage":18,"enemies":"Gremlin Nob","floor":11,"turns":4},{"damage":5,"enemies":"Looter","floor":14,"turns":3},{"damage":19,"enemies":"Hexaghost","floor":16,"turns":8},{"damage":4,"enemies":"Spheric Guardian","floor":18,"turns":3},{"damage":41,"enemies":"3 Byrds","floor":19,"turns":6},{"damage":5,"enemies":"Snecko","floor":22,"turns":4},{"damage":18,"enemies":"Gremlin Leader","floor":23,"turns":1}],"seed_played":"-998211987596962436","potions_obtained":[{"floor":1,"key":"ColorlessPotion"},{"floor":5,"key":"Death Potion"},{"floor":11,"key":"LiquidMemories"},{"floor":19,"key":"SkillPotion"}],"is_trial":false,"path_per_floor":["M","T","?","M","M","R","?","?","T","M","E","R","?","M","R","B",null,"M","M","?","?","MIM","E"],"character_chosen":"THE_DEFAULT","items_purchased":[],"campfire_rested":0,"item_purchase_floors":[],"current_hp_per_floor":[70,70,63,61,59,59,59,59,59,57,39,39,39,34,34,15,70,66,25,18,18,13,0,0],"gold":497,"neow_bonus":"THREE_RARE_CARDS","is_daily":false,"chose_seed":false,"campfire_upgraded":3,"win_rate":0.0,"timestamp":1608522241,"path_taken":["M","?","?","M","M","R","?","?","T","?","E","R","?","M","R","BOSS","M","M","?","?","?","E"],"items_purchased_type":[],"build_version":"2020-12-13","purchased_purges":0,"victory":false,"max_hp_per_floor":[70,70,70,70,70,70,70,70,70,70,70,70,70,70,70,70,70,70,70,70,70,70,70,70],"relic_stats":{"counters":[11,44],"Golden Idol":55,"Pen Nib":[5],"obtain_stats":[{"theMarked:ArtifactOfAir":0,"hubris:DisguiseKit":13,"Golden Idol":7,"StuffTheSpire:Wildfire":3,"Pen Nib":9,"theMarked:BronzeBlade":17,"StuffTheSpire:Nightcore":11,"Bottled Tornado":22},{"theMarked:ArtifactOfAir":0,"hubris:DisguiseKit":5,"Golden Idol":3,"StuffTheSpire:Wildfire":1,"Pen Nib":3,"theMarked:BronzeBlade":7,"StuffTheSpire:Nightcore":5,"Bottled Tornado":10},{"theMarked:ArtifactOfAir":0,"hubris:DisguiseKit":19,"Golden Idol":12,"StuffTheSpire:Wildfire":4,"Pen Nib":12,"theMarked:BronzeBlade":30,"StuffTheSpire:Nightcore":19,"Bottled Tornado":43}]},"card_choices":[{"not_picked":["theMarked:DispelDoubt","theMarked:FavorableWinds"],"picked":"theMarked:EternalStudent","floor":0},{"not_picked":["theMarked:BanishingStrike","theMarked:SelfDefenseTraining"],"picked":"theMarked:ElectricStrings","floor":1},{"not_picked":["theMarked:Polarize","theMarked:SelfDefenseTraining","theMarked:Static"],"picked":"SKIP","floor":4},{"not_picked":["theMarked:ChainLightning","theMarked:HeightenedSenses"],"picked":"theMarked:SwordAndMagic","floor":5},{"not_picked":["theMarked:SelfDefenseTraining","theMarked:TwofoldDefense"],"picked":"theMarked:EmpowerWeapon","floor":10},{"not_picked":["theMarked:Indomitable","theMarked:Generate"],"picked":"theMarked:MysticalArsenal","floor":11},{"not_picked":["theMarked:Frustration","theMarked:TwofoldDefense","Warcry"],"picked":"theMarked:Levitate","floor":14},{"not_picked":["theMarked:Defy","theMarked:Challenge","jedi:strikingstrike"],"picked":"theMarked:BindingBlade","floor":16},{"not_picked":["theMarked:TwofoldDefense","theMarked:RepellingDischarge","Heavy Blade"],"picked":"theMarked:BanishingStrike+1","floor":18},{"not_picked":["theMarked:TwofoldDefense+1","theMarked:WardOff","Clothesline"],"picked":"theMarked:HeritageOfTheMarked","floor":19}],"player_experience":999275,"relics_obtained":[{"floor":9,"key":"Pen Nib"},{"floor":11,"key":"StuffTheSpire:Nightcore"},{"floor":22,"key":"Bottled Tornado"}],"event_choices":[{"damage_healed":0,"gold_gain":0,"player_choice":"Relic ","damage_taken":7,"max_hp_gain":0,"max_hp_loss":0,"event_name":"betterThird:BetterScrap","floor":3,"gold_loss":0,"cards_obtained":["ReplayTheSpireMod:Dual Polarity"]},{"damage_healed":0,"gold_gain":0,"player_choice":"Take Wound","damage_taken":0,"relics_obtained":["Golden Idol"],"max_hp_gain":0,"max_hp_loss":0,"event_name":"Golden Idol","floor":7,"gold_loss":0,"cards_obtained":["Injury"]},{"damage_healed":0,"gold_gain":0,"player_choice":"Damaged","damage_taken":7,"max_hp_gain":0,"max_hp_loss":0,"event_name":"Wheel of Change","floor":20,"gold_loss":0},{"damage_healed":0,"gold_gain":0,"player_choice":"Ignored","damage_taken":0,"max_hp_gain":0,"max_hp_loss":0,"event_name":"betterNote:BetterNote","floor":21,"gold_loss":0,"cards_obtained":["conspire:SpireCoStock"]}],"is_beta":false,"boss_relics":[{"not_picked":["halation:PlatinumPhoenix","StuffTheSpire:ModemDavis"],"picked":"theMarked:BronzeBlade"}],"items_purged_floors":[],"is_endless":false,"potions_floor_spawned":[1,5,11,14,19],"killed_by":"Gremlin Leader","ascension_level":0}}