{"host":"gmhvrhqrqxog9im1","time":1608575634,"event":{"mods":["2.2 Compatiblity","AchievementEnabler","BaseMod","Better Third Choice","BetterRewards","Colored Map","Conspire","Infinite Spire","Minty Spire (QoL Compilation)","Replay The Spire","Say the Spire","Shop Mod","StSLib","The Jungle"],"gold_per_floor":[115,15,15,31,47,47,66,66,66,79,114,114,128,128,128,223,223,241,258,258,258,258],"floor_reached":21,"playtime":1353,"items_purged":[],"score":365,"play_id":"5b0efe53-161a-467c-a5a4-a6d20a04c9d6","local_time":"20201221203354","is_ascension_mode":true,"campfire_choices":[{"data":"Ghostly","floor":6.0,"key":"SMITH"},{"data":"Replay:Undeath\u0027s Touch","floor":8,"key":"SMITH"},{"floor":12,"key":"REST"},{"data":"Infernal Blade","floor":12,"key":"SMITH"},{"floor":15,"key":"REST"},{"data":"Barricade","floor":15,"key":"SMITH"}],"circlet_count":0,"master_deck":["Strike_R","Strike_R","Strike_R","Strike_R","Strike_R","Defend_R","Defend_R","Defend_R","Bash","ReplayTheSpireMod:IOU","Power Through","Sword Boomerang","Ghostly+1","Reckless Charge","Disarm+1","Replay:Undeath\u0027s Touch+1","Infernal Blade+1","Barricade+1","Wild Strike","Offering","Entrench","Iron Wave"],"relics":["Burning Blood","infinitespire:Magic Flask","Mirror","Cursed Key"],"acts_visited":["Exordium","TheCity"],"potions_floor_usage":[11,11,21],"damage_taken":[{"damage":1.0,"enemies":"Jaw Worm","floor":1.0,"turns":4.0},{"damage":1.0,"enemies":"2 Louse","floor":4.0,"turns":3.0},{"damage":10.0,"enemies":"Cultist","floor":5.0,"turns":4.0},{"damage":21,"enemies":"2 Fungi Beasts","floor":7,"turns":4},{"damage":8,"enemies":"Large Slime","floor":10,"turns":7},{"damage":30,"enemies":"Lagavulin","floor":11,"turns":4},{"damage":10,"enemies":"Gremlin Gang","floor":13,"turns":5},{"damage":29,"enemies":"Fading Forest","floor":16,"turns":11},{"damage":27,"enemies":"3 Byrds","floor":18,"turns":9},{"damage":38,"enemies":"Shell Parasite","floor":19,"turns":8},{"damage":23,"enemies":"3 Cultists","floor":21,"turns":5}],"seed_played":"6460879007428373193","potions_obtained":[{"floor":3.0,"key":"LiquidBronze"},{"floor":3.0,"key":"LiquidMemories"},{"floor":3.0,"key":"Death Potion"},{"floor":11,"key":"SteroidPotion"},{"floor":16,"key":"Cursed Concoction"},{"floor":19,"key":"LifebloodPotion"}],"is_trial":false,"path_per_floor":["M","?","?","M","M","R","M","R","T","M","E","R","M","?","R","B",null,"M","M","?","M"],"character_chosen":"IRONCLAD","items_purchased":[],"campfire_rested":2,"item_purchase_floors":[],"current_hp_per_floor":[77,77,77,80,76,76,61,61,61,59,35,59,55,55,79,56,74,53,21,21,0,0],"gold":258,"neow_bonus":"","is_daily":false,"chose_seed":false,"campfire_upgraded":4,"win_rate":0.0,"timestamp":1608575634,"path_taken":["M","?","?","M","?","R","M","R","T","M","E","R","M","?","R","BOSS","M","M","?","?"],"items_purchased_type":[],"build_version":"2020-12-13","purchased_purges":0,"victory":false,"max_hp_per_floor":[80,80,80,80,80,80,80,80,80,80,80,80,80,80,80,80,80,80,80,80,80,80],"card_choices":[{"not_picked":["Clash","Wild Strike"],"picked":"Sword Boomerang","floor":1.0},{"not_picked":["Power Through","Dual Wield"],"picked":"Reckless Charge","floor":4.0},{"not_picked":["Thunderclap","Abandon"],"picked":"Disarm","floor":5.0},{"not_picked":["Pommel Strike","Clothesline"],"picked":"Replay:Undeath\u0027s Touch","floor":7},{"not_picked":["Ghostly Armor","Wild Strike","Infernal Blade"],"picked":"SKIP","floor":10},{"not_picked":["Ghostly Armor","Wild Strike"],"picked":"Infernal Blade","floor":10},{"not_picked":["Shockwave","Heavy Blade"],"picked":"Barricade","floor":11},{"not_picked":["Headbutt","Clothesline"],"picked":"Wild Strike","floor":13},{"not_picked":["Brutality","Replay:Many Hands"],"picked":"Offering","floor":16},{"not_picked":["Sword Boomerang","Disarm"],"picked":"Entrench","floor":18},{"not_picked":["Clothesline","Uppercut"],"picked":"Iron Wave","floor":19}],"player_experience":596362,"relics_obtained":[{"floor":9,"key":"infinitespire:Magic Flask"},{"floor":11,"key":"Mirror"}],"event_choices":[{"damage_healed":0.0,"max_hp_gain":0.0,"max_hp_loss":0.0,"gold_gain":0.0,"event_name":"conspire:LoneGhost","player_choice":"Argue","floor":2.0,"gold_loss":0.0,"damage_taken":0.0},{"damage_healed":0.0,"max_hp_gain":0.0,"max_hp_loss":0.0,"gold_gain":0.0,"event_name":"Lab","player_choice":"Got Potions","floor":3.0,"gold_loss":0.0,"damage_taken":0.0},{"damage_healed":0,"gold_gain":0,"player_choice":"Bought 0 Potions","damage_taken":0,"max_hp_gain":0,"max_hp_loss":0,"event_name":"The Woman in Blue","floor":20,"gold_loss":0}],"is_beta":false,"boss_relics":[{"not_picked":["Empty Cage","Runic Cube"],"picked":"Cursed Key"}],"items_purged_floors":[],"is_endless":false,"potions_floor_spawned":[5,11,16,19],"killed_by":"3 Cultists","ascension_level":6}}