{"host":"cccop0r9ue4xv1s4","time":1608540476,"event":{"mods":["AchievementEnabler","BaseMod","Downfall","Marisa¡]Ãú«B¡@Å]²z¨F¡^","Minty Spire (QoL Compilation)","Quick Restart","Shop Mod","StSLib","SuperFastMode","The Bug Knight","The Cursed","The Servant 0.9.4"],"gold_per_floor":[119,119,98806,98806,98818,98818,98818,98892,98915,97995,98008,98008,98041,97291,97291,97416,97416,97432,97445,97458,97476,97492,97492,97510,97533,97559,97578,97076,97076,96662,96126,96126,96260,96260,96284,96300,95596,95610,94890,94933,94933,94946,95000,95035,95035,95066,95066,95079,95079,95079],"floor_reached":51,"playtime":2283,"items_purged":["TheCursedMod:Defend_TheCursed","TheCursedMod:Defend_TheCursed","TheCursedMod:Strike_TheCursed"],"score":1087,"play_id":"1b7aef4a-d217-4ea7-a78e-1ccbb264d6b7","local_time":"20201221164756","is_ascension_mode":false,"campfire_choices":[{"data":"TheCursedMod:CursedSpellbook","floor":6.0,"key":"SMITH"},{"data":"TheCursedMod:HellfireBreathing","floor":12.0,"key":"SMITH"},{"data":"TheCursedMod:CleanUpWorkshop","floor":15.0,"key":"SMITH"},{"data":"TheCursedMod:CursedRelics","floor":23.0,"key":"SMITH"},{"data":"Master of Strategy","floor":29.0,"key":"SMITH"},{"data":"Chrysalis","floor":32.0,"key":"SMITH"},{"data":"TheCursedMod:VoidForm","floor":41.0,"key":"SMITH"},{"data":"TheCursedMod:SpitefulPlan","floor":45.0,"key":"SMITH"},{"data":"TheCursedMod:HellsGateOpen","floor":49.0,"key":"SMITH"}],"circlet_count":0,"master_deck":["TheCursedMod:Strike_TheCursed","TheCursedMod:Defend_TheCursed+1","TheCursedMod:Defend_TheCursed+1","TheCursedMod:CursedWand","TheCursedMod:CleanUpWorkshop+1","TheCursedMod:Dregs","TheCursedMod:CursedSpellbook+1","TheCursedMod:HellsGateOpen+1","Chrysalis+1","TheCursedMod:SmokeScreen","TheCursedMod:HellfireBreathing+1","TheCursedMod:DemonSword","Master of Strategy+1","TheCursedMod:CursedRelics+1","CurseOfTheBell","TheCursedMod:HellfireBreathing+1","TheCursedMod:VoidForm+1","TheCursedMod:SpitefulPlan+1"],"relics":["TheCursedMod:BlackMagic101","NeowsBlessing","Smiling Mask","FossilizedHelix","Ornamental Fan","Medical Kit","Golden Idol","White Beast Statue","War Paint","Toy Ornithopter","Sundial","Bag of Preparation","OrangePellets","Calipers","Strawberry","Calling Bell","PreservedInsect","Singing Bowl","Pocketwatch","CeramicFish","Chemical X","Oddly Smooth Stone","Pen Nib","HandDrill","Gremlin Horn","Toolbox","Matryoshka","Bag of Marbles","Sozu","MerchantsRug","TheCursedMod:DemonicMark","Centennial Puzzle","ClockworkSouvenir","Lee\u0027s Waffle","Mummified Hand","Bottled Tornado","Potion Belt","Ancient Tea Set","Nunchaku","Shuriken","Mercury Hourglass"],"acts_visited":["Exordium","TheCity","TheBeyond"],"potions_floor_usage":[50],"damage_taken":[{"damage":0.0,"enemies":"Jaw Worm","floor":1.0,"turns":1.0},{"damage":0.0,"enemies":"Small Slimes","floor":5.0,"turns":1.0},{"damage":0.0,"enemies":"Cultist","floor":11.0,"turns":1.0},{"damage":0.0,"enemies":"3 Sentries","floor":13.0,"turns":5.0},{"damage":5.0,"enemies":"The Guardian","floor":16.0,"turns":7.0},{"damage":10.0,"enemies":"2 Thieves","floor":18.0,"turns":3.0},{"damage":0.0,"enemies":"Shell Parasite","floor":19.0,"turns":2.0},{"damage":14.0,"enemies":"Snake Plant","floor":20.0,"turns":3.0},{"damage":1.0,"enemies":"Shelled Parasite and Fungi","floor":21.0,"turns":3.0},{"damage":5.0,"enemies":"3 Cultists","floor":22.0,"turns":4.0},{"damage":10.0,"enemies":"Snake Plant","floor":24.0,"turns":3.0},{"damage":1.0,"enemies":"Sentry and Sphere","floor":25.0,"turns":4.0},{"damage":0.0,"enemies":"3 Cultists","floor":27.0,"turns":3.0},{"damage":7.0,"enemies":"Champ","floor":33.0,"turns":5.0},{"damage":0.0,"enemies":"3 Shapes","floor":35.0,"turns":3.0},{"damage":5.0,"enemies":"Orb Walker","floor":36.0,"turns":2.0},{"damage":0.0,"enemies":"Sphere and 2 Shapes","floor":38.0,"turns":1.0},{"damage":0.0,"enemies":"Reptomancer","floor":40.0,"turns":1.0},{"damage":0.0,"enemies":"Spire Growth","floor":42.0,"turns":1.0},{"damage":0.0,"enemies":"HollowMod:StalkingDevout","floor":44.0,"turns":1.0},{"damage":0.0,"enemies":"Reptomancer","floor":46.0,"turns":1.0},{"damage":1.0,"enemies":"3 Darklings","floor":48.0,"turns":1.0},{"damage":0,"enemies":"Donu and Deca","floor":50,"turns":3}],"seed_played":"3286202404380975585","potions_obtained":[{"floor":16.0,"key":"Fire Potion"},{"floor":18.0,"key":"Regen Potion"},{"floor":19.0,"key":"AttackPotion"},{"floor":21.0,"key":"Weak Potion"},{"floor":24.0,"key":"Fire Potion"},{"floor":25.0,"key":"Guardian:BlockOnCardUsePotion"},{"floor":33.0,"key":"Weak Potion"}],"is_trial":false,"path_per_floor":["M","?","$","?","M","R","?","T","T","$","M","R","E","$","R","B",null,"M","M","M","M","M","R","M","M","T","M","$","R","$","$","R","B",null,"M","M","$","M","$","E","R","M","T","E","R","E","?","M","R","B",null],"character_chosen":"THE_CURSED","items_purchased":["Strength Potion","FossilizedHelix","Ornamental Fan","Medical Kit","ColorlessPotion","DuplicationPotion","TheCursedMod:CursedSpellbook","TheCursedMod:HellsGateOpen","Chrysalis","Toy Ornithopter","Sundial","TheCursedMod:HellfireBreathing","TheCursedMod:DemonSword","DistilledChaos","Master of Strategy","OrangePellets","Calipers","Strawberry","Fruit Juice","Energy Potion","Chemical X","Oddly Smooth Stone","Pen Nib","HandDrill","Gremlin Horn","Toolbox","Matryoshka","Bag of Marbles","MerchantsRug","TheCursedMod:DemonicMark","Centennial Puzzle","ClockworkSouvenir","Lee\u0027s Waffle","Mummified Hand","Bottled Tornado","TheCursedMod:SpitefulPlan"],"campfire_rested":0,"item_purchase_floors":[3,3,3,3,3,3,3,3,3,10,10,10,10,10,10,14,14,14,14,14,28,28,28,30,30,31,31,31,37,37,37,37,39,39,39,39],"current_hp_per_floor":[75,68,68,68,68,68,68,68,68,68,68,68,68,81,81,76,81,73,75,63,69,64,64,71,72,72,74,74,74,74,74,74,72,95,97,94,94,96,108,110,110,112,112,114,114,116,116,117,117,118],"gold":95079,"neow_bonus":"THREE_ENEMY_KILL","is_daily":false,"chose_seed":false,"campfire_upgraded":9,"win_rate":0.0,"timestamp":1608540476,"path_taken":["M","?","$","?","?","R","?","?","T","$","?","R","E","?","R","BOSS","M","?","M","?","?","R","M","M","T","M","$","R","?","$","R","BOSS","M","M","$","M","$","E","R","M","T","E","R","E","?","M","R","BOSS"],"items_purchased_type":["Potion","Relic","Relic","Relic","Potion","Potion","Card","Card","Card","Relic","Relic","Card","Card","Potion","Card","Relic","Relic","Relic","Potion","Potion","Relic","Relic","Relic","Relic","Relic","Relic","Relic","Relic","Relic","Relic","Relic","Relic","Relic","Relic","Relic","Card"],"build_version":"2020-12-13","purchased_purges":3,"victory":true,"max_hp_per_floor":[75,75,75,75,75,75,69,69,69,69,69,69,69,81,81,81,81,83,85,87,89,89,89,91,93,93,95,95,95,95,95,95,95,95,97,99,99,101,108,110,110,112,112,114,114,116,116,118,118,118],"card_choices":[{"not_picked":["TheCursedMod:VitalStrike","TheCursedMod:Wield","TheCursedMod:SmokeScreen"],"picked":"SKIP","floor":1.0},{"not_picked":["TheCursedMod:Mangle","TheCursedMod:Hemoplague","TheCursedMod:FleshFromBone"],"picked":"SKIP","floor":5.0},{"not_picked":["TheCursedMod:LuckyCharm","TheCursedMod:FleshFromBone","TheCursedMod:SaltUponWound"],"picked":"SKIP","floor":11.0},{"not_picked":["TheCursedMod:CursedMace","TheCursedMod:CircleOfAmplification","TheCursedMod:SoulCrush"],"picked":"SKIP","floor":13.0},{"not_picked":["TheCursedMod:AntiAging","TheCursedMod:UltimatePain"],"picked":"TheCursedMod:CursedRelics","floor":16.0},{"not_picked":["TheCursedMod:CursedShiv","TheCursedMod:SmokeScreen","TheCursedMod:CircleOfCorruption"],"picked":"Singing Bowl","floor":18.0},{"not_picked":["TheCursedMod:RavingStaff+1","TheCursedMod:HellfireBreathing","TheCursedMod:VitalStrike"],"picked":"Singing Bowl","floor":19.0},{"not_picked":["TheCursedMod:RapidMovement","TheCursedMod:CursedBlade","TheCursedMod:TroublousMinions"],"picked":"Singing Bowl","floor":20.0},{"not_picked":["TheCursedMod:CircleOfFocus","TheCursedMod:CursedMace","TheCursedMod:RavingStaff"],"picked":"Singing Bowl","floor":21.0},{"not_picked":["TheCursedMod:SaltUponWound","TheCursedMod:ManaBullet+1"],"picked":"TheCursedMod:HellfireBreathing+1","floor":22.0},{"not_picked":["TheCursedMod:CursedShiv","TheCursedMod:Evocation","TheCursedMod:SpitefulStrike"],"picked":"Singing Bowl","floor":24.0},{"not_picked":["TheCursedMod:SurpriseAttack+1","TheCursedMod:FuryStrike+1","TheCursedMod:SoulReap"],"picked":"Singing Bowl","floor":25.0},{"not_picked":["TheCursedMod:BloodBarrier","TheCursedMod:SmokeScreen","TheCursedMod:FuryStrike+1"],"picked":"Singing Bowl","floor":27.0},{"not_picked":["TheCursedMod:DemonicPact","TheCursedMod:CircleOfAbyss"],"picked":"TheCursedMod:VoidForm","floor":33.0},{"not_picked":["TheCursedMod:RavingStaff","TheCursedMod:Wield","TheCursedMod:CircleOfFlame+1"],"picked":"Singing Bowl","floor":35.0},{"not_picked":["TheCursedMod:TacticalStrike","TheCursedMod:Stretching+1","TheCursedMod:BlessingInDisguise+1"],"picked":"Singing Bowl","floor":36.0},{"not_picked":["TheCursedMod:VitalStrike+1","TheCursedMod:CursedStaff","TheCursedMod:FleshFromBone+1"],"picked":"Singing Bowl","floor":38.0},{"not_picked":["TheCursedMod:HellsGateOpen+1","TheCursedMod:ParallelWorld","TheCursedMod:VitalStrike"],"picked":"Singing Bowl","floor":40.0},{"not_picked":["TheCursedMod:SmokeScreen+1","TheCursedMod:CursedMace+1","TheCursedMod:Wield"],"picked":"Singing Bowl","floor":42.0},{"not_picked":["TheCursedMod:HellfireBreathing","TheCursedMod:Hemoplague","TheCursedMod:StingEye+1"],"picked":"Singing Bowl","floor":44.0},{"not_picked":["TheCursedMod:FleshFromBone+1","TheCursedMod:ReleasedKnowledge+1","TheCursedMod:Obscuration"],"picked":"Singing Bowl","floor":46.0},{"not_picked":["TheCursedMod:CircleOfCorruption+1","TheCursedMod:SpitefulStrike+1","TheCursedMod:VitalStrike"],"picked":"Singing Bowl","floor":48.0}],"player_experience":301918,"relics_obtained":[{"floor":8.0,"key":"White Beast Statue"},{"floor":9.0,"key":"War Paint"},{"floor":13.0,"key":"Bag of Preparation"},{"floor":17.0,"key":"PreservedInsect"},{"floor":17.0,"key":"Singing Bowl"},{"floor":17.0,"key":"Pocketwatch"},{"floor":26.0,"key":"CeramicFish"},{"floor":40.0,"key":"Potion Belt"},{"floor":43.0,"key":"Ancient Tea Set"},{"floor":43.0,"key":"Nunchaku"},{"floor":44.0,"key":"Shuriken"},{"floor":46.0,"key":"Mercury Hourglass"}],"event_choices":[{"damage_healed":0.0,"max_hp_gain":0.0,"max_hp_loss":0.0,"gold_gain":0.0,"event_name":"Scrap Ooze","player_choice":"Success","floor":2.0,"gold_loss":0.0,"damage_taken":7.0,"relics_obtained":["Smiling Mask"]},{"damage_healed":0.0,"max_hp_gain":0.0,"max_hp_loss":0.0,"gold_gain":0.0,"cards_transformed":["TheCursedMod:Strike_TheCursed"],"event_name":"Transmorgrifier","player_choice":"Transformed","floor":4.0,"gold_loss":0.0,"damage_taken":0.0,"cards_obtained":["TheCursedMod:SmokeScreen"]},{"damage_healed":0.0,"max_hp_gain":0.0,"max_hp_loss":6.0,"gold_gain":0.0,"event_name":"Golden Idol","player_choice":"Lose Max HP","floor":7.0,"gold_loss":0.0,"damage_taken":0.0,"relics_obtained":["Golden Idol"]},{"cards_removed":["TheCursedMod:Strike_TheCursed"],"damage_healed":0.0,"max_hp_gain":0.0,"max_hp_loss":0.0,"gold_gain":0.0,"event_name":"Falling","player_choice":"Removed Attack","floor":47.0,"gold_loss":0.0,"damage_taken":0.0}],"is_beta":false,"boss_relics":[{"not_picked":["Busted Crown","Black Star"],"picked":"Calling Bell"},{"not_picked":["Fusion Hammer","Astrolabe"],"picked":"Sozu"}],"items_purged_floors":[3,10,28],"is_endless":false,"potions_floor_spawned":[5,11,13,16,18,19,20,21,22,24,25,27,33,35,36,38,40,42,44,46,48],"ascension_level":0}}