{"host":"nukjzc0ca34w6eem","time":1608583943,"event":{"mods":["2.2 Compatiblity","AchievementEnabler","BaseMod","Colored Powertips","Downfall","Minty Spire (QoL Compilation)","StSLib"],"gold_per_floor":[99,99,99,99,99,99,145,145,171,171,186,206,223,236,247,349,349,349,380,380,393,158,177,203,203,233,245,271,303,341,352,371,467,467,242,253,90,90,104,104,127,177,202,202,220,245,263,263,277,277,277,277],"floor_reached":50,"playtime":3648,"items_purged":["champ:Defend","champ:Strike","champ:Defend"],"score":721,"play_id":"6aa08491-87b8-4b70-a98c-db98a4ddd6b6","local_time":"20201221125223","is_ascension_mode":true,"campfire_choices":[{"data":"champ:Taunt","floor":1.0,"key":"SMITH"},{"data":"champ:CrookedStrike","floor":6.0,"key":"SMITH"},{"data":"champ:Lariat","floor":10,"key":"SMITH"},{"data":"champ:GladiatorStyle","floor":18,"key":"SMITH"},{"data":"champ:CalledShot","floor":25,"key":"SMITH"},{"floor":27,"key":"RECALL"},{"data":"champ:ShieldWall","floor":35,"key":"SMITH"},{"data":"champ:Devastate","floor":44,"key":"SMITH"}],"circlet_count":0,"master_deck":["champ:Execute","champ:Taunt+1","champ:BladeFlurry","champ:HoldFirm","champ:CrookedStrike+1","champ:Lariat+1","champ:DeathBlow","champ:GladiatorStyle+1","champ:Haymaker","champ:SwordSigil","champ:MurderStrike","champ:CalledShot+1","champ:BringItOn","champ:SwordSigil","champ:ShieldWall+1","champ:Devastate+1","champ:SwordSigil","champ:RisingSlash","champ:ViciousMockery+1","champ:ShieldWall+1","champ:GladiatorsShout+1","champ:EnchantCrown","champ:SwordSigil","champ:GladiatorsShout+1"],"relics":["champ:ChampionCrown","downfall:HeartsMalice","Letter Opener","Coffee Dripper","White Beast Statue","Lee\u0027s Waffle","Happy Flower","MawBank","Empty Cage","downfall:HeartBlessingRed","downfall:HeartBlessingGreen","downfall:HeartBlessingBlue","Dream Catcher","Du-Vu Doll","Prayer Wheel","Vajra"],"acts_visited":["Exordium","TheCity","TheBeyond"],"potions_floor_usage":[16,16,19,19,22,26,28,30,30,32,33,33,43,45,49,50],"damage_taken":[{"damage":0.0,"enemies":"Cultist","floor":3.0,"turns":1.0},{"damage":0.0,"enemies":"Small Slimes","floor":4.0,"turns":1.0},{"damage":0.0,"enemies":"2 Louse","floor":5.0,"turns":1.0},{"damage":39,"enemies":"Lagavulin","floor":9,"turns":10},{"damage":31,"enemies":"Large Slime","floor":11,"turns":6},{"damage":15,"enemies":"Blue Slaver","floor":12,"turns":3},{"damage":22,"enemies":"Exordium Thugs","floor":13,"turns":2},{"damage":10,"enemies":"Red Slaver","floor":14,"turns":2},{"damage":23,"enemies":"Large Slime","floor":15,"turns":6},{"damage":4,"enemies":"downfall:Watcher","floor":16,"turns":9},{"damage":26,"enemies":"Gremlin Leader","floor":19,"turns":6},{"damage":3,"enemies":"Spheric Guardian","floor":21,"turns":3},{"damage":15,"enemies":"downfall:FleeingMerchant","floor":22,"turns":4},{"damage":10,"enemies":"Shelled Parasite and Fungi","floor":23,"turns":3},{"damage":25,"enemies":"Slavers","floor":26,"turns":3},{"damage":10,"enemies":"Snake Plant","floor":28,"turns":3},{"damage":15,"enemies":"Cultist and Chosen","floor":29,"turns":3},{"damage":10,"enemies":"downfall:FleeingMerchant","floor":30,"turns":4},{"damage":18,"enemies":"Chosen and Byrds","floor":31,"turns":3},{"damage":0,"enemies":"Centurion and Healer","floor":32,"turns":4},{"damage":10,"enemies":"downfall:Defect","floor":33,"turns":5},{"damage":0,"enemies":"Orb Walker","floor":36,"turns":3},{"damage":21,"enemies":"3 Shapes","floor":39,"turns":3},{"damage":11,"enemies":"Mind Bloom Boss Battle","floor":42,"turns":7},{"damage":18,"enemies":"Reptomancer","floor":43,"turns":5},{"damage":52,"enemies":"Transient","floor":45,"turns":5},{"damage":27,"enemies":"4 Shapes","floor":47,"turns":2},{"damage":0,"enemies":"Spire Growth","floor":49,"turns":2},{"damage":22,"enemies":"downfall:Ironclad","floor":50,"turns":4}],"seed_played":"-1381622872603447670","potions_obtained":[{"floor":9,"key":"champ:CounterPotion"},{"floor":11,"key":"Ancient Potion"},{"floor":12,"key":"Energy Potion"},{"floor":14,"key":"ColorlessPotion"},{"floor":16,"key":"PowerPotion"},{"floor":19,"key":"DuplicationPotion"},{"floor":21,"key":"GamblersBrew"},{"floor":22,"key":"SneckoOil"},{"floor":23,"key":"Swift Potion"},{"floor":26,"key":"DistilledChaos"},{"floor":28,"key":"BlessingOfTheForge"},{"floor":29,"key":"ColorlessPotion"},{"floor":30,"key":"Block Potion"},{"floor":32,"key":"champ:OpenerPotion"},{"floor":33,"key":"FearPotion"},{"floor":36,"key":"Regen Potion"},{"floor":42,"key":"Strength Potion"},{"floor":43,"key":"Energy Potion"},{"floor":45,"key":"SneckoOil"},{"floor":47,"key":"Weak Potion"},{"floor":49,"key":"LiquidMemories"}],"is_trial":false,"path_per_floor":["R","?","M","M","M","R","T","?","E","R","M","M","M","M","M","B",null,"R","E","?","M","$","M","T","R","E","R","M","M","$","M","M","B",null,"R","M","$","?","M","$","T","?","E","R","M","T","M","?","M","B"],"character_chosen":"THE_CHAMP","items_purchased":["Lee\u0027s Waffle","champ:ShieldWall","Fruit Juice","ColorlessPotion","champ:RisingSlash"],"campfire_rested":0,"item_purchase_floors":[22,30,30,30,37],"current_hp_per_floor":[90,90,90,90,90,90,90,90,61,61,52,52,40,30,22,18,90,90,84,84,81,97,97,97,97,97,97,97,97,102,94,94,94,102,112,112,112,112,101,101,101,90,72,72,35,35,18,18,18,0,0,0],"gold":277,"neow_bonus":"THREE_ENEMY_KILL","is_daily":false,"chose_seed":false,"campfire_upgraded":7,"win_rate":0.0,"timestamp":1608583943,"path_taken":["R","?","M","M","M","R","T","?","E","R","M","M","M","?","M","BOSS","R","E","?","M","$","?","T","R","E","R","M","M","$","M","M","BOSS","R","M","$","?","M","$","T","?","E","R","M","?","?","?","M","BOSS"],"items_purchased_type":["Relic","Card","Potion","Potion","Card"],"build_version":"2020-12-13","purchased_purges":3,"victory":false,"max_hp_per_floor":[90,90,90,90,90,90,90,90,90,90,90,90,90,90,90,90,90,90,90,90,90,97,97,97,97,97,97,97,97,102,102,102,102,102,112,112,112,112,112,112,112,112,112,112,112,112,112,112,112,112,112,112],"card_choices":[{"not_picked":["champ:Haymaker","champ:StanceDance"],"picked":"champ:BladeFlurry","floor":3.0},{"not_picked":["champ:BerserkerStyle","champ:Shatter"],"picked":"champ:HoldFirm","floor":4.0},{"not_picked":["champ:AdrenalArmor","champ:StanceDance"],"picked":"champ:CrookedStrike","floor":5.0},{"not_picked":["champ:CheapShot","champ:Haymaker"],"picked":"champ:Lariat","floor":9},{"not_picked":["champ:Encircle","champ:EnragedBash"],"picked":"champ:DeathBlow","floor":11},{"not_picked":["champ:RageSigil","champ:PerfectedStrike"],"picked":"champ:GladiatorStyle","floor":12},{"not_picked":["champ:Encircle","champ:RisingSlash"],"picked":"champ:Haymaker","floor":13},{"not_picked":["champ:FightOn","champ:CrookedStrike","champ:Circumvent"],"picked":"SKIP","floor":14},{"not_picked":["champ:Lariat","champ:Backstep"],"picked":"champ:SwordSigil","floor":15},{"not_picked":["champ:LastStand","champ:DancingMaster"],"picked":"champ:MurderStrike","floor":16},{"not_picked":["champ:ShieldWall+1","champ:StanceDance+1"],"picked":"champ:FocusedGladiator","floor":19},{"not_picked":["champ:Encircle+1","champ:PerfectedStrike","champ:Haymaker"],"picked":"SKIP","floor":21},{"not_picked":["champ:SteelEdge","champ:AdrenalArmor","champ:FanOfKnives+1"],"picked":"SKIP","floor":22},{"not_picked":["champ:BladeFlurry","champ:BringItOn"],"picked":"champ:CalledShot","floor":23},{"not_picked":["champ:EnragedBash","champ:PerfectedStrike"],"picked":"champ:BringItOn","floor":26},{"not_picked":["champ:Haymaker","champ:FanOfKnives"],"picked":"champ:SwordSigil","floor":28},{"not_picked":["champ:AdrenalArmor","champ:TornadoPunch","champ:Shatter"],"picked":"SKIP","floor":29},{"not_picked":["champ:MurderStrike","champ:FlashCut","champ:AdrenalArmor"],"picked":"SKIP","floor":30},{"not_picked":["champ:Encircle+1","champ:Control","champ:FlashCut+1"],"picked":"SKIP","floor":31},{"not_picked":["champ:Encircle","champ:IronFortress","champ:CalledShot"],"picked":"SKIP","floor":32},{"not_picked":["champ:PerfectForm","champ:VampiricStrike"],"picked":"champ:Devastate","floor":33},{"not_picked":["champ:BladeFlurry+1","champ:AdrenalArmor+1"],"picked":"champ:SwordSigil","floor":36},{"not_picked":["champ:FocusedBerserking+1","champ:Circumvent"],"picked":"champ:ViciousMockery+1","floor":39},{"not_picked":["champ:FlashCut","champ:Circumvent"],"picked":"champ:ShieldWall+1","floor":42},{"not_picked":["champ:FlashCut+1","champ:BerserkerStyle","champ:ShieldSigil"],"picked":"SKIP","floor":43},{"not_picked":["champ:RisingSlash+1","champ:StanceDance+1"],"picked":"champ:GladiatorsShout+1","floor":45},{"not_picked":["champ:Encircle","champ:Aggression"],"picked":"champ:EnchantCrown","floor":45},{"not_picked":["champ:PerfectedStrike","champ:DefensiveShout"],"picked":"champ:SwordSigil","floor":47},{"not_picked":["champ:Encircle","champ:Haymaker","champ:ShieldSigil"],"picked":"SKIP","floor":47},{"not_picked":["champ:StanceDance","champ:ViciousMockery"],"picked":"champ:GladiatorsShout+1","floor":49},{"not_picked":["champ:CrookedStrike+1","champ:FightOn","champ:Control"],"picked":"SKIP","floor":49}],"player_experience":451134,"relics_obtained":[{"floor":9,"key":"Letter Opener"},{"floor":19,"key":"White Beast Statue"},{"floor":24,"key":"Happy Flower"},{"floor":26,"key":"MawBank"},{"floor":41,"key":"Dream Catcher"},{"floor":42,"key":"Du-Vu Doll"},{"floor":43,"key":"Prayer Wheel"},{"floor":46,"key":"Vajra"}],"event_choices":[{"cards_removed":["champ:Strike"],"damage_healed":0.0,"max_hp_gain":0.0,"max_hp_loss":0.0,"gold_gain":0.0,"event_name":"The Cleric","player_choice":"Card Removal","floor":2.0,"gold_loss":0.0,"damage_taken":0.0},{"cards_removed":["champ:Defend"],"damage_healed":0,"gold_gain":0,"player_choice":"Purged","damage_taken":0,"max_hp_gain":0,"max_hp_loss":0,"event_name":"Purifier","floor":8,"gold_loss":0},{"cards_removed":["champ:Strike"],"damage_healed":0,"gold_gain":0,"player_choice":"Purged","damage_taken":0,"max_hp_gain":0,"max_hp_loss":0,"event_name":"Purifier","floor":20,"gold_loss":0},{"cards_removed":["champ:FocusedGladiator"],"damage_healed":0,"gold_gain":0,"player_choice":"Removed Skill","damage_taken":0,"max_hp_gain":0,"max_hp_loss":0,"event_name":"Falling","floor":38,"gold_loss":0},{"damage_healed":0,"gold_gain":0,"player_choice":"Ignored","damage_taken":0,"max_hp_gain":0,"max_hp_loss":0,"event_name":"Mysterious Sphere","floor":48,"gold_loss":0}],"is_beta":false,"boss_relics":[{"not_picked":["Busted Crown","Tiny House"],"picked":"Coffee Dripper"},{"not_picked":["SlaversCollar","SacredBark"],"picked":"Empty Cage"}],"items_purged_floors":[22,30,37],"is_endless":false,"potions_floor_spawned":[9,11,12,14,15,16,19,21,22,23,26,28,29,30,31,32,33,36,39,42,43,45,47,49],"killed_by":"downfall:Ironclad","ascension_level":2}}