{"host":"zhypnm5xlgq8j242","time":1608537068,"event":{"mods":["AchievementEnabler","BaseMod","BetterRewards","Colored Powertips","Hermit","Keyboard Shortcuts","Minty Spire (QoL Compilation)","Quick Restart","Replay The Spire","Shop Mod","StSLib","The Cursed","The Hierophant","The Runesmith"],"gold_per_floor":[19,39,39,87,162,197,222,222,245,258,293,314,314,333,333,456,456,477,577,593,473,496,534,534,572,572,610,610,610,647,647,647,673,673],"floor_reached":33,"playtime":1991,"items_purged":[],"score":425,"play_id":"40e9c6fb-3eb0-4c30-b332-9b6cbcea40c5","local_time":"20201221165108","is_ascension_mode":true,"campfire_choices":[{"data":"Armaments","floor":8,"key":"SMITH"},{"floor":15,"key":"DIG"},{"data":"Battle Trance","floor":29,"key":"SMITH"}],"circlet_count":0,"master_deck":["Strike_R","Strike_R","Strike_R","Strike_R","Strike_R","Defend_R","Defend_R","Defend_R","Defend_R","Bash","Armaments+1","Power Through","Injury","Cleave","Immolate","Battle Trance+1","Sentinel","Eclipse","Flex","Exhume","Pommel Strike+1","True Grit+1","Mayhem","Secret Weapon","Dramatic Entrance","Shrug It Off","Abandon","True Grit+1","Sentinel"],"relics":["Burning Blood","Torii","Bloody Idol","Lantern","Regal Pillow","Replay:Baseball","ReplayTheSpireMod:Ring of Addiction","Potion Belt","Chameleon Ring","Ring of Misfortune","Replay:Multitool","Coffee Dripper","ReplayTheSpireMod:ShopPack","ReplayTheSpireMod:Spearhead","Peace Pipe","Darkstone Periapt","Replay:Bandana","Enchiridion"],"acts_visited":["Exordium","TheCity"],"potions_floor_usage":[6,10,16,16,18,18,18,18,18,18,18,25,25,27,33,33,33],"damage_taken":[{"damage":2,"enemies":"2 Louse","floor":1,"turns":3},{"damage":1,"enemies":"Jaw Worm","floor":2,"turns":6},{"damage":13,"enemies":"Replay:BlueRogue","floor":6,"turns":7},{"damage":1,"enemies":"Small Slimes","floor":7,"turns":2},{"damage":1,"enemies":"3 Louse","floor":10,"turns":2},{"damage":8,"enemies":"3 Sentries","floor":11,"turns":5},{"damage":2,"enemies":"Red Slaver","floor":12,"turns":3},{"damage":1,"enemies":"2 Fungi Beasts","floor":14,"turns":2},{"damage":30,"enemies":"Hexaghost","floor":16,"turns":11},{"damage":0,"enemies":"3 Byrds","floor":18,"turns":3},{"damage":8,"enemies":"2 Thieves","floor":20,"turns":3},{"damage":14,"enemies":"Chosen and Byrds","floor":22,"turns":5},{"damage":24,"enemies":"Book of Stabbing","floor":23,"turns":6},{"damage":1,"enemies":"Gremlin Leader","floor":25,"turns":5},{"damage":14,"enemies":"Replay:Snechameleon","floor":27,"turns":6},{"damage":0,"enemies":"3 Cultists","floor":30,"turns":5},{"damage":51,"enemies":"Collector","floor":33,"turns":8}],"seed_played":"-4013245804063045843","potions_obtained":[{"floor":4,"key":"SteroidPotion"},{"floor":4,"key":"EntropicBrew"},{"floor":4,"key":"SpeedPotion"},{"floor":6,"key":"BloodPotion"},{"floor":10,"key":"Energy Potion"},{"floor":13,"key":"Explosive Potion"},{"floor":13,"key":"Cursed Concoction"},{"floor":16,"key":"BlessingOfTheForge"},{"floor":18,"key":"PowerPotion"},{"floor":24,"key":"Ancient Potion"},{"floor":24,"key":"SkillPotion"},{"floor":27,"key":"SneckoOil"}],"is_trial":false,"path_per_floor":["M","M","?","?","?","E","M","R","T","M","E","M","?","M","R","B",null,"M","?","M","$","M","E","R","E","T","E","?","R","M","?","R","B"],"character_chosen":"IRONCLAD","items_purchased":["ReplayTheSpireMod:ShopPack"],"campfire_rested":0,"item_purchase_floors":[21],"current_hp_per_floor":[76,80,80,80,69,62,67,67,67,80,78,80,80,80,80,56,74,80,80,78,78,70,52,52,57,57,49,49,49,55,39,39,0,0],"gold":673,"neow_bonus":"ONE_RARE_RELIC","is_daily":false,"chose_seed":false,"campfire_upgraded":2,"win_rate":0.0,"timestamp":1608537068,"path_taken":["M","M","?","?","?","E","M","R","T","M","E","M","?","M","R","BOSS","M","?","M","$","?","E","R","E","T","E","?","R","M","?","R","BOSS"],"items_purchased_type":["Relic"],"build_version":"2020-12-13","purchased_purges":0,"victory":false,"max_hp_per_floor":[80,80,80,80,80,80,80,80,80,80,80,80,80,80,80,80,80,80,80,80,80,78,78,78,76,76,76,76,76,76,74,74,74,74],"card_choices":[{"not_picked":["Flex","Ghostly Armor"],"picked":"Armaments","floor":1},{"not_picked":["Replay:Undeath\u0027s Touch","Heavy Blade"],"picked":"Power Through","floor":2},{"not_picked":["Iron Wave","Rage"],"picked":"Cleave","floor":4},{"not_picked":["Anger","Armaments"],"picked":"Immolate","floor":6},{"not_picked":["Cleave","Iron Wave","Warcry"],"picked":"SKIP","floor":7},{"not_picked":["Clash","Headbutt"],"picked":"Battle Trance","floor":10},{"not_picked":["Thunderclap","Whirlwind"],"picked":"Sentinel","floor":11},{"not_picked":["Clash","Searing Blow"],"picked":"Eclipse","floor":12},{"not_picked":["Spot Weakness","Entrench"],"picked":"Flex","floor":14},{"not_picked":["Berserk","Fiend Fire"],"picked":"Exhume","floor":16},{"not_picked":["Flex+1","Clash"],"picked":"Pommel Strike+1","floor":18},{"not_picked":["Run Through+1","Second Wind"],"picked":"True Grit+1","floor":20},{"not_picked":["Thinking Ahead","The Bomb"],"picked":"Mayhem","floor":21},{"not_picked":["Mind Blast","Forethought"],"picked":"Secret Weapon","floor":21},{"not_picked":["Poisoned Strike","Violence"],"picked":"Dramatic Entrance","floor":21},{"not_picked":["True Grit","Headbutt"],"picked":"Shrug It Off","floor":22},{"not_picked":["Anger","Clash","Twin Strike"],"picked":"SKIP","floor":23},{"not_picked":["Replay:Undeath\u0027s Touch","Rupture+1"],"picked":"Abandon","floor":25},{"not_picked":["Twin Strike","Disarm+1"],"picked":"True Grit+1","floor":27},{"not_picked":["Anger","Clothesline"],"picked":"Sentinel","floor":30}],"player_experience":591597,"relics_obtained":[{"floor":6,"key":"Lantern"},{"floor":9,"key":"Regal Pillow"},{"floor":11,"key":"Replay:Baseball"},{"floor":13,"key":"ReplayTheSpireMod:Ring of Addiction"},{"floor":13,"key":"Potion Belt"},{"floor":13,"key":"Chameleon Ring"},{"floor":13,"key":"Ring of Misfortune"},{"floor":15,"key":"Replay:Multitool"},{"floor":23,"key":"ReplayTheSpireMod:Spearhead"},{"floor":25,"key":"Peace Pipe"},{"floor":26,"key":"Darkstone Periapt"},{"floor":27,"key":"Replay:Bandana"},{"floor":31,"key":"Enchiridion"}],"event_choices":[{"damage_healed":0,"gold_gain":0,"player_choice":"Take Wound","damage_taken":0,"relics_obtained":["Golden Idol"],"max_hp_gain":0,"max_hp_loss":0,"event_name":"Golden Idol","floor":3,"gold_loss":0,"cards_obtained":["Injury"]},{"damage_healed":0,"gold_gain":75,"player_choice":"Gather Gold","damage_taken":11,"max_hp_gain":0,"max_hp_loss":0,"event_name":"World of Goop","floor":5,"gold_loss":0},{"damage_healed":0,"gold_gain":100,"player_choice":"Pray","damage_taken":0,"max_hp_gain":0,"max_hp_loss":0,"event_name":"Golden Shrine","floor":19,"gold_loss":0},{"damage_healed":0,"gold_gain":0,"player_choice":"Ignored","damage_taken":0,"max_hp_gain":0,"max_hp_loss":0,"event_name":"Vampires","floor":28,"gold_loss":0},{"damage_healed":0,"gold_gain":0,"player_choice":"Obtained Book","damage_taken":16,"max_hp_gain":0,"max_hp_loss":0,"event_name":"Cursed Tome","floor":31,"gold_loss":0},{"damage_healed":0,"gold_gain":0,"player_choice":"Gave Idol","damage_taken":0,"relics_obtained":["Bloody Idol"],"max_hp_gain":0,"max_hp_loss":0,"event_name":"Forgotten Altar","floor":32,"relics_lost":["Golden Idol"],"gold_loss":0}],"is_beta":false,"boss_relics":[{"not_picked":["Electric Blood","Snecko Eye"],"picked":"Coffee Dripper"}],"items_purged_floors":[],"is_endless":false,"potions_floor_spawned":[6,10,14,16,18,27],"killed_by":"Collector","ascension_level":7}}