{"host":"omv42op7s93bjjql","time":1608575806,"event":{"mods":["BaseMod","Colored Map","Colored Powertips","DeckTracker","Keyboard Shortcuts","Minty Spire (QoL Compilation)","StSLib","SuperFastMode"],"gold_per_floor":[118,118,43,43,43,76,94,94,94,110,172,207,207,218,218,297,297,335,335,335,373,37,37,65,65,65,109,140,65,65,65],"floor_reached":30,"playtime":1467,"items_purged":["Strike_P"],"score":583,"play_id":"9e752546-27e9-467e-a5e5-d13257c2d172","local_time":"20201222033646","is_ascension_mode":true,"campfire_choices":[{"data":"Wallop","floor":8,"key":"SMITH"},{"data":"Meditate","floor":13,"key":"SMITH"},{"data":"EmptyFist","floor":15,"key":"SMITH"},{"data":"Wish","floor":23,"key":"SMITH"},{"data":"EmptyMind","floor":25,"key":"SMITH"}],"circlet_count":0,"master_deck":["AscendersBane","Strike_P","Strike_P","Defend_P","Eruption","Vigilance","Wallop+1","Protect","EmptyMind+1","WreathOfFlame","EmptyFist+1","Meditate+1","CrushJoints+1","Wish+1","Collect+1","SashWhip+1","InnerPeace","Establishment"],"relics":["Snecko Eye","Juzu Bracelet","Turnip","Incense Burner","Molten Egg 2","SacredBark","StrikeDummy","Membership Card","Yang","Question Card","HornCleat","Lantern"],"acts_visited":["Exordium","TheCity"],"potions_floor_usage":[6,18,24,30],"damage_taken":[{"damage":4,"enemies":"Jaw Worm","floor":1,"turns":2},{"damage":0,"enemies":"Gremlin Nob","floor":6,"turns":3},{"damage":0,"enemies":"2 Louse","floor":7,"turns":2},{"damage":1,"enemies":"Small Slimes","floor":10,"turns":2},{"damage":7,"enemies":"3 Sentries","floor":11,"turns":9},{"damage":8,"enemies":"3 Sentries","floor":12,"turns":7},{"damage":3,"enemies":"Exordium Wildlife","floor":14,"turns":3},{"damage":2,"enemies":"The Guardian","floor":16,"turns":8},{"damage":3,"enemies":"2 Thieves","floor":18,"turns":4},{"damage":1,"enemies":"Spheric Guardian","floor":21,"turns":3},{"damage":34,"enemies":"Slavers","floor":24,"turns":7},{"damage":6,"enemies":"Cultist and Chosen","floor":27,"turns":5},{"damage":28,"enemies":"Gremlin Leader","floor":28,"turns":5},{"damage":36,"enemies":"Slavers","floor":30,"turns":5}],"seed_played":"-5709608038832000481","potions_obtained":[{"floor":1,"key":"Energy Potion"},{"floor":11,"key":"SkillPotion"},{"floor":14,"key":"BottledMiracle"},{"floor":21,"key":"Regen Potion"},{"floor":28,"key":"ColorlessPotion"}],"is_trial":false,"path_per_floor":["M","?","?","?","$","E","M","R","T","M","?","E","R","M","R","B",null,"M","?","?","M","$","R","E","R","T","M","E","?","E"],"character_chosen":"WATCHER","items_purchased":["Membership Card","Yang"],"campfire_rested":0,"item_purchase_floors":[22,22],"current_hp_per_floor":[57,50,50,55,55,55,55,55,55,54,47,39,39,36,36,34,63,60,60,60,59,59,59,65,65,65,59,31,31,0,0],"gold":65,"neow_bonus":"BOSS_RELIC","is_daily":false,"chose_seed":false,"campfire_upgraded":5,"win_rate":0.0,"timestamp":1608575806,"path_taken":["M","?","?","?","$","E","M","R","T","M","?","E","R","M","R","BOSS","M","?","?","M","$","R","E","R","T","M","E","?","E"],"items_purchased_type":["Relic","Relic"],"build_version":"2020-12-13","purchased_purges":1,"victory":false,"max_hp_per_floor":[68,68,68,73,73,73,73,73,73,73,73,73,73,73,73,73,73,73,73,73,73,73,73,73,73,73,73,73,73,73,73],"card_choices":[{"not_picked":["ClearTheMind","Evaluate"],"picked":"Wallop","floor":1},{"not_picked":["DeceiveReality","ConjureBlade"],"picked":"Protect","floor":6},{"not_picked":["Evaluate","Halt"],"picked":"EmptyMind","floor":7},{"not_picked":["Consecrate","BattleHymn"],"picked":"WreathOfFlame","floor":10},{"not_picked":["Crescendo","ThirdEye"],"picked":"EmptyFist","floor":11},{"not_picked":["EmptyFist+1","PathToVictory"],"picked":"Meditate","floor":12},{"not_picked":["PathToVictory","Weave+1"],"picked":"CrushJoints+1","floor":14},{"not_picked":["DeusExMachina","Devotion"],"picked":"Wish","floor":16},{"not_picked":["Consecrate+1","FlurryOfBlows+1"],"picked":"Collect+1","floor":18},{"not_picked":["Nirvana","Consecrate+1"],"picked":"SashWhip+1","floor":21},{"not_picked":["WaveOfTheHand","Fasting2"],"picked":"InnerPeace","floor":24},{"not_picked":["Prostrate","Evaluate","DeceiveReality","EmptyFist+1"],"picked":"SKIP","floor":27},{"not_picked":["ClearTheMind+1","ThirdEye","FollowUp+1"],"picked":"Establishment","floor":28}],"player_experience":829465,"relics_obtained":[{"floor":6,"key":"Juzu Bracelet"},{"floor":9,"key":"Turnip"},{"floor":11,"key":"Incense Burner"},{"floor":12,"key":"Molten Egg 2"},{"floor":24,"key":"Question Card"},{"floor":26,"key":"HornCleat"},{"floor":28,"key":"Lantern"}],"event_choices":[{"cards_removed":["Defend_P"],"damage_healed":0,"gold_gain":0,"player_choice":"Card Removal","damage_taken":7,"max_hp_gain":0,"max_hp_loss":0,"event_name":"Golden Wing","floor":2,"gold_loss":0},{"cards_removed":["Strike_P"],"damage_healed":0,"gold_gain":0,"player_choice":"Card Removal","damage_taken":0,"max_hp_gain":0,"max_hp_loss":0,"event_name":"The Cleric","floor":3,"gold_loss":75},{"damage_healed":0,"gold_gain":0,"player_choice":"Donut","damage_taken":0,"max_hp_gain":5,"max_hp_loss":0,"event_name":"Big Fish","floor":4,"gold_loss":0},{"damage_healed":0,"gold_gain":30,"player_choice":"Searched \u00272\u0027 times","damage_taken":0,"max_hp_gain":0,"max_hp_loss":0,"event_name":"Dead Adventurer","floor":11,"gold_loss":0},{"cards_removed":["Defend_P"],"damage_healed":0,"gold_gain":0,"player_choice":"Elegance","damage_taken":0,"max_hp_gain":0,"max_hp_loss":0,"event_name":"Back to Basics","floor":19,"gold_loss":0},{"damage_healed":0,"gold_gain":0,"player_choice":"Gave Potion","damage_taken":0,"relics_obtained":["StrikeDummy"],"max_hp_gain":0,"max_hp_loss":0,"event_name":"WeMeetAgain","floor":20,"gold_loss":0},{"cards_removed":["Defend_P"],"damage_healed":0,"gold_gain":0,"player_choice":"Gave Gold","damage_taken":0,"max_hp_gain":0,"max_hp_loss":0,"event_name":"Beggar","floor":29,"gold_loss":75}],"is_beta":false,"boss_relics":[{"not_picked":["Velvet Choker","Runic Dome"],"picked":"SacredBark"}],"items_purged_floors":[22],"is_endless":false,"potions_floor_spawned":[1,11,14,21,28],"killed_by":"Slavers","ascension_level":19}}