{"host":"hqvh779b89tfrjxy","time":1608528966,"event":{"mods":["Act Like it!","BaseMod","Better Third Choice","Downfall","Elementarium","Filter the Spire","GifTheSpireLib","Marked Mod","Minty Spire (QoL Compilation)","Replay The Spire","Spicy Shops","StSLib"],"gold_per_floor":[118,118,133,146,146,146,174,192,241,270,80,106,118,130,130,225,225,244,256,256,25,325,325,325],"floor_reached":23,"playtime":2393,"items_purged":["Strike_P","Strike_P"],"score":392,"play_id":"ed19c843-ddb2-4a79-921b-b773b1f2f230","local_time":"20201221063606","is_ascension_mode":true,"campfire_choices":[{"data":"Vigilance","floor":6,"key":"SMITH"},{"data":"expansioncontent:Chronoboost","floor":15,"key":"SMITH"}],"circlet_count":0,"master_deck":["AscendersBane","Strike_P","Defend_P","Defend_P","Defend_P","Defend_P","Eruption","Vigilance+1","Wallop","EmptyFist","CutThroughFate","Battle Trance+1","FollowUp","InnerPeace","FearNoEvil","expansioncontent:Chronoboost+1","Consecrate","FollowUp","Devotion","Crescendo+1","Elementarium:StickyTar"],"relics":["PureWater","Tiny Chest","Strawberry","Regal Pillow","Question Card","Fusion Hammer","Toxic Egg 2","Bottled Lightning","Old Coin"],"acts_visited":["Exordium","Elementarium:Elementarium"],"potions_floor_usage":[7,7,16],"damage_taken":[{"damage":0,"enemies":"Small Slimes","floor":1,"turns":3},{"damage":4,"enemies":"2 Louse","floor":3,"turns":3},{"damage":0,"enemies":"Jaw Worm","floor":4,"turns":3},{"damage":8,"enemies":"Lagavulin","floor":7,"turns":7},{"damage":0,"enemies":"Red Slaver","floor":8,"turns":2},{"damage":8,"enemies":"3 Sentries","floor":10,"turns":6},{"damage":23,"enemies":"Gremlin Nob","floor":12,"turns":4},{"damage":1,"enemies":"Exordium Thugs","floor":13,"turns":3},{"damage":0,"enemies":"Large Slime","floor":14,"turns":3},{"damage":0,"enemies":"Slime Boss","floor":16,"turns":4},{"damage":0,"enemies":"Elementarium:2_ELEMENTALS","floor":18,"turns":3},{"damage":13,"enemies":"Elementarium:MUD_AND_TAR_GOLEMS","floor":19,"turns":3},{"damage":11,"enemies":"Elementarium:ElementalPortal","floor":23,"turns":4}],"seed_played":"-3990252285990994548","potions_obtained":[{"floor":1,"key":"PowerPotion"},{"floor":3,"key":"Flashbang"},{"floor":14,"key":"SkillPotion"}],"is_trial":false,"path_per_floor":["M","?","M","M","?","R","E","M","T","E","$","E","M","M","R","B",null,"M","M","T","$","T","E"],"character_chosen":"WATCHER","items_purchased":["expansioncontent:Chronoboost","Bottled Lightning"],"campfire_rested":0,"item_purchase_floors":[11,21],"current_hp_per_floor":[65,65,61,61,45,45,44,44,44,36,36,13,12,12,12,12,62,62,49,49,49,49,38,38],"gold":325,"neow_bonus":"THREE_CARDS","is_daily":false,"chose_seed":false,"campfire_upgraded":2,"win_rate":0.0,"timestamp":1608528966,"path_taken":["M","?","M","M","?","R","E","M","T","E","?","E","M","M","R","BOSS","M","M","?","?","?","E"],"items_purchased_type":["Card","Relic"],"build_version":"2020-12-13","purchased_purges":2,"victory":false,"max_hp_per_floor":[72,72,72,72,72,72,79,79,79,79,79,79,79,79,79,79,79,79,79,79,79,79,79,79],"card_choices":[{"not_picked":["Crescendo","EmptyFist"],"picked":"Wallop","floor":0},{"not_picked":["Replay:ManipulateFuture","Adaptation"],"picked":"EmptyFist","floor":1},{"not_picked":["Replay:ManipulateFuture","FlyingSleeves"],"picked":"CutThroughFate","floor":3},{"not_picked":["EmptyFist","Wireheading","MarkedMod:GentlePulse"],"picked":"SKIP","floor":4},{"not_picked":["FlyingSleeves","Halt"],"picked":"FollowUp","floor":7},{"not_picked":["InnerPeace","EmptyFist","EmptyMind"],"picked":"SKIP","floor":8},{"not_picked":["EmptyFist","EmptyMind"],"picked":"InnerPeace","floor":8},{"not_picked":["ThirdEye","Meditate"],"picked":"FearNoEvil","floor":10},{"not_picked":["ConjureBlade","WheelKick","Replay:DivineShield"],"picked":"SKIP","floor":12},{"not_picked":["CutThroughFate","MarkedMod:Acupuncture","PathToVictory"],"picked":"Consecrate","floor":13},{"not_picked":["Pray","MarkedMod:FirstStrike","JustLucky"],"picked":"FollowUp","floor":14},{"not_picked":["MarkedMod:NorthStar","DeusExMachina","MarkedMod:SlowDance"],"picked":"Devotion","floor":16},{"not_picked":["Replay:AtTheReady+1","MarkedMod:Acupuncture+1","EmptyBody+1"],"picked":"Crescendo+1","floor":18},{"not_picked":["EmptyMind","Replay:BluntJabs+1","MarkedMod:GracefulMovements+1","Study"],"picked":"SKIP","floor":19}],"player_experience":153273,"relics_obtained":[{"floor":7,"key":"Strawberry"},{"floor":10,"key":"Regal Pillow"},{"floor":12,"key":"Question Card"},{"floor":20,"key":"Toxic Egg 2"},{"floor":22,"key":"Old Coin"}],"event_choices":[],"is_beta":false,"boss_relics":[{"not_picked":["Snecko Eye","SacredBark"],"picked":"Fusion Hammer"}],"items_purged_floors":[11,21],"is_endless":false,"potions_floor_spawned":[1,3,14],"killed_by":"Elementarium:ElementalPortal","ascension_level":10}}