{"host":"27cnk69rbdk9vsnt","time":1608560341,"event":{"mods":["BaseMod","CatGirl Mod","Ekko","Energized Spire","JesterMod","Mimic Mod","Minty Spire (QoL Compilation)","Shade Mod","Shop Mod","StSLib","The Spell Scribe","Thieving Mod"],"gold_per_floor":[119,44,44,56,68,68,82,82,82,109,127,147,181,356,356,452,452,465,32,31,31,31,31,58,58,58,58,88,108,108,124,124,220,220,231,231,231],"floor_reached":36,"playtime":3469,"items_purged":["jesterMod:Strike","jesterMod:Strike"],"score":412,"play_id":"a8268cba-a42c-49fd-99cc-2363540afe4c","local_time":"20201221151901","is_ascension_mode":false,"campfire_choices":[{"data":"jesterMod:Precipitation","floor":6,"key":"SMITH"},{"floor":15,"key":"REST"},{"data":"jesterMod:FlameDance","floor":23,"key":"SMITH"},{"floor":25,"key":"REST"},{"floor":30,"key":"REST"},{"data":"jesterMod:Leeches","floor":32,"key":"SMITH"}],"circlet_count":0,"master_deck":["jesterMod:Strike","jesterMod:Strike","jesterMod:Sickle","jesterMod:Defend","jesterMod:Defend","jesterMod:Defend","jesterMod:Defend","jesterMod:Dodge","jesterMod:DanceOfChaos","jesterMod:FlameDance+1","jesterMod:Precipitation","jesterMod:Precipitation+1","jesterMod:ButterKnife","jesterMod:ExperimentalTreatment","jesterMod:Procrastination","Doubt","jesterMod:Leeches+1","jesterMod:SelfMockery+1","jesterMod:Prankster","jesterMod:FlameDance+1","Shame","jesterMod:Squander","jesterMod:JugglerBlade+1","Clumsy","jesterMod:Contradiction+1","jesterMod:Mending","jesterMod:Exasperation","jesterMod:Contradiction+1","jesterMod:ExperimentalTreatment","Normality","jesterMod:Exasperation","jesterMod:JackInTheBox","jesterMod:Rebuff"],"relics":["jesterMod:JesterCap","Kunai","Lizard Tail","Thread and Needle","Tiny Chest","energizedSpire:CursedPentagram","Torii","HornCleat","Nloth\u0027s Gift","Dream Catcher","Art of War","InkBottle","Happy Flower","energizedSpire:StickyHand"],"acts_visited":["Exordium","TheCity","TheBeyond"],"potions_floor_usage":[13,16,16,33,35],"damage_taken":[{"damage":0,"enemies":"2 Louse","floor":1,"turns":3},{"damage":6,"enemies":"Small Slimes","floor":4,"turns":4},{"damage":6,"enemies":"Cultist","floor":5,"turns":3},{"damage":5,"enemies":"Blue Slaver","floor":7,"turns":4},{"damage":28,"enemies":"3 Sentries","floor":10,"turns":8},{"damage":9,"enemies":"Exordium Thugs","floor":11,"turns":4},{"damage":1,"enemies":"Looter","floor":12,"turns":3},{"damage":6,"enemies":"Gremlin Nob","floor":13,"turns":4},{"damage":26,"enemies":"The Guardian","floor":16,"turns":11},{"damage":15,"enemies":"3 Byrds","floor":18,"turns":5},{"damage":0,"enemies":"2 Thieves","floor":20,"turns":4},{"damage":75,"enemies":"Slavers","floor":24,"turns":5},{"damage":13,"enemies":"Book of Stabbing","floor":28,"turns":5},{"damage":57,"enemies":"Cultist and Chosen","floor":29,"turns":10},{"damage":8,"enemies":"Snake Plant","floor":31,"turns":4},{"damage":52,"enemies":"Collector","floor":33,"turns":10},{"damage":49,"enemies":"Orb Walker","floor":35,"turns":7},{"damage":44,"enemies":"3 Shapes","floor":36,"turns":3}],"seed_played":"5090114801462736745","potions_obtained":[{"floor":1,"key":"LiquidBronze"},{"floor":10,"key":"Fire Potion"},{"floor":13,"key":"PowerPotion"},{"floor":20,"key":"DuplicationPotion"},{"floor":28,"key":"Ancient Potion"},{"floor":29,"key":"Fire Potion"},{"floor":31,"key":"Regen Potion"}],"is_trial":false,"path_per_floor":["M","$","?","M","M","R","M","?","T","E","M","M","E","?","R","B",null,"M","$","M","?","?","R","E","R","T","T","E","M","R","M","R","B",null,"M","M"],"character_chosen":"THE_JESTER","items_purchased":["Torii","jesterMod:Prankster"],"campfire_rested":3,"item_purchase_floors":[19,19],"current_hp_per_floor":[70,70,70,64,58,58,53,53,53,25,16,15,9,9,30,8,70,70,70,70,70,70,70,11,32,32,32,38,6,27,19,19,69,70,32,0,0],"gold":231,"neow_bonus":"THREE_CARDS","is_daily":false,"chose_seed":false,"campfire_upgraded":3,"win_rate":0.0,"timestamp":1608560341,"path_taken":["M","$","?","M","M","R","M","?","T","E","M","M","E","?","R","BOSS","M","$","M","?","?","R","E","R","T","?","E","M","R","M","R","BOSS","M","M"],"items_purchased_type":["Relic","Card"],"build_version":"2020-12-13","purchased_purges":2,"victory":false,"max_hp_per_floor":[70,70,70,70,70,70,70,70,70,70,70,70,70,70,70,70,70,70,70,70,70,70,70,70,70,70,70,70,70,70,70,70,70,70,70,70,70],"card_choices":[{"not_picked":["jesterMod:Procrastination","jesterMod:ButterKnife"],"picked":"jesterMod:DanceOfChaos","floor":0},{"not_picked":["jesterMod:Feint","jesterMod:SmokeScreen"],"picked":"jesterMod:FlameDance","floor":1},{"not_picked":["jesterMod:Rebuff","jesterMod:SmokeScreen"],"picked":"jesterMod:Precipitation","floor":4},{"not_picked":["jesterMod:Pause","jesterMod:Haste"],"picked":"jesterMod:Precipitation","floor":5},{"not_picked":["jesterMod:Patience","jesterMod:Hide","jesterMod:ButterKnife"],"picked":"SKIP","floor":7},{"not_picked":["jesterMod:Taunt","jesterMod:Loot"],"picked":"jesterMod:ButterKnife","floor":10},{"not_picked":["jesterMod:Anticipation","jesterMod:Hide"],"picked":"jesterMod:ExperimentalTreatment","floor":11},{"not_picked":["jesterMod:QuickStrike","jesterMod:SwiftDodge"],"picked":"jesterMod:Procrastination","floor":12},{"not_picked":["jesterMod:Feint","jesterMod:Tinker","jesterMod:SmokeScreen"],"picked":"SKIP","floor":13},{"not_picked":["jesterMod:Frustration","jesterMod:Drunkenness"],"picked":"jesterMod:Leeches","floor":16},{"not_picked":["jesterMod:Feint","jesterMod:SmokeScreen+1"],"picked":"jesterMod:SelfMockery+1","floor":18},{"not_picked":["jesterMod:OblivionStrike","jesterMod:BouncingKnife"],"picked":"jesterMod:FlameDance","floor":20},{"not_picked":["jesterMod:Tinker","jesterMod:Illness"],"picked":"jesterMod:Squander","floor":24},{"not_picked":["jesterMod:DancingMad","jesterMod:Discretion"],"picked":"jesterMod:JugglerBlade+1","floor":25},{"not_picked":["jesterMod:ButterflyDance","jesterMod:Trance"],"picked":"jesterMod:Contradiction+1","floor":28},{"not_picked":["jesterMod:JugglerBlade","jesterMod:HitAndRun"],"picked":"jesterMod:Mending","floor":29},{"not_picked":["jesterMod:Disposophobia","jesterMod:Frenzy"],"picked":"jesterMod:Exasperation","floor":30},{"not_picked":["jesterMod:Encore","jesterMod:Tinker"],"picked":"jesterMod:Contradiction+1","floor":31},{"not_picked":["jesterMod:Trance","jesterMod:HedgehogForm"],"picked":"jesterMod:ExperimentalTreatment","floor":33},{"not_picked":["jesterMod:JackInTheBox","jesterMod:Rebuff"],"picked":"jesterMod:Exasperation","floor":35}],"player_experience":490816,"relics_obtained":[{"floor":9,"key":"Lizard Tail"},{"floor":10,"key":"Thread and Needle"},{"floor":13,"key":"Tiny Chest"},{"floor":24,"key":"Dream Catcher"},{"floor":26,"key":"Art of War"},{"floor":27,"key":"InkBottle"},{"floor":28,"key":"Happy Flower"}],"event_choices":[{"damage_healed":0,"gold_gain":0,"player_choice":"Grow","damage_taken":0,"max_hp_gain":0,"max_hp_loss":0,"event_name":"Living Wall","floor":3,"gold_loss":0,"cards_upgraded":["jesterMod:FlameDance"]},{"damage_healed":0,"gold_gain":0,"player_choice":"Searched \u00272\u0027 times","damage_taken":0,"relics_obtained":["Girya"],"max_hp_gain":0,"max_hp_loss":0,"event_name":"Dead Adventurer","floor":8,"gold_loss":0},{"damage_healed":0,"gold_gain":175,"player_choice":"AGREE","damage_taken":0,"max_hp_gain":0,"max_hp_loss":0,"event_name":"Liars Game","floor":14,"gold_loss":0,"cards_obtained":["Doubt"]},{"damage_healed":0,"gold_gain":0,"player_choice":"Stole Relic","damage_taken":0,"relics_obtained":["HornCleat"],"max_hp_gain":0,"max_hp_loss":0,"event_name":"Addict","floor":21,"gold_loss":0,"cards_obtained":["Shame"]},{"damage_healed":0,"gold_gain":0,"player_choice":"Traded Relic","damage_taken":0,"relics_obtained":["Nloth\u0027s Gift"],"max_hp_gain":0,"max_hp_loss":0,"event_name":"N\u0027loth","floor":22,"relics_lost":["Girya"],"gold_loss":0}],"is_beta":false,"boss_relics":[{"not_picked":["Cursed Key","Snecko Eye"],"picked":"energizedSpire:CursedPentagram"},{"not_picked":["Black Star","energizedSpire:EnergizedDie"],"picked":"energizedSpire:StickyHand"}],"items_purged_floors":[2,19],"is_endless":false,"potions_floor_spawned":[1,10,13,20,28,29,31],"killed_by":"3 Shapes","ascension_level":0}}