{"host":"cccop0r9ue4xv1s4","time":1608538109,"event":{"mods":["AchievementEnabler","BaseMod","Downfall","Marisa¡]Ãú«B¡@Å]²z¨F¡^","Minty Spire (QoL Compilation)","Quick Restart","Shop Mod","StSLib","SuperFastMode","The Bug Knight","The Cursed","The Servant 0.9.4"],"gold_per_floor":[99,99,99,99247,99247,99302,99302,99312,99338,99338,99338,99352,99052,99065,99084,99186,99186,99186,99286,99303,99315,99315,98444,98471,98396,97491,97523,97543,97543,97643,97973,97984,98088,98088,98013,98027,98078,98078,98096,98396,98419,98469,98469,98469,98492,97805,97251,96752,96763,96763],"floor_reached":51,"playtime":3239,"items_purged":["Regret","HollowMod:QuickDashStart","HollowMod:QuickDashStart"],"score":782,"play_id":"9fad23db-ec9b-42b0-9d8f-29ecc65c3855","local_time":"20201221160829","is_ascension_mode":false,"campfire_choices":[{"data":"HollowMod:PogoStrike","floor":1.0,"key":"SMITH"},{"data":"HollowMod:SlysStrikes","floor":10.0,"key":"SMITH"},{"floor":18.0,"key":"RECALL"},{"data":"Mayhem","floor":25.0,"key":"SMITH"},{"data":"HollowMod:AwokenDreamNail","floor":35,"key":"SMITH"},{"data":"HollowMod:CloakDash","floor":38,"key":"SMITH"},{"data":"HollowMod:CloakDash","floor":44,"key":"SMITH"}],"circlet_count":0,"master_deck":["HollowMod:NailStrikeStart","HollowMod:NailStrikeStart","HollowMod:NailStrikeStart","HollowMod:NailStrikeStart","HollowMod:QuickDashStart","HollowMod:QuickDashStart","HollowMod:PogoStrike+1","HollowMod:GoodIntentions","HollowMod:LifebloodCore","HollowMod:GoodIntentions","HollowMod:CloakDash+1","HollowMod:ZotesMagnificence","HollowMod:Hiveblood","HollowMod:SoulVessel","HollowMod:VengefulSpirit","HollowMod:CornifersMapStart","HollowMod:SlysStrikes+1","HollowMod:NewLastStag","HollowMod:SoulSplash","HollowMod:MantisMark","Mayhem+1","HollowMod:CloakDash+1","HollowMod:CloakDash","Necronomicurse","HollowMod:AwokenDreamNail+1","HollowMod:SlysStrikes+1","Panache+1"],"relics":["HollowMod:VesselMask","downfall:HeartsMalice","Shuriken","Kunai","Juzu Bracelet","Orrery","CaptainsWheel","Eternal Feather","StrikeDummy","Mummified Hand","Philosopher\u0027s Stone","HollowMod:KingsBrand","Meat on the Bone","TheAbacus","Bronze Scales","downfall:HeartBlessingRed","Strange Spoon","Bird Faced Urn","Bottled Lightning","Darkstone Periapt","Necronomicon","Coffee Dripper","downfall:HeartBlessingGreen","Turnip","PreservedInsect","Dead Branch","CeramicFish","Potion Belt","White Beast Statue","DollysMirror","Question Card","Anchor","Toolbox","Membership Card","Frozen Egg 2","Bag of Preparation","MerchantsRug"],"acts_visited":["Exordium","TheCity","TheBeyond"],"potions_floor_usage":[32,33,33],"damage_taken":[{"damage":0.0,"enemies":"Jaw Worm","floor":3.0,"turns":1.0},{"damage":0.0,"enemies":"downfall:FleeingMerchant","floor":4.0,"turns":1.0},{"damage":0.0,"enemies":"Small Slimes","floor":5.0,"turns":1.0},{"damage":31.0,"enemies":"3 Sentries","floor":6.0,"turns":8.0},{"damage":14.0,"enemies":"2 Louse","floor":8.0,"turns":6.0},{"damage":34.0,"enemies":"Lagavulin","floor":9.0,"turns":8.0},{"damage":22.0,"enemies":"Blue Slaver","floor":12.0,"turns":4.0},{"damage":26.0,"enemies":"Lots of Slimes","floor":14.0,"turns":6.0},{"damage":5.0,"enemies":"Exordium Thugs","floor":15.0,"turns":3.0},{"damage":33.0,"enemies":"downfall:Ironclad","floor":16.0,"turns":7.0},{"damage":24.0,"enemies":"3 Byrds","floor":20.0,"turns":6.0},{"damage":10.0,"enemies":"Chosen","floor":21.0,"turns":3.0},{"damage":25.0,"enemies":"downfall:FleeingMerchant","floor":23.0,"turns":4.0},{"damage":25.0,"enemies":"downfall:FleeingMerchant","floor":26.0,"turns":4.0},{"damage":26.0,"enemies":"HollowMod:Nosk","floor":27.0,"turns":5.0},{"damage":14.0,"enemies":"Snake Plant","floor":28.0,"turns":4.0},{"damage":35.0,"enemies":"downfall:FleeingMerchant","floor":31.0,"turns":3.0},{"damage":7,"enemies":"Centurion and Healer","floor":32,"turns":2},{"damage":16,"enemies":"downfall:Watcher","floor":33,"turns":7},{"damage":0,"enemies":"3 Shapes","floor":36,"turns":3},{"damage":0,"enemies":"2 Orb Walkers","floor":37,"turns":4},{"damage":10,"enemies":"3 Darklings","floor":39,"turns":3},{"damage":33,"enemies":"Mind Bloom Boss Battle","floor":42,"turns":4},{"damage":10,"enemies":"Spire Growth","floor":49,"turns":2},{"damage":0,"enemies":"downfall:Silent","floor":50,"turns":4}],"seed_played":"-5788376452729426562","potions_obtained":[{"floor":6.0,"key":"Fruit Juice"},{"floor":8.0,"key":"EssenceOfSteel"},{"floor":9.0,"key":"Block Potion"},{"floor":16.0,"key":"SpeedPotion"},{"floor":20.0,"key":"PowerPotion"},{"floor":27.0,"key":"AttackPotion"},{"floor":33,"key":"Swift Potion"},{"floor":36,"key":"BlessingOfTheForge"},{"floor":42,"key":"champ:CounterPotion"}],"is_trial":false,"path_per_floor":["R","?","M","$","M","?","T","M","E","R","T","M","?","M","M","B",null,"R","?","M","M","?","$","T","R","$","E","M","?","?","$","M","B",null,"R","M","?","R","M","?","T","?","?","R","T","$","$","$","M","B",null],"character_chosen":"THE_BUGKNIGHT","items_purchased":["Strength Potion","HollowMod:GoodIntentions","Kunai","Juzu Bracelet","Orrery","Fire Potion","GamblersBrew","HollowMod:KingsBrand","Meat on the Bone","TheAbacus","Mayhem","Strange Spoon","Bird Faced Urn","Bottled Lightning","Energy Potion","Potion Belt","White Beast Statue","DollysMirror","AttackPotion","Slimebound:ThreeZeroPotion","Question Card","Anchor","Toolbox","Membership Card","Frozen Egg 2","Bag of Preparation","MerchantsRug","Panache+1"],"campfire_rested":0,"item_purchase_floors":[4,4,4,4,4,4,4,23,23,23,23,26,26,26,26,46,46,46,46,46,47,47,47,48,48,48,48,48],"current_hp_per_floor":[75,75,75,75,75,74,74,80,61,73,73,63,63,62,57,38,80,80,80,80,79,79,74,74,80,69,67,68,58,58,47,46,60,86,86,86,86,86,86,86,86,63,63,78,78,78,78,78,86,86],"gold":96763,"neow_bonus":"THREE_ENEMY_KILL","is_daily":false,"chose_seed":false,"campfire_upgraded":6,"win_rate":0.0,"timestamp":1608538109,"path_taken":["R","?","M","$","M","?","T","M","E","R","?","M","?","M","M","BOSS","R","?","M","M","?","$","T","R","$","E","M","?","?","?","M","BOSS","R","M","?","R","M","?","T","?","?","R","?","?","$","$","M","BOSS"],"items_purchased_type":["Potion","Card","Relic","Relic","Relic","Potion","Potion","Relic","Relic","Relic","Card","Relic","Relic","Relic","Potion","Relic","Relic","Relic","Potion","Potion","Relic","Relic","Relic","Relic","Relic","Relic","Relic","Card"],"build_version":"2020-12-13","purchased_purges":3,"victory":true,"max_hp_per_floor":[75,75,75,75,75,80,80,80,80,80,80,80,80,80,80,80,80,80,80,80,80,80,80,80,80,80,80,80,86,86,86,86,86,86,86,86,86,86,86,86,86,86,86,86,86,86,86,86,86,86],"card_choices":[{"not_picked":["HollowMod:TaintedHusks","HollowMod:CornifersMapStart"],"picked":"HollowMod:GoodIntentions","floor":3.0},{"not_picked":["HollowMod:NewJinnsSoul","HollowMod:DoubleDash"],"picked":"HollowMod:LifebloodCore","floor":4.0},{"not_picked":["HollowMod:LifebloodCocoon","HollowMod:TaintedHusks"],"picked":"HollowMod:CloakDash","floor":4.0},{"not_picked":["HollowMod:DoubleDash","HollowMod:ShapeofUnn"],"picked":"HollowMod:ZotesMagnificence","floor":4.0},{"not_picked":["HollowMod:SoulStrike","HollowMod:CloakDash"],"picked":"HollowMod:Hiveblood","floor":4.0},{"not_picked":["HollowMod:DreamGate","HollowMod:SoulStrike"],"picked":"HollowMod:SoulVessel","floor":4.0},{"not_picked":["HollowMod:HeavyBlow","HollowMod:ChannelNail","HollowMod:NewGlowingWomb"],"picked":"SKIP","floor":5.0},{"not_picked":["HollowMod:MothsMistake","HollowMod:DashSlash"],"picked":"HollowMod:VengefulSpirit","floor":6.0},{"not_picked":["HollowMod:VengefulVoid","HollowMod:InfectedAttack"],"picked":"HollowMod:CornifersMapStart","floor":8.0},{"not_picked":["HollowMod:DescendingDark","HollowMod:NewLittleFool"],"picked":"HollowMod:SlysStrikes","floor":9.0},{"not_picked":["HollowMod:BlackTendrils","HollowMod:TaintedHusks","HollowMod:ShapeofUnn"],"picked":"SKIP","floor":12.0},{"not_picked":["HollowMod:TaintedHusks","HollowMod:CornifersMapStart","HollowMod:SoulStrike"],"picked":"SKIP","floor":14.0},{"not_picked":["HollowMod:SharpenedShadows","HollowMod:SoulShaman","HollowMod:GrimmsGift"],"picked":"SKIP","floor":15.0},{"not_picked":["HollowMod:GrimmsGift+1","HollowMod:WraithStrike","HollowMod:ShadowDash+1"],"picked":"SKIP","floor":20.0},{"not_picked":["HollowMod:NewJinnsSoul","HollowMod:RecoilStrike"],"picked":"HollowMod:SoulSplash","floor":21.0},{"not_picked":["HollowMod:SharpenedShadows","HollowMod:NewLittleFool","HollowMod:SoulShaman+1"],"picked":"SKIP","floor":23.0},{"not_picked":["HollowMod:DashSlash","HollowMod:SoulEater"],"picked":"HollowMod:CloakDash","floor":26.0},{"not_picked":["HollowMod:FallenFury","HollowMod:WraithStrike","HollowMod:MothsMistake"],"picked":"SKIP","floor":27.0},{"not_picked":["HollowMod:DungDefenderAura+1","HollowMod:DesolateDive"],"picked":"HollowMod:CloakDash","floor":28.0},{"not_picked":["HollowMod:LifebloodCocoon+1","HollowMod:HowlingWraiths","HollowMod:HeavyBlow"],"picked":"SKIP","floor":32},{"not_picked":["HollowMod:ZotesMagnificence","HollowMod:NewInfectedGuardian"],"picked":"HollowMod:AwokenDreamNail","floor":33},{"not_picked":["HollowMod:VengefulVoid+1","HollowMod:DreamGate+1","HollowMod:SoulShaman"],"picked":"SKIP","floor":36},{"not_picked":["HollowMod:CloakDash","HollowMod:GoodIntentions+1","HollowMod:ChannelNail+1"],"picked":"SKIP","floor":39},{"not_picked":["HollowMod:GoodIntentions+1","HollowMod:DescendingDark","HollowMod:SharpenedNail+1","HollowMod:SiblingsSouls+1"],"picked":"SKIP","floor":49}],"player_experience":298679,"relics_obtained":[{"floor":7.0,"key":"Eternal Feather"},{"floor":9.0,"key":"StrikeDummy"},{"floor":11.0,"key":"Mummified Hand"},{"floor":24.0,"key":"Bronze Scales"},{"floor":27.0,"key":"Darkstone Periapt"},{"floor":29.0,"key":"Necronomicon"},{"floor":37,"key":"Turnip"},{"floor":41,"key":"PreservedInsect"},{"floor":42,"key":"Dead Branch"},{"floor":45,"key":"CeramicFish"}],"event_choices":[{"damage_healed":0.0,"max_hp_gain":0.0,"max_hp_loss":0.0,"gold_gain":0.0,"event_name":"Big Fish","player_choice":"Box","floor":2.0,"gold_loss":0.0,"damage_taken":0.0,"relics_obtained":["Shuriken"],"cards_obtained":["Regret"]},{"damage_healed":0.0,"max_hp_gain":0.0,"max_hp_loss":0.0,"gold_gain":0.0,"event_name":"The Library","player_choice":"Read","floor":22.0,"gold_loss":0.0,"damage_taken":0.0,"cards_obtained":["HollowMod:MantisMark"]},{"damage_healed":0,"gold_gain":0,"player_choice":"Fight","damage_taken":0,"max_hp_gain":0,"max_hp_loss":0,"event_name":"Mysterious Sphere","floor":37,"gold_loss":0},{"damage_healed":0,"gold_gain":300,"player_choice":"Gold","damage_taken":0,"max_hp_gain":0,"max_hp_loss":0,"event_name":"Wheel of Change","floor":40,"gold_loss":0},{"cards_removed":["HollowMod:FocusHealStart"],"damage_healed":0,"gold_gain":0,"player_choice":"Removed Skill","damage_taken":0,"max_hp_gain":0,"max_hp_loss":0,"event_name":"Falling","floor":43,"gold_loss":0}],"is_beta":false,"boss_relics":[{"not_picked":["Busted Crown","Calling Bell"],"picked":"Philosopher\u0027s Stone"},{"not_picked":["Snecko Eye","Velvet Choker"],"picked":"Coffee Dripper"}],"items_purged_floors":[4,23,26],"is_endless":false,"potions_floor_spawned":[6,8,9,12,14,16,20,27,33,36,42,49],"ascension_level":0}}