{"host":"8g0y046lq89z3gxm","time":1608529455,"event":{"mods":["2.2 Compatiblity","A Magickal Journey","Abigail Mod","AchievementEnabler","Act Like it!","Aspiration","Astrologer","BaseMod","Better Note","Better Sensory Stone","Better Third Choice","Better Vampires","BetterRewards","CapriCore","Colored Powertips","Conspire","Custom Start","DeckTracker","Defuse TimeMaze Blight","Dota2Spire","Downfall","Energized Spire","Friendly Minions","Gensokyo","GifTheSpireLib","GungeonMod","Halation","Hallownest","Hermit","HololiveMod","Hubris","Infinite Spire","KiyohimeÅiê¥?Åj","Koishi","KomeijiMod","Lobotomy","LobotomyExtend","MarisaÅiñ∂âJÅ@ñÇóùçπÅj","Minty Spire (QoL Compilation)","MostiFishMod","Permanent Neow","Prisma Mod","Quarter Circle Forward PUNCH!","Railgun Mod","Rare Cards Sparkle","Relic Stats","Replay The Spire","RumiaBox-òIïƒ?ìIê_îÈ·¥éq","Shade Mod","Shop Mod","Small Relic Pack","Spicy Shops","Spire Birthday Party","StSLib","Stuff the Spire","TestMod","The Alterego","The Animator","The Blue Laboratory","The Cursed","The Forsaken","The Gatherer","The Hierophant","The Wild Card","TheSwordswoman","Uncapped","Unceasing Turn Reminder","Wandering Minibosses","WarShipGirlsR/??è≠èóR mod","Yohane!","vexMod","Åy?ï˚ìÒéü?çÏÅzî™â]éámod","Åy?ï®?îvÅzREMEMod"],"gold_per_floor":[99,112,37,65,3,3,83,96,123,48,48,62,77,87,101,202,202,202,202,213,213,213,441,519,546,546,471,488,431,445,516,536,639,639,639,653,703,722,722,736,759,759,773,773,82,107,107,107,125,140,140,186,12,12,98],"floor_reached":56,"playtime":6408,"items_purged":[],"score":1452,"play_id":"0b9302aa-54f8-44f2-a63e-423711349e04","local_time":"20201220214415","is_ascension_mode":false,"campfire_choices":[{"floor":1,"key":"RECALL"},{"data":"champ:Taunt","floor":3,"key":"SMITH"},{"floor":10,"key":"DIG"},{"floor":18,"key":"DIG"},{"floor":22,"key":"DIG"},{"floor":27,"key":"DIG"},{"floor":35,"key":"DIG"},{"floor":42,"key":"DIG"},{"data":"champ:VampiricStrike","floor":44,"key":"SMITH"},{"floor":54,"key":"DIG"}],"circlet_count":0,"master_deck":["champ:Strike","champ:Strike","champ:Strike","champ:Defend","champ:Defend","champ:Defend","champ:Defend","champ:Execute","champ:Taunt+1","champ:RisingSlash","champ:FanOfKnives+1","champ:Shatter","champ:Backstep+1","champ:EnragedBash","champ:TornadoPunch","champ:GladiatorsShout","champ:GutPunch","champ:BringItOn","champ:VampiricStrike+1","infinitespire:DeathsTouch","champ:StanceDance+1","champ:FocusedBerserking+1","testmod-HandmadeProducts","champ:FlashCut+1","champ:BladeFlurry","champ:ArenaPreparation","champ:AdrenalArmor+1","champ:RecklessLeap","champ:Devastate","champ:Backstep","champ:TornadoPunch","champ:Lariat","champ:RapidStrikes+1","champ:IronFortress","champ:AdrenalArmor","champ:HoldFirm","champ:DeathBlow","champ:ShieldThrow"],"relics":["champ:ChampionCrown","testmod-TestBox","DaveBox","REME_ComplimentaryCards","testmod-ArcanaOfDestiny","DemoMod:WhiteGuonStone","LetterFromLob","downfall:HeartBlessingRed","Ice Cream","Onion Ring","Shovel","downfall:HeartBlessingGreen","ThornShield","LaetitiaHeart","ImportantClient","Replay:Drink Me","vexMod:CardConverter","Replay:Wax Seal","DemoMod:GlassGuonStoneRelic","infinitespire:Eraser","JellyFishMachine","wanderingMiniBosses:ThiefScarf","Smiling Mask","downfall:HeartBlessingBlue","theForsaken:ScaryMask","aspiration:SeaSaltIceCream","LetterFromLob","qcfpunch:Dark_Gi","Dota2Spire:EyeOfSkadi","testmod-Acrobat","hubris:DeckOfHolding","infinitespire:Bottled Soul","testmod-BlackFramedGlasses","theForsaken:Lifeblossom","vexMod:HeadHunter","relicPack:DarknessArmor","InspiredRelic","Dota2Spire:BlackKingBar","aspiration:HiddenCompartment","infinitespire:Joker Card","REME_CardOfGreed","Shuriken"],"acts_visited":["Exordium","TheCity","TheBeyond","TheEnding"],"potions_floor_usage":[16,32,37,52],"damage_taken":[{"damage":8,"enemies":"2 Louse","floor":2,"turns":3},{"damage":7,"enemies":"Gremlin Nob","floor":4,"turns":3},{"damage":19,"enemies":"downfall:FleeingMerchant","floor":5,"turns":4},{"damage":0,"enemies":"Cultist","floor":8,"turns":1},{"damage":15,"enemies":"Lagavulin","floor":9,"turns":3},{"damage":0,"enemies":"Small Slimes","floor":12,"turns":2},{"damage":7,"enemies":"Large Slime","floor":13,"turns":2},{"damage":5,"enemies":"Exordium Wildlife","floor":14,"turns":2},{"damage":2,"enemies":"3 Louse","floor":15,"turns":2},{"damage":11,"enemies":"downfall:Watcher","floor":16,"turns":4},{"damage":0,"enemies":"Spheric Guardian","floor":20,"turns":1},{"damage":25,"enemies":"downfall:FleeingMerchant","floor":23,"turns":7},{"damage":5,"enemies":"Nightmare","floor":25,"turns":3},{"damage":0,"enemies":"Chosen","floor":28,"turns":1},{"damage":41,"enemies":"3 Cultists","floor":30,"turns":3},{"damage":9,"enemies":"Snake Plant","floor":32,"turns":2},{"damage":39,"enemies":"downfall:Silent","floor":33,"turns":4},{"damage":14,"enemies":"Orb Walker","floor":36,"turns":2},{"damage":42,"enemies":"Mind Bloom Boss Battle","floor":37,"turns":6},{"damage":5,"enemies":"3 Shapes","floor":38,"turns":1},{"damage":15,"enemies":"Spire Growth","floor":40,"turns":2},{"damage":11,"enemies":"4 Shapes","floor":43,"turns":1},{"damage":13,"enemies":"Sphere and 2 Shapes","floor":46,"turns":3},{"damage":10,"enemies":"Jaw Worm Horde","floor":49,"turns":2},{"damage":41,"enemies":"downfall:Ironclad","floor":50,"turns":5},{"damage":56,"enemies":"downfall:CharBossMerchant","floor":52,"turns":4},{"damage":157,"enemies":"downfall:NeowBoss","floor":55,"turns":12}],"seed_played":"-3191507609304789817","potions_obtained":[{"floor":2,"key":"sneckomod:MuddlingPotion"},{"floor":6,"key":"SkillPotion"},{"floor":6,"key":"LiquidBronze"},{"floor":12,"key":"Dota2Spire:HealingSalve"},{"floor":13,"key":"blueLaboratory:HummingbirdPotion"},{"floor":16,"key":"SkillPotion"},{"floor":32,"key":"blueLaboratory:BubblePotion"},{"floor":40,"key":"CalmPotion"},{"floor":52,"key":"Strength Potion"}],"is_trial":false,"path_per_floor":["R","M","R","E","$","?","T","M","E","R","M","M","M","M","M","B",null,"R","AVR","M","?","R","$","T","NM","?","R","M","$","M","T","M","B",null,"R","M","?","M","?","M","T","R","M","R","$","M","M","AVR","M","B",null,"E","$","R","B",null],"character_chosen":"THE_CHAMP","items_purchased":["champ:Shatter","testmod-HandmadeProducts","champ:ArenaPreparation","infinitespire:Bottled Soul","testmod-BlackFramedGlasses","theForsaken:Lifeblossom","champ:AdrenalArmor","champ:HoldFirm","infinitespire:Joker Card","REME_CardOfGreed"],"campfire_rested":0,"item_purchase_floors":[5,23,29,45,45,45,45,45,53,53],"current_hp_per_floor":[90,87,87,85,85,85,85,85,75,75,75,75,75,75,75,83,68,68,70,72,64,64,76,76,78,78,88,90,92,94,94,96,98,64,64,66,73,75,75,77,77,77,73,73,77,85,85,85,85,85,85,84,84,84,87],"gold":98,"neow_bonus":"RANDOM_COMMON_RELIC","is_daily":false,"chose_seed":false,"campfire_upgraded":2,"win_rate":0.0,"timestamp":1608529455,"path_taken":["R","M","R","E","$","?","T","M","E","R","M","?","M","M","M","BOSS","R","AVR","M","?","R","$","T","NM","?","R","M","?","?","?","M","BOSS","R","M","?","M","?","?","T","R","M","R","$","M","?","AVR","M","BOSS","E","$","R","BOSS"],"items_purchased_type":["Card","Card","Card","Relic","Relic","Relic","Card","Card","Relic","Relic"],"build_version":"2020-12-13","purchased_purges":0,"victory":true,"max_hp_per_floor":[90,90,90,90,90,90,90,90,90,90,90,90,90,90,90,90,68,68,70,72,72,72,76,76,78,78,88,90,92,94,94,96,98,64,64,66,73,75,75,77,77,77,79,79,83,85,85,85,85,85,85,87,87,87,87],"relic_stats":{"Shovel":7,"counters":[27,85],"Shuriken":[8],"Smiling Mask":0,"obtain_stats":[{"Ice Cream":4,"downfall:HeartBlessingGreen":10,"DemoMod:GlassGuonStoneRelic":2,"testmod-BlackFramedGlasses":45,"LaetitiaHeart":11,"vexMod:CardConverter":18,"Dota2Spire:EyeOfSkadi":37,"halation:PrussianBluePaint":28,"halation:VictoryRuler":25,"hubris:DeckOfHolding":42,"Replay:Wax Seal":19,"champ:FightingForDummies":40,"ImportantClient":16,"testmod-TestBox":0,"wanderingMiniBosses:ThiefScarf":23,"Dota2Spire:BlackKingBar":48,"Counterbalance":32,"testmod-FatalChain":38,"Dead Branch":49,"Blue Candle":50,"Oddly Smooth Stone":33,"qcfpunch:Dark_Gi":34,"aspiration:SeaSaltIceCream":31,"aspiration:HiddenCompartment":52,"testmod-Fortitude":28,"Dota2Spire:AghanimScepter":33,"Shuriken":54,"testmod-Acrobat":41,"halation:PenCase":25,"Onion Ring":7,"InspiredRelic":47,"Pocketwatch":46,"theForsaken:ScaryMask":27,"DaveBox":0,"champ:ChampionCrown":0,"theForsaken:Lifeblossom":45,"StuffTheSpire:EmeraldSignet":37,"Dota2Spire:Vanguard":43,"testmod-BloodSacrificeSpiritualization":30,"relicPack:DarknessArmor":47,"DemoMod:WhiteGuonStone":0,"Smiling Mask":25,"StuffTheSpire:Experiment12":52,"Shovel":9,"Matryoshka":36,"downfall:HeartBlessingBlue":27,"infinitespire:Bottled Soul":45,"qcfpunch:Necklace_of_Skulls":32,"Chemical X":55,"infinitespire:Eraser":22,"Replay:Drink Me":17,"testmod-ArcanaOfDestiny":0,"Runic Pyramid":30,"StuffTheSpire:Tea":37,"downfall:HeartBlessingRed":3,"JellyFishMachine":0,"aspiration:FetidBarrel":50,"Quantum Egg":46,"halation:IllGainedPizza":55,"infinitespire:Joker Card":53,"ThornShield":10,"KyoryuNoHagoromo":38,"vexMod:HeadHunter":47,"LetterFromLob":2,"StuffTheSpire:Kangaroo":40,"REME_CardOfGreed":53,"ReplayTheSpireMod:Lightbulb":52,"REME_ComplimentaryCards":0},{"Ice Cream":2,"downfall:HeartBlessingGreen":5,"DemoMod:GlassGuonStoneRelic":1,"testmod-BlackFramedGlasses":22,"LaetitiaHeart":5,"vexMod:CardConverter":10,"Dota2Spire:EyeOfSkadi":19,"halation:PrussianBluePaint":13,"halation:VictoryRuler":12,"hubris:DeckOfHolding":21,"Replay:Wax Seal":10,"champ:FightingForDummies":20,"ImportantClient":10,"testmod-TestBox":0,"wanderingMiniBosses:ThiefScarf":12,"Dota2Spire:BlackKingBar":23,"Counterbalance":15,"testmod-FatalChain":19,"Dead Branch":23,"Blue Candle":24,"Oddly Smooth Stone":16,"qcfpunch:Dark_Gi":17,"aspiration:SeaSaltIceCream":15,"aspiration:HiddenCompartment":26,"testmod-Fortitude":13,"Dota2Spire:AghanimScepter":16,"Shuriken":26,"testmod-Acrobat":21,"halation:PenCase":12,"Onion Ring":3,"InspiredRelic":23,"Pocketwatch":22,"theForsaken:ScaryMask":13,"DaveBox":0,"champ:ChampionCrown":0,"theForsaken:Lifeblossom":22,"StuffTheSpire:EmeraldSignet":18,"Dota2Spire:Vanguard":21,"testmod-BloodSacrificeSpiritualization":14,"relicPack:DarknessArmor":23,"DemoMod:WhiteGuonStone":0,"Smiling Mask":13,"StuffTheSpire:Experiment12":25,"Shovel":5,"Matryoshka":17,"downfall:HeartBlessingBlue":13,"infinitespire:Bottled Soul":22,"qcfpunch:Necklace_of_Skulls":15,"Chemical X":26,"infinitespire:Eraser":11,"Replay:Drink Me":10,"testmod-ArcanaOfDestiny":0,"Runic Pyramid":14,"StuffTheSpire:Tea":18,"downfall:HeartBlessingRed":1,"JellyFishMachine":0,"aspiration:FetidBarrel":24,"Quantum Egg":22,"halation:IllGainedPizza":26,"infinitespire:Joker Card":26,"ThornShield":5,"KyoryuNoHagoromo":19,"vexMod:HeadHunter":23,"LetterFromLob":1,"StuffTheSpire:Kangaroo":20,"REME_CardOfGreed":26,"ReplayTheSpireMod:Lightbulb":25,"REME_ComplimentaryCards":0},{"Ice Cream":6,"downfall:HeartBlessingGreen":14,"DemoMod:GlassGuonStoneRelic":3,"testmod-BlackFramedGlasses":59,"LaetitiaHeart":14,"vexMod:CardConverter":26,"Dota2Spire:EyeOfSkadi":55,"halation:PrussianBluePaint":37,"halation:VictoryRuler":34,"hubris:DeckOfHolding":58,"Replay:Wax Seal":26,"champ:FightingForDummies":56,"ImportantClient":26,"testmod-TestBox":0,"wanderingMiniBosses:ThiefScarf":34,"Dota2Spire:BlackKingBar":62,"Counterbalance":41,"testmod-FatalChain":55,"Dead Branch":62,"Blue Candle":64,"Oddly Smooth Stone":43,"qcfpunch:Dark_Gi":47,"aspiration:SeaSaltIceCream":41,"aspiration:HiddenCompartment":73,"testmod-Fortitude":37,"Dota2Spire:AghanimScepter":43,"Shuriken":73,"testmod-Acrobat":58,"halation:PenCase":34,"Onion Ring":10,"InspiredRelic":62,"Pocketwatch":59,"theForsaken:ScaryMask":37,"DaveBox":0,"champ:ChampionCrown":0,"theForsaken:Lifeblossom":59,"StuffTheSpire:EmeraldSignet":49,"Dota2Spire:Vanguard":58,"testmod-BloodSacrificeSpiritualization":38,"relicPack:DarknessArmor":62,"DemoMod:WhiteGuonStone":0,"Smiling Mask":37,"StuffTheSpire:Experiment12":69,"Shovel":14,"Matryoshka":47,"downfall:HeartBlessingBlue":37,"infinitespire:Bottled Soul":59,"qcfpunch:Necklace_of_Skulls":41,"Chemical X":73,"infinitespire:Eraser":27,"Replay:Drink Me":26,"testmod-ArcanaOfDestiny":0,"Runic Pyramid":38,"StuffTheSpire:Tea":49,"downfall:HeartBlessingRed":3,"JellyFishMachine":0,"aspiration:FetidBarrel":64,"Quantum Egg":59,"halation:IllGainedPizza":73,"infinitespire:Joker Card":73,"ThornShield":14,"KyoryuNoHagoromo":55,"vexMod:HeadHunter":62,"LetterFromLob":3,"StuffTheSpire:Kangaroo":56,"REME_CardOfGreed":73,"ReplayTheSpireMod:Lightbulb":69,"REME_ComplimentaryCards":0}]},"card_choices":[{"not_picked":["champ:Encircle","champ:TornadoPunch"],"picked":"champ:ShieldWall","floor":2},{"not_picked":["champ:IronFortress","champ:SwordThrow"],"picked":"champ:RisingSlash","floor":4},{"not_picked":["champ:FlashCut","champ:Circumvent"],"picked":"champ:FanOfKnives","floor":5},{"not_picked":["champ:TornadoPunch","champ:SwordThrow"],"picked":"champ:Backstep","floor":8},{"not_picked":["champ:Riposte","champ:Circumvent"],"picked":"champ:EnragedBash","floor":9},{"not_picked":["champ:Haymaker","champ:Encircle"],"picked":"champ:TornadoPunch","floor":12},{"not_picked":["champ:Backstep","champ:RapidStrikes"],"picked":"champ:GladiatorsShout","floor":13},{"not_picked":["champ:FlashCut","champ:Haymaker"],"picked":"champ:GutPunch","floor":14},{"not_picked":["champ:Improvising","champ:Encircle"],"picked":"champ:BringItOn","floor":15},{"not_picked":["champ:CrownThrow","champ:LastStand"],"picked":"champ:VampiricStrike","floor":16},{"not_picked":["champ:Encircle+1","champ:BladeFlurry"],"picked":"champ:StanceDance+1","floor":20},{"not_picked":["champ:StanceDance","champ:EnGarde+1"],"picked":"champ:FocusedBerserking+1","floor":23},{"not_picked":["champ:GladiatorsShout","champ:Encircle"],"picked":"champ:FlashCut+1","floor":25},{"not_picked":["champ:Encircle","champ:Circumvent+1"],"picked":"champ:BladeFlurry","floor":28},{"not_picked":["champ:GladiatorsShout","champ:FanOfKnives+1"],"picked":"champ:AdrenalArmor+1","floor":30},{"not_picked":["champ:Backstep","champ:StanceDance"],"picked":"champ:RecklessLeap","floor":32},{"not_picked":["champ:CrownThrow","champ:IgnorePain"],"picked":"champ:Devastate","floor":33},{"not_picked":["champ:FlashCut+1","champ:PerfectedStrike"],"picked":"champ:Backstep","floor":36},{"not_picked":["champ:BladeFlurry","champ:Backstep+1"],"picked":"champ:TornadoPunch","floor":37},{"not_picked":["champ:BringItOn","champ:LastStand"],"picked":"champ:Lariat","floor":38},{"not_picked":["champ:GladiatorsShout+1","champ:FlashCut"],"picked":"champ:RapidStrikes+1","floor":40},{"not_picked":["champ:FanOfKnives","champ:Duel"],"picked":"champ:IronFortress","floor":43},{"not_picked":["champ:GladiatorsShout+1","champ:PerfectedStrike"],"picked":"champ:DeathBlow","floor":46},{"not_picked":["champ:BringItOn","champ:Encircle+1","champ:StanceDance"],"picked":"SKIP","floor":49},{"not_picked":["champ:EnchantShield","champ:IgnorePain"],"picked":"champ:ShieldThrow","floor":52},{"not_picked":["champ:ArenaPreparation","champ:GladiatorsShout+1","champ:AdrenalArmor"],"picked":"SKIP","floor":52}],"player_experience":200001,"relics_obtained":[{"floor":2,"key":"LetterFromLob"},{"floor":4,"key":"Ice Cream"},{"floor":7,"key":"Onion Ring"},{"floor":9,"key":"Shovel"},{"floor":10,"key":"ThornShield"},{"floor":16,"key":"ImportantClient"},{"floor":18,"key":"vexMod:CardConverter"},{"floor":22,"key":"infinitespire:Eraser"},{"floor":23,"key":"JellyFishMachine"},{"floor":23,"key":"wanderingMiniBosses:ThiefScarf"},{"floor":25,"key":"Smiling Mask"},{"floor":27,"key":"theForsaken:ScaryMask"},{"floor":31,"key":"aspiration:SeaSaltIceCream"},{"floor":37,"key":"Dota2Spire:EyeOfSkadi"},{"floor":41,"key":"testmod-Acrobat"},{"floor":42,"key":"hubris:DeckOfHolding"},{"floor":52,"key":"aspiration:HiddenCompartment"},{"floor":54,"key":"Shuriken"}],"event_choices":[{"damage_healed":0,"gold_gain":0,"player_choice":"Got Potions","damage_taken":0,"max_hp_gain":0,"max_hp_loss":0,"event_name":"Lab","floor":6,"gold_loss":0},{"damage_healed":0,"gold_gain":0,"player_choice":"Ignored","damage_taken":0,"max_hp_gain":0,"max_hp_loss":0,"event_name":"Transmorgrifier","floor":26,"gold_loss":0}],"is_beta":false,"boss_relics":[{"not_picked":["vexMod:CursedCompass","Velvet Choker"],"picked":"Replay:Drink Me"},{"not_picked":["vexMod:RockOfEvil","NightmareShop"],"picked":"qcfpunch:Dark_Gi"}],"items_purged_floors":[],"is_endless":false,"potions_floor_spawned":[2,12,13,15,16,25,32,33,36,40,52],"ascension_level":0}}