{"host":"zsm7nv3crm3m4x5c","time":1608514104,"event":{"mods":["AchievementEnabler","BaseMod","Colored Map","Colored Powertips","Minty Spire (QoL Compilation)","Shop Mod"],"gold_per_floor":[117,117,132,146,71,71,92,92,118,77,27,42,63,63,63,63,63],"floor_reached":16,"playtime":491,"items_purged":["Strike_R","Strike_R"],"score":166,"play_id":"696507e4-321c-49db-ae21-c5c21c159ae6","local_time":"20201220202824","is_ascension_mode":true,"campfire_choices":[{"data":"Whirlwind","floor":6,"key":"SMITH"},{"floor":15,"key":"REST"}],"circlet_count":0,"master_deck":["AscendersBane","Strike_R","Strike_R","Strike_R","Defend_R","Defend_R","Defend_R","Defend_R","Bash","Cleave+1","Whirlwind+1","Flex","Ghostly Armor+1","Battle Trance"],"relics":["Burning Blood","NeowsBlessing","Golden Idol","Smiling Mask","Bag of Marbles"],"acts_visited":["Exordium"],"potions_floor_usage":[7,13,16],"damage_taken":[{"damage":0,"enemies":"2 Louse","floor":1,"turns":1},{"damage":0,"enemies":"Jaw Worm","floor":3,"turns":1},{"damage":0,"enemies":"Small Slimes","floor":4,"turns":1},{"damage":0,"enemies":"2 Fungi Beasts","floor":7,"turns":2},{"damage":0,"enemies":"Exordium Thugs","floor":12,"turns":3},{"damage":5,"enemies":"Large Slime","floor":13,"turns":4},{"damage":51,"enemies":"Hexaghost","floor":16,"turns":10}],"seed_played":"1547914801285718981","potions_obtained":[{"floor":4,"key":"FearPotion"},{"floor":12,"key":"Ancient Potion"},{"floor":13,"key":"Explosive Potion"}],"is_trial":false,"path_per_floor":["M","?","M","M","$","R","M","?","T","$","$","M","M","?","R","B"],"character_chosen":"IRONCLAD","items_purchased":["Ghostly Armor"],"campfire_rested":1,"item_purchase_floors":[10],"current_hp_per_floor":[74,68,68,68,68,68,68,42,42,42,42,48,49,29,49,0,0],"gold":63,"neow_bonus":"THREE_ENEMY_KILL","is_daily":false,"chose_seed":false,"campfire_upgraded":1,"win_rate":0.0,"timestamp":1608514104,"path_taken":["M","?","M","M","$","R","M","?","T","?","$","M","M","?","R","BOSS"],"items_purchased_type":["Card"],"build_version":"2020-12-13","purchased_purges":2,"victory":false,"max_hp_per_floor":[75,68,68,68,68,68,68,68,68,68,68,68,68,68,68,68,68],"card_choices":[{"not_picked":["Warcry","Dark Embrace"],"picked":"Cleave","floor":1},{"not_picked":["Clothesline","Sever Soul"],"picked":"Whirlwind","floor":3},{"not_picked":["Reckless Charge","Evolve","Disarm"],"picked":"SKIP","floor":4},{"not_picked":["Infernal Blade","Twin Strike"],"picked":"Flex","floor":7},{"not_picked":["True Grit","Dark Embrace","Twin Strike"],"picked":"SKIP","floor":12},{"not_picked":["Searing Blow","Pummel"],"picked":"Battle Trance","floor":13}],"player_experience":509768,"relics_obtained":[{"floor":9,"key":"Bag of Marbles"}],"event_choices":[{"damage_healed":0,"gold_gain":0,"player_choice":"Lose Max HP","damage_taken":0,"relics_obtained":["Golden Idol"],"max_hp_gain":0,"max_hp_loss":7,"event_name":"Golden Idol","floor":2,"gold_loss":0},{"damage_healed":0,"gold_gain":0,"player_choice":"Success","damage_taken":26,"relics_obtained":["Smiling Mask"],"max_hp_gain":0,"max_hp_loss":0,"event_name":"Scrap Ooze","floor":8,"gold_loss":0},{"damage_healed":0,"gold_gain":0,"player_choice":"Entered Light","damage_taken":20,"max_hp_gain":0,"max_hp_loss":0,"event_name":"Shining Light","floor":14,"gold_loss":0,"cards_upgraded":["Cleave","Ghostly Armor"]}],"is_beta":false,"boss_relics":[],"items_purged_floors":[5,11],"is_endless":false,"potions_floor_spawned":[4,12,13],"killed_by":"Hexaghost","ascension_level":16}}