{"host":"ec09novo68szpe7d","time":1608588480,"event":{"mods":["AchievementEnabler","BaseMod","Bestiary","Colored Map","Downfall","Minty Spire (QoL Compilation)","StSLib"],"gold_per_floor":[99,134,144,144,160,40,91,41,41,41,41,64,75,86,98,203,203,153,166,166,183,214,214,214,214],"floor_reached":23,"playtime":2589,"items_purged":[],"score":209,"play_id":"8e4039c2-a22d-4890-bf2a-4b56d8ce853b","local_time":"20201221230800","is_ascension_mode":false,"campfire_choices":[{"data":"Slimebound:Split","floor":1,"key":"SMITH"},{"data":"Slimebound:TongueLash","floor":8,"key":"SMITH"},{"floor":10,"key":"REST"},{"data":"Slimebound:WasteNot","floor":18,"key":"SMITH"}],"circlet_count":0,"master_deck":["Slimebound:Strike_Slimebound","Slimebound:Strike_Slimebound","Slimebound:Tackle","Slimebound:Defend_Slimebound","Slimebound:Defend_Slimebound","Slimebound:Defend_Slimebound","Slimebound:Defend_Slimebound","Slimebound:Split+1","Slimebound:CorrosiveSpit","Slimebound:ItLooksTasty","Slimebound:SplitBruiser","Slimebound:LeechEnergy","Slimebound:LeechingTouch","Slimebound:TongueLash+1","Slimebound:ItLooksTasty","Slimebound:SamplingLick","Slimebound:Schlurp","Slimebound:Replication","Slimebound:WasteNot+1","Slimebound:Replication+1","Slimebound:LeechingTouch","Slimebound:SplitLeeching+1"],"relics":["Slimebound:AbsorbEndCombat","Gremlin Horn","Slimebound:GreedOozeRelic","Tiny Chest","Strawberry","Slimebound:TarBlob","Nunchaku","Juzu Bracelet"],"acts_visited":["TheCity"],"potions_floor_usage":[22,22],"damage_taken":[{"damage":37,"enemies":"Lagavulin","floor":2,"turns":9},{"damage":10,"enemies":"Small Slimes","floor":3,"turns":4},{"damage":12,"enemies":"2 Louse","floor":5,"turns":2},{"damage":15,"enemies":"downfall:FleeingMerchant","floor":6,"turns":4},{"damage":20,"enemies":"Jaw Worm","floor":13,"turns":3},{"damage":15,"enemies":"3 Louse","floor":14,"turns":2},{"damage":16,"enemies":"Red Slaver","floor":15,"turns":3},{"damage":35,"enemies":"downfall:Watcher","floor":16,"turns":7},{"damage":20,"enemies":"3 Byrds","floor":19,"turns":5},{"damage":66,"enemies":"3 Cultists","floor":21,"turns":5},{"damage":46,"enemies":"Slavers","floor":22,"turns":6},{"damage":66,"enemies":"Centurion and Healer","floor":23,"turns":4}],"seed_played":"3763644917640034427","potions_obtained":[{"floor":3,"key":"PowerPotion"},{"floor":13,"key":"ColorlessPotion"},{"floor":16,"key":"Explosive Potion"},{"floor":22,"key":"Block Potion"}],"is_trial":false,"path_per_floor":["R","E","M","?","M","$","T","R","?","R","?","T","M","M","M","B",null,"R","M","T","M","E","M"],"character_chosen":"SLIMEBOUND","items_purchased":["Slimebound:TongueLash","Slimebound:ItLooksTasty"],"campfire_rested":1,"item_purchase_floors":[6,6],"current_hp_per_floor":[66,41,41,41,33,32,32,32,32,51,51,58,52,51,49,44,73,73,59,59,45,41,0,0,0],"gold":214,"neow_bonus":"TEN_PERCENT_HP_BONUS","is_daily":false,"chose_seed":false,"campfire_upgraded":3,"win_rate":0.0,"timestamp":1608588480,"path_taken":["R","E","M","?","M","$","T","R","?","R","?","?","M","M","M","BOSS","R","M","?","M","E","M"],"items_purchased_type":["Card","Card"],"build_version":"2020-12-13","purchased_purges":0,"victory":false,"max_hp_per_floor":[66,66,66,66,66,66,66,66,66,66,66,73,73,73,73,73,73,73,73,73,73,73,73,73,73],"card_choices":[{"not_picked":["Slimebound:Repurpose","Slimebound:ProtectTheBoss"],"picked":"Slimebound:ItLooksTasty","floor":2},{"not_picked":["Slimebound:LevelUp","Slimebound:BestDefense"],"picked":"Slimebound:SplitBruiser","floor":3},{"not_picked":["Slimebound:FlameTackle","Slimebound:ComboTackle"],"picked":"Slimebound:LeechEnergy","floor":5},{"not_picked":["Slimebound:LevelUp","Slimebound:SplitBruiser"],"picked":"Slimebound:LeechingTouch","floor":6},{"not_picked":["Slimebound:GrowthPunch","Slimebound:Grow"],"picked":"Slimebound:SamplingLick","floor":13},{"not_picked":["Slimebound:ViciousTackle","Slimebound:ComboTackle"],"picked":"Slimebound:Schlurp","floor":14},{"not_picked":["Slimebound:LeechEnergy","Slimebound:SamplingLick"],"picked":"Slimebound:Replication","floor":15},{"not_picked":["Slimebound:OneTwoCombo","Slimebound:MassRepurpose"],"picked":"Slimebound:WasteNot","floor":16},{"not_picked":["Slimebound:SlimeSpikes","Slimebound:FlameTackle"],"picked":"Slimebound:Replication+1","floor":19},{"not_picked":["Slimebound:ProtectTheBoss","Slimebound:ComboTackle"],"picked":"Slimebound:LeechingTouch","floor":21},{"not_picked":["Slimebound:ForwardTackle","Slimebound:GoopTackle"],"picked":"Slimebound:SplitLeeching+1","floor":22}],"player_experience":169438,"relics_obtained":[{"floor":2,"key":"Gremlin Horn"},{"floor":7,"key":"Tiny Chest"},{"floor":12,"key":"Strawberry"},{"floor":20,"key":"Nunchaku"},{"floor":22,"key":"Juzu Bracelet"}],"event_choices":[{"cards_removed":["Slimebound:Strike_Slimebound"],"damage_healed":0,"gold_gain":0,"player_choice":"Card Removal","damage_taken":0,"max_hp_gain":0,"max_hp_loss":0,"event_name":"The Cleric","floor":11,"gold_loss":0}],"is_beta":false,"boss_relics":[{"not_picked":["Tiny House","Cursed Key"],"picked":"Slimebound:TarBlob"}],"items_purged_floors":[],"is_endless":false,"potions_floor_spawned":[3,13,16,22],"killed_by":"Centurion and Healer","ascension_level":0}}