{"host":"1t0goru2vbnnqaq4","time":1608591913,"event":{"mods":["2.2 Compatiblity","Act Like it!","Alarm Clock","BaseMod","Better Altar","Better Match","Better Note","Better Sensory Stone","Better Skull","Better Vampires","BetterRewards","Disable Question Mark Monsters","Downfall","Marked Mod","Mimic Mod","Minty Spire (QoL Compilation)","Rare Cards Sparkle","Replay The Spire","Spicy Shops","StSLib","Wandering Minibosses"],"gold_per_floor":[99,114,125,13,13,13,110,18,3,13,13,5,5,22,41,139,139,64,80,21,35,35,35,35,51,51,88,113,139,139,139,139],"floor_reached":30,"playtime":2912,"items_purged":[],"score":365,"play_id":"506fe6a4-7def-4e83-86ae-1618e46fb270","local_time":"20201221180513","is_ascension_mode":false,"campfire_choices":[{"floor":1,"key":"RECALL"},{"floor":11,"key":"REST"},{"floor":13,"key":"REST"},{"data":"ReplayTheSpireMod:Faulty Equipment","floor":18,"key":"SMITH"},{"floor":23,"key":"REST"},{"floor":26,"key":"REST"}],"circlet_count":0,"master_deck":["hexamod:Strike","hexamod:Strike","hexamod:Strike","hexamod:Strike+1","hexamod:Defend+1","hexamod:Defend","hexamod:Defend+1","hexamod:Defend","hexamod:Sear","hexamod:Float+1","Guardian:Aged","Midas Touch+1","hexamod:SwordOfDarkness","hexamod:Hexaguard","hexamod:FastForward","hexamod:FourthSeal","hexamod:RainOfEmbers+1","Hallucinations","Regret","hexamod:NightmareGuise","hexamod:FourthSeal","hexamod:ParanormalForm","hexamod:BurningTouch","hexamod:BacktrackSmack+1","Clumsy","Normality","hexamod:AdvancingGuard","hexamod:ParanormalForm","hexamod:FirstSeal","hexamod:ShieldOfDarkness+1","hexamod:SixthSeal","Decay","hexamod:FourthSeal","hexamod:GhostOfSpireFuture+1","hexamod:SecondSeal","hexamod:Hexaguard+1","hexamod:SwordOfDarkness","hexamod:VolcanoVisage+1"],"relics":["hexamod:SpiritBrand","ReplayTheSpireMod:Ring of Collecting","Ring of Searing","Ring of Greed","Membership Card","The Courier","PreservedInsect","Snack Pack","Medical Kit","Mercury Hourglass","Runic Pyramid","downfall:HeartBlessingBlue","Omamori","ReplayTheSpireMod:Ring of Exchange","Golden Egg","CeramicFish"],"acts_visited":["Exordium","TheCity"],"potions_floor_usage":[9,16,16,21,25,25,28,29,29,30,30,30],"damage_taken":[{"damage":11,"enemies":"2 Louse","floor":2,"turns":3},{"damage":0,"enemies":"Jaw Worm","floor":3,"turns":3},{"damage":0,"enemies":"downfall:FleeingMerchant","floor":4,"turns":4},{"damage":10,"enemies":"downfall:FleeingMerchant","floor":8,"turns":4},{"damage":22,"enemies":"downfall:FleeingMerchant","floor":9,"turns":4},{"damage":3,"enemies":"Cultist","floor":10,"turns":3},{"damage":12,"enemies":"downfall:FleeingMerchant","floor":12,"turns":3},{"damage":13,"enemies":"Exordium Thugs","floor":14,"turns":3},{"damage":14,"enemies":"Red Slaver","floor":15,"turns":3},{"damage":24,"enemies":"downfall:Watcher","floor":16,"turns":10},{"damage":48,"enemies":"3 Byrds","floor":19,"turns":8},{"damage":4,"enemies":"Cultist and Chosen","floor":21,"turns":3},{"damage":32,"enemies":"Snecko","floor":25,"turns":6},{"damage":38,"enemies":"Replay:Snechameleon","floor":27,"turns":4},{"damage":40,"enemies":"Shelled Parasite and Fungi","floor":28,"turns":7},{"damage":25,"enemies":"Centurion and Healer","floor":29,"turns":8},{"damage":33,"enemies":"Snecko","floor":30,"turns":5}],"seed_played":"-8069851388442756246","potions_obtained":[{"floor":8,"key":"Toxic Potion"},{"floor":9,"key":"Weak Potion"},{"floor":9,"key":"Dexterity Potion"},{"floor":10,"key":"FairyPotion"},{"floor":10,"key":"SkillPotion"},{"floor":16,"key":"hexamod:DoubleChargePotion"},{"floor":19,"key":"Weak Potion"},{"floor":19,"key":"CultistPotion"},{"floor":21,"key":"Block Potion"},{"floor":27,"key":"CultistPotion"},{"floor":28,"key":"Guardian:BlockOnCardUsePotion"},{"floor":28,"key":"BlessingOfTheForge"},{"floor":28,"key":"Languid Potion"},{"floor":29,"key":"Strength Potion"},{"floor":29,"key":"Block Potion"}],"is_trial":false,"path_per_floor":["R","M","M","$","?","?","T","$","$","M","R","$","R","M","M","B",null,"R","M","$","M","?","R","T","M","R","E","M","M","M"],"character_chosen":"THE_SPIRIT","items_purchased":["hexamod:FourthSeal","hexamod:RainOfEmbers","hexamod:FourthSeal","hexamod:ParanormalForm","PreservedInsect","Snack Pack","Medical Kit","Mercury Hourglass","hexamod:ParanormalForm","Omamori"],"campfire_rested":4,"item_purchase_floors":[4,4,8,8,12,12,12,12,12,20],"current_hp_per_floor":[70,59,59,59,59,59,59,49,27,24,45,33,54,41,27,10,70,80,41,41,39,39,63,63,38,62,24,30,12,0,0,0],"gold":139,"neow_bonus":"RANDOM_COLORLESS_2","is_daily":false,"chose_seed":false,"campfire_upgraded":1,"win_rate":0.0,"timestamp":1608591913,"path_taken":["R","M","M","$","?","?","T","?","$","M","R","$","R","?","M","BOSS","R","M","$","M","?","R","T","M","R","E","M","M","M"],"items_purchased_type":["Card","Card","Card","Card","Relic","Relic","Relic","Relic","Card","Relic"],"build_version":"2020-12-13","purchased_purges":0,"victory":false,"max_hp_per_floor":[70,70,70,70,70,70,70,70,70,70,70,70,70,70,70,70,70,80,80,80,80,80,80,80,80,80,80,80,80,80,80,80],"card_choices":[{"not_picked":["Poisoned Strike","Metamorphosis"],"picked":"Midas Touch","floor":0},{"not_picked":["hexamod:HauntingEcho","hexamod:BacktrackSmack"],"picked":"hexamod:SwordOfDarkness","floor":2},{"not_picked":["hexamod:InspiringFlames","hexamod:ThermalTransfer"],"picked":"hexamod:Hexaguard","floor":3},{"not_picked":["hexamod:Hexaguard","hexamod:GhostShield"],"picked":"hexamod:FastForward","floor":4},{"not_picked":["hexamod:BurningTouch","hexamod:GhostOfSpirePresent"],"picked":"hexamod:NightmareGuise","floor":8},{"not_picked":["hexamod:GhostLash","hexamod:Firestarter"],"picked":"hexamod:BurningTouch","floor":9},{"not_picked":["hexamod:StepThrough","hexamod:DynamicBlow"],"picked":"hexamod:BacktrackSmack","floor":10},{"not_picked":["hexamod:RetreatToShadows","hexamod:InspiringFlames"],"picked":"hexamod:AdvancingGuard","floor":12},{"not_picked":["hexamod:Toasty","hexamod:PhantomFireball"],"picked":"hexamod:FirstSeal","floor":14},{"not_picked":["hexamod:BacktrackSmack","hexamod:ThermalTransfer"],"picked":"hexamod:ShieldOfDarkness","floor":15},{"not_picked":["hexamod:CrushingStance","hexamod:WildfireWeapon"],"picked":"hexamod:SixthSeal","floor":16},{"not_picked":["hexamod:BacktrackSmack","hexamod:Hexaguard+1"],"picked":"hexamod:FourthSeal","floor":19},{"not_picked":["hexamod:Firestarter","hexamod:HauntingEcho","hexamod:SuperheatedStrike"],"picked":"SKIP","floor":21},{"not_picked":["hexamod:NightmareStrike","hexamod:PhantomCloak"],"picked":"hexamod:SecondSeal","floor":25},{"not_picked":["hexamod:GhostLash+1","hexamod:RetreatToShadows"],"picked":"hexamod:Hexaguard+1","floor":27},{"not_picked":["hexamod:Incineration","hexamod:NightmareGuise"],"picked":"hexamod:SwordOfDarkness","floor":28},{"not_picked":["hexamod:Firestarter","hexamod:NightmareGuise"],"picked":"hexamod:VolcanoVisage","floor":29}],"player_experience":697906,"relics_obtained":[{"floor":5,"key":"ReplayTheSpireMod:Ring of Collecting"},{"floor":5,"key":"Ring of Searing"},{"floor":7,"key":"Ring of Greed"},{"floor":7,"key":"Membership Card"},{"floor":7,"key":"The Courier"},{"floor":24,"key":"ReplayTheSpireMod:Ring of Exchange"},{"floor":24,"key":"Golden Egg"},{"floor":27,"key":"CeramicFish"}],"event_choices":[{"cards_removed":["hexamod:SixthSeal"],"damage_healed":0,"gold_gain":0,"player_choice":"Take \u0026 Give","damage_taken":0,"max_hp_gain":0,"max_hp_loss":0,"event_name":"betterNote:BetterNote","floor":22,"gold_loss":0,"cards_obtained":["hexamod:GhostOfSpireFuture"]}],"is_beta":false,"boss_relics":[{"not_picked":["Astrolabe","SacredBark"],"picked":"Runic Pyramid"}],"items_purged_floors":[],"is_endless":false,"potions_floor_spawned":[10,14,15,21,28,29],"killed_by":"Snecko","ascension_level":0}}