{"host":"9pqy5lt7vda52ebm","time":1608526128,"event":{"mods":["100% Spire Juice","BaseMod","Minty Spire (QoL Compilation)","Optimize The Spire","Quick Restart","StSLib"],"gold_per_floor":[112,125,5,17,34,67,67,67,120,0,12,43,43,58,58,154,154,165,180,180,180,180,180,215,269,269,295,24,41,41,72,72,176,176,188,199,199,212,0,27,27,56,56,56,72,99,113,163,163,163,163,163,16,48,48],"floor_reached":56,"playtime":11747,"items_purged":["Moonworks:Strike"],"score":1697,"play_id":"b3e4d6f8-c59b-49c2-b69d-8cb719cf48f0","local_time":"20201220234848","is_ascension_mode":true,"campfire_choices":[{"data":"Moonworks:RocketCannon","floor":7.0,"key":"SMITH"},{"data":"Moonworks:FullSpeedAlicianrone","floor":10.0,"key":"SMITH"},{"data":"Moonworks:LulusLuckyEgg","floor":13.0,"key":"SMITH"},{"data":"Moonworks:TreasureThief","floor":15.0,"key":"SMITH"},{"data":"J.A.X.","floor":23.0,"key":"SMITH"},{"data":"Moonworks:WindyEnchantment","floor":30.0,"key":"SMITH"},{"data":"Moonworks:PlushieMaster","floor":32.0,"key":"SMITH"},{"data":"Sadistic Nature","floor":41,"key":"SMITH"},{"floor":44,"key":"RECALL"},{"data":"Moonworks:LongDistanceShot","floor":49,"key":"SMITH"},{"data":"Moonworks:Defend","floor":52,"key":"SMITH"}],"circlet_count":0,"master_deck":["Moonworks:Defend","Moonworks:Defend","Moonworks:Defend+1","Moonworks:Ambush+1","Moonworks:LongDistanceShot+1","Moonworks:FullSpeedAlicianrone+1","Moonworks:WindyEnchantment+1","Moonworks:WindyEnchantment","Moonworks:LulusLuckyEgg+1","Moonworks:SakisCookie","Moonworks:RocketCannon+1","Moonworks:UnluckyCharm","Moonworks:Flamethrower","Moonworks:TreasureThief+1","Moonworks:FinalBattle+1","Moonworks:BindingChains+1","Moonworks:Accelerator+1","Moonworks:BigMagnum","Moonworks:IndiscriminateFireSupport+1","J.A.X.+1","Moonworks:SakisCookie","Moonworks:PlushieMaster+1","Deep Breath+1","Sadistic Nature+1","Deep Breath+1","Moonworks:EvilSpyWorkPreparation+1","Moonworks:WindyEnchantment+1"],"relics":["Moonworks:BrokenBomb","Moonworks:Homemark","Moonworks:LittleGull","Lantern","Tiny Chest","Astrolabe","Dream Catcher","Anchor","Eternal Feather","Strawberry","Omamori","Toxic Egg 2","Coffee Dripper","Red Mask","Du-Vu Doll","Ice Cream","CaptainsWheel","Thread and Needle","Bag of Preparation","Whetstone"],"acts_visited":["Exordium","TheCity","TheBeyond","TheEnding"],"potions_floor_usage":[],"damage_taken":[{"damage":0.0,"enemies":"Cultist","floor":1.0,"turns":4.0},{"damage":0.0,"enemies":"Small Slimes","floor":2.0,"turns":3.0},{"damage":0.0,"enemies":"2 Louse","floor":4.0,"turns":5.0},{"damage":6.0,"enemies":"Exordium Wildlife","floor":5.0,"turns":4.0},{"damage":8.0,"enemies":"Lagavulin","floor":6.0,"turns":5.0},{"damage":0.0,"enemies":"3 Louse","floor":11.0,"turns":2.0},{"damage":0.0,"enemies":"3 Sentries","floor":12.0,"turns":3.0},{"damage":0.0,"enemies":"Blue Slaver","floor":14.0,"turns":2.0},{"damage":0.0,"enemies":"Slime Boss","floor":16.0,"turns":4.0},{"damage":0.0,"enemies":"Shell Parasite","floor":18.0,"turns":1.0},{"damage":5.0,"enemies":"2 Thieves","floor":19.0,"turns":3.0},{"damage":5.0,"enemies":"Gremlin Leader","floor":24.0,"turns":2.0},{"damage":10.0,"enemies":"Slavers","floor":27.0,"turns":2.0},{"damage":0.0,"enemies":"Snake Plant","floor":29.0,"turns":3.0},{"damage":5.0,"enemies":"Book of Stabbing","floor":31.0,"turns":2.0},{"damage":36.0,"enemies":"Automaton","floor":33.0,"turns":5.0},{"damage":0,"enemies":"Orb Walker","floor":35,"turns":2},{"damage":3,"enemies":"3 Shapes","floor":36,"turns":3},{"damage":0,"enemies":"Jaw Worm Horde","floor":38,"turns":2},{"damage":8,"enemies":"Giant Head","floor":40,"turns":2},{"damage":5,"enemies":"Nemesis","floor":42,"turns":2},{"damage":5,"enemies":"Writhing Mass","floor":45,"turns":3},{"damage":3,"enemies":"Giant Head","floor":46,"turns":3},{"damage":8,"enemies":"4 Shapes","floor":47,"turns":2},{"damage":11,"enemies":"Mind Bloom Boss Battle","floor":48,"turns":4},{"damage":8,"enemies":"Awakened One","floor":50,"turns":4},{"damage":0,"enemies":"Shield and Spear","floor":54,"turns":2},{"damage":5,"enemies":"The Heart","floor":55,"turns":6}],"seed_played":"59840429517622513","potions_obtained":[{"floor":2.0,"key":"Fire Potion"},{"floor":4.0,"key":"SkillPotion"},{"floor":6.0,"key":"Energy Potion"},{"floor":11.0,"key":"Swift Potion"},{"floor":19.0,"key":"Block Potion"},{"floor":27.0,"key":"Swift Potion"},{"floor":35,"key":"SmokeBomb"},{"floor":38,"key":"BlessingOfTheForge"},{"floor":48,"key":"LiquidMemories"}],"is_trial":false,"path_per_floor":["M","M","$","M","M","E","R","?","T","R","M","E","R","M","R","B",null,"M","M","?","?","?","R","E","T","T","E","$","M","R","E","R","B",null,"M","M","?","M","?","E","R","E","T","R","M","E","M","?","R","B",null,"R","$","E","B",null],"character_chosen":"THE_STARBREAKER","items_purchased":["Moonworks:WindyEnchantment","Omamori","Bag of Preparation"],"campfire_rested":0,"item_purchase_floors":[3,28,53],"current_hp_per_floor":[60,60,60,60,54,48,48,48,48,48,50,52,52,52,52,56,60,60,55,45,45,45,45,44,44,44,49,49,53,65,68,72,39,72,72,72,62,66,66,70,72,72,72,72,72,72,64,61,72,72,72,72,72,72,70],"gold":48,"neow_bonus":"UPGRADE_CARD","is_daily":false,"chose_seed":false,"campfire_upgraded":10,"win_rate":0.0,"timestamp":1608526128,"path_taken":["M","?","?","?","M","E","R","?","T","R","M","E","R","M","R","BOSS","M","M","?","?","?","R","E","?","T","E","$","M","R","E","R","BOSS","BOSS","M","M","?","M","?","E","R","E","T","R","M","E","M","?","R","BOSS","R","$","E","BOSS"],"items_purchased_type":["Card","Relic","Relic"],"build_version":"2020-12-13","purchased_purges":1,"victory":true,"max_hp_per_floor":[60,60,60,60,60,60,60,60,60,60,60,60,60,60,60,60,60,60,60,65,65,65,65,65,65,65,72,72,72,72,72,72,72,72,72,72,72,72,72,72,72,72,72,72,72,72,72,72,72,72,72,72,72,72,72],"card_choices":[{"not_picked":["Moonworks:Assault","Moonworks:Bloodlust"],"picked":"Moonworks:FullSpeedAlicianrone","floor":1.0},{"not_picked":["Moonworks:JonathanRush","Moonworks:NicePresent"],"picked":"Moonworks:WindyEnchantment","floor":2.0},{"not_picked":["Moonworks:DeployBits","Moonworks:Heat300Percent"],"picked":"Moonworks:LulusLuckyEgg","floor":4.0},{"not_picked":["Moonworks:Heat300Percent","Moonworks:JonathanRush"],"picked":"Moonworks:SakisCookie","floor":5.0},{"not_picked":["Moonworks:CastOff","Moonworks:TacticalRetreat"],"picked":"Moonworks:RocketCannon","floor":6.0},{"not_picked":["Moonworks:CompletionReward","Moonworks:ImOnFire","Moonworks:NicePresent"],"picked":"SKIP","floor":11.0},{"not_picked":["Moonworks:BigBangBell","Moonworks:CloudOfSeagulls"],"picked":"Moonworks:Flamethrower","floor":12.0},{"not_picked":["Moonworks:x16BigRocket","Moonworks:NicePresent"],"picked":"Moonworks:TreasureThief","floor":14.0},{"not_picked":["Moonworks:SakisCookie","Moonworks:FullSpeedAlicianrone+1"],"picked":"Moonworks:BigMagnum","floor":18.0},{"not_picked":["Moonworks:BigMagnum","Moonworks:AngelHand"],"picked":"Moonworks:IndiscriminateFireSupport+1","floor":19.0},{"not_picked":["Moonworks:ImOnFire","Moonworks:NicePresent"],"picked":"Moonworks:PlushieMaster","floor":24.0},{"not_picked":["Moonworks:EvilSpyWorkPreparation+1","Moonworks:UnluckyCharm","Moonworks:JonathanRush"],"picked":"SKIP","floor":27.0},{"not_picked":["Moonworks:WindyEnchantment","Moonworks:BeyondHell","Moonworks:MeltingMemories"],"picked":"SKIP","floor":29.0},{"not_picked":["Moonworks:JonathanRush","Moonworks:BigBangBell+1","Moonworks:ImmovableObject+1"],"picked":"SKIP","floor":31.0},{"not_picked":["Moonworks:IndiscriminateFireSupport","Moonworks:CloudOfSeagulls+1","Moonworks:EvilSpyWorkPreparation+1"],"picked":"SKIP","floor":35},{"not_picked":["Moonworks:Flamethrower+1","Moonworks:CloudOfSeagulls+1","Moonworks:IndiscriminateFireSupport"],"picked":"SKIP","floor":36},{"not_picked":["Swift Strike","Trip+1"],"picked":"Deep Breath+1","floor":37},{"not_picked":["Impatience+1","Enlightenment+1"],"picked":"Sadistic Nature","floor":37},{"not_picked":["Metamorphosis+1","Good Instincts+1"],"picked":"Deep Breath+1","floor":37},{"not_picked":["Moonworks:FullSpeedAlicianrone","Moonworks:JonathanRush"],"picked":"Moonworks:EvilSpyWorkPreparation+1","floor":38},{"not_picked":["Moonworks:BigMagnum+1","Moonworks:DeployBits+1","Moonworks:Assault+1"],"picked":"SKIP","floor":40},{"not_picked":["Moonworks:BigMagnum+1","Moonworks:DeployBits+1","Moonworks:Assault+1"],"picked":"SKIP","floor":40},{"not_picked":["Moonworks:Heat300Percent+1","Moonworks:Dinner+1","Moonworks:Assault"],"picked":"SKIP","floor":42},{"not_picked":["Moonworks:SakisCookie+1","Moonworks:TreasureThief+1"],"picked":"Moonworks:WindyEnchantment+1","floor":45},{"not_picked":["Moonworks:BackdoorTrade+1","Moonworks:FullSpeedAlicianrone+1","Moonworks:TreasureThief+1"],"picked":"SKIP","floor":46},{"not_picked":["Moonworks:Flamethrower+1","Moonworks:Dinner+1","Moonworks:EvilSpyWorkPreparation+1"],"picked":"SKIP","floor":47},{"not_picked":["Moonworks:x16BigRocket+1","Moonworks:MiracleWalker+1","Moonworks:AngelHand+1"],"picked":"SKIP","floor":54}],"player_experience":324795,"relics_obtained":[{"floor":6.0,"key":"Moonworks:LittleGull"},{"floor":9.0,"key":"Lantern"},{"floor":12.0,"key":"Tiny Chest"},{"floor":24.0,"key":"Dream Catcher"},{"floor":25.0,"key":"Anchor"},{"floor":26.0,"key":"Eternal Feather"},{"floor":27.0,"key":"Strawberry"},{"floor":31.0,"key":"Toxic Egg 2"},{"floor":40,"key":"Du-Vu Doll"},{"floor":42,"key":"Ice Cream"},{"floor":46,"key":"CaptainsWheel"},{"floor":48,"key":"Thread and Needle"},{"floor":54,"key":"Whetstone"}],"event_choices":[{"damage_healed":0.0,"max_hp_gain":0.0,"max_hp_loss":0.0,"gold_gain":0.0,"cards_transformed":["Moonworks:Strike"],"event_name":"Living Wall","player_choice":"Change","floor":8.0,"gold_loss":0.0,"damage_taken":0.0,"cards_obtained":["Moonworks:UnluckyCharm"]},{"damage_healed":0.0,"max_hp_gain":5.0,"max_hp_loss":0.0,"gold_gain":0.0,"event_name":"Forgotten Altar","player_choice":"Shed Blood","floor":20.0,"gold_loss":0.0,"damage_taken":15.0},{"damage_healed":0.0,"max_hp_gain":0.0,"max_hp_loss":0.0,"gold_gain":0.0,"event_name":"Drug Dealer","player_choice":"Obtain J.A.X.","floor":21.0,"gold_loss":0.0,"damage_taken":0.0,"cards_obtained":["J.A.X."]},{"damage_healed":0.0,"max_hp_gain":0.0,"max_hp_loss":0.0,"gold_gain":0.0,"event_name":"The Library","player_choice":"Read","floor":22.0,"gold_loss":0.0,"damage_taken":0.0,"cards_obtained":["Moonworks:SakisCookie"]},{"damage_healed":0,"gold_gain":0,"player_choice":"Memory 3","damage_taken":10,"max_hp_gain":0,"max_hp_loss":0,"event_name":"SensoryStone","floor":37,"gold_loss":0},{"damage_healed":0,"gold_gain":0,"player_choice":"Paid","damage_taken":0,"relics_obtained":["Red Mask"],"max_hp_gain":0,"max_hp_loss":0,"event_name":"Tomb of Lord Red Mask","floor":39,"gold_loss":92},{"damage_healed":0,"gold_gain":0,"player_choice":"Fight","damage_taken":0,"max_hp_gain":0,"max_hp_loss":0,"event_name":"MindBloom","floor":48,"gold_loss":0}],"is_beta":false,"boss_relics":[{"not_picked":["SacredBark","Busted Crown"],"picked":"Astrolabe"},{"not_picked":["Fusion Hammer","Empty Cage"],"picked":"Coffee Dripper"}],"items_purged_floors":[3],"is_endless":false,"potions_floor_spawned":[2,4,6,11,18,19,27,31,35,38,45,46,48],"ascension_level":1}}