{"host":"o3b7ow6d1xe49css","time":1608538463,"event":{"mods":["Act Like it!","Aspiration","BaseMod","Bestiary","Better Altar","Better Match","Better Note","Better Sensory Stone","Better Skull","Better Third Choice","Colored Powertips","Conspire","Energized Spire","Force Act Four","GifTheSpireLib","Halation","Hermit","Hubris","Infinite Spire","Lobotomy","Minty Spire (QoL Compilation)","Quick Restart","Replay The Spire","Spicy Shops","Spikes Relics","StSLib","Stuff the Spire","The Blue Laboratory","Wandering Minibosses","vexMod"],"gold_per_floor":[118,135,155,155,155,188,188,213,213,242,242,167,200,9,9,112,112,130,110,122,122,122,122,122,152,152,177,32,32,307,335,335,453,453,493,136,136,0,0,25,25,25,25,59,59,22,53,53,53,53,53],"floor_reached":50,"playtime":1827,"items_purged":["Strike_P","Strike_P","Regret","Strike_P+1"],"score":1296,"play_id":"510782f1-54e0-4f33-a627-404dd90fb838","local_time":"20201220231423","daily_mods":["Heirloom","Flight"],"is_ascension_mode":true,"campfire_choices":[{"data":"Eruption","floor":7,"key":"SMITH"},{"data":"Pot Of Greed","floor":11,"key":"SMITH"},{"data":"Pot Of Greed","floor":15,"key":"SMITH"},{"floor":23,"key":"RECALL"},{"data":"Crescendo","floor":24,"key":"SMITH"},{"data":"Halt","floor":29,"key":"SMITH"},{"data":"Pot Of Greed","floor":32,"key":"SMITH"},{"floor":41,"key":"REST"},{"data":"CrushJoints","floor":42,"key":"SMITH"},{"data":"Tantrum","floor":49,"key":"SMITH"},{"data":"Protect","floor":49,"key":"SMITH"}],"circlet_count":0,"master_deck":["Defend_P","Defend_P","Defend_P+1","Eruption+1","Vigilance","UniverseFragment","BowlingBash+1","Scorched","Tantrum+1","Crescendo+1","Pot Of Greed+1","Pot Of Greed+1","Protect+1","FollowUp","ClearTheMind","DevaForm","Halt+1","LittlePrince","infinitespire:UltimateForm+1","BattleHymn+1","Pot Of Greed+1","BigBadWolf","CrushJoints+1","FlurryOfBlows+1"],"relics":["PureWater","Ring of Chaos","Replay:PocketPolymizer","CogitoBucket","aspiration:Lifesprig","Boot","Grinning Jar","Potion Belt","SpikesRelics:DaevaFist","conspire:TreasureMap","Busted Crown","SkinProphecy","Frozen Egg 2","StuffTheSpire:Experiment12","MealTicket","StuffTheSpire:PointBlank","Whetstone","infinitespire:EvilPickle","energizedSpire:EnergizedDie","Theresia","Bottled Tornado","Replay:Towering Pillar of Hats","wanderingMiniBosses:AbyssPearl","Red Mask","PreservedInsect","SnailShell","halation:PenCase","infinitespire:Golems Mask"],"acts_visited":["Exordium","TheCity","TheBeyond"],"potions_floor_usage":[20,20,27,35],"damage_taken":[{"damage":5,"enemies":"Small Slimes","floor":1,"turns":5},{"damage":0,"enemies":"Jaw Worm","floor":2,"turns":4},{"damage":0,"enemies":"Cultist","floor":3,"turns":2},{"damage":22,"enemies":"Lagavulin","floor":6,"turns":7},{"damage":0,"enemies":"3 Sentries","floor":8,"turns":2},{"damage":0,"enemies":"Lagavulin","floor":10,"turns":4},{"damage":0,"enemies":"Gremlin Nob","floor":13,"turns":2},{"damage":0,"enemies":"Fading Forest","floor":16,"turns":11},{"damage":8,"enemies":"3 Byrds","floor":18,"turns":3},{"damage":1,"enemies":"2 Thieves","floor":20,"turns":2},{"damage":0,"enemies":"Nightmare","floor":25,"turns":4},{"damage":8,"enemies":"Book of Stabbing","floor":27,"turns":3},{"damage":21,"enemies":"Gremlin Leader","floor":31,"turns":3},{"damage":21,"enemies":"Pondfish","floor":33,"turns":5},{"damage":7,"enemies":"Orb Walker","floor":35,"turns":4},{"damage":35,"enemies":"Mind Bloom Boss Battle","floor":37,"turns":4},{"damage":0,"enemies":"R_Hoarder","floor":40,"turns":2},{"damage":5,"enemies":"Reptomancer","floor":44,"turns":2},{"damage":0,"enemies":"R_Hoarder","floor":47,"turns":3},{"damage":92,"enemies":"Awakened One","floor":50,"turns":3}],"seed_played":"-310155671178509931","potions_obtained":[{"floor":10,"key":"blueLaboratory:BottleOfRum"},{"floor":13,"key":"SmokeBomb"},{"floor":16,"key":"blueLaboratory:FaithlessPotion"},{"floor":19,"key":"DistilledChaos"},{"floor":20,"key":"BottledMiracle"},{"floor":31,"key":"blueLaboratory:BottledHope"},{"floor":33,"key":"blueLaboratory:SavagePotion"},{"floor":44,"key":"BlessingOfTheForge"},{"floor":47,"key":"conspire:TimeTravelPotion"}],"is_trial":true,"path_per_floor":["M","M","M","?","T","E","R","E","T","E","R","?","E","$","R","B",null,"M","?","M","AVR","?","R","R","NM","T","E","$","R","?","E","R","B",null,"M","$","?","?","?","E","R","R","T","E","AVR","$","E","?","R","B"],"character_chosen":"WATCHER","items_purchased":["conspire:TreasureMap","ClearTheMind","BattleHymn+1","Bottled Tornado","FlurryOfBlows+1"],"campfire_rested":1,"item_purchase_floors":[14,14,28,36,46],"current_hp_per_floor":[67,67,67,53,53,31,31,31,31,31,31,31,31,31,31,47,66,58,58,53,53,53,53,53,49,49,37,52,52,52,27,27,2,62,47,62,23,23,23,19,46,46,46,37,37,52,48,48,48,0,0],"gold":53,"neow_bonus":"","is_daily":false,"chose_seed":false,"campfire_upgraded":9,"win_rate":0.0,"timestamp":1608538463,"path_taken":["M","M","M","?","?","E","R","E","T","E","R","?","E","$","R","BOSS","M","?","M","AVR","?","R","R","NM","T","E","$","R","?","E","R","BOSS","M","$","?","?","?","E","R","R","T","E","AVR","?","E","?","R","BOSS"],"items_purchased_type":["Relic","Card","Card","Relic","Card"],"build_version":"2020-12-13","purchased_purges":4,"victory":false,"max_hp_per_floor":[72,72,72,72,72,72,72,72,72,72,72,72,72,72,72,72,72,72,72,74,74,74,74,74,76,76,78,78,78,78,80,80,82,82,86,86,88,88,88,90,90,90,90,92,92,92,94,94,94,96,96],"card_choices":[{"not_picked":["WallGazer","CrumblingArmor","GreedKing"],"picked":"Singing Bowl","floor":1},{"not_picked":["EmptyFist","Replay:Vibes","Replay:Anticipation"],"picked":"SKIP","floor":1},{"not_picked":["DreamingCurrent","FairyFestival"],"picked":"UniverseFragment","floor":2},{"not_picked":["Replay:BluntJabs","Study"],"picked":"BowlingBash","floor":2},{"not_picked":["MeatLantern","ShyLook"],"picked":"Scorched","floor":3},{"not_picked":["Study","WreathOfFlame","CutThroughFate"],"picked":"SKIP","floor":3},{"not_picked":["ShyLook","Murderer","PunishingBird"],"picked":"Singing Bowl","floor":6},{"not_picked":["PathToVictory","Evaluate"],"picked":"Tantrum","floor":6},{"not_picked":["Yin","WallGazer","PunishingBird"],"picked":"Singing Bowl","floor":8},{"not_picked":["Wallop","Study"],"picked":"Crescendo","floor":8},{"not_picked":["Variant","MHz","Wellcheers"],"picked":"Singing Bowl","floor":10},{"not_picked":["PathToVictory","Collect"],"picked":"Protect","floor":10},{"not_picked":["Evaluate","Replay:BluntJabs"],"picked":"FollowUp","floor":12},{"not_picked":["RedShoes","Alriune","LittleHelper"],"picked":"Singing Bowl","floor":13},{"not_picked":["LikeWater","BowlingBash","WheelKick"],"picked":"SKIP","floor":13},{"not_picked":["GreedKing","DreamingCurrent","BlueStar"],"picked":"Singing Bowl","floor":16},{"not_picked":["SpiritShield","Wish"],"picked":"DevaForm","floor":16},{"not_picked":["Wellcheers","Mercenary","LaLuna"],"picked":"Singing Bowl","floor":18},{"not_picked":[],"picked":"Halt","floor":18},{"not_picked":["LaLuna","PunishingBird"],"picked":"LittlePrince","floor":20},{"not_picked":["Prostrate"],"picked":"SKIP","floor":20},{"not_picked":["MeatLantern","SingingMachine","VoidDream"],"picked":"Singing Bowl","floor":25},{"not_picked":["ForeignInfluence"],"picked":"SKIP","floor":25},{"not_picked":["Woodsman","Funeral","SpiderBud"],"picked":"Singing Bowl","floor":27},{"not_picked":["Perseverance"],"picked":"SKIP","floor":27},{"not_picked":["CENSORED","Porccubus"],"picked":"BigBadWolf","floor":31},{"not_picked":["FollowUp"],"picked":"SKIP","floor":31},{"not_picked":["ShyLook","QueenBee","FieryBird"],"picked":"Singing Bowl","floor":33},{"not_picked":["Freischutz","MHz","Laetitia"],"picked":"Singing Bowl","floor":35},{"not_picked":[],"picked":"CrushJoints","floor":35},{"not_picked":["FieryBird","Funeral","Rudolta"],"picked":"Singing Bowl","floor":37},{"not_picked":["Protect"],"picked":"SKIP","floor":40},{"not_picked":["Protect"],"picked":"SKIP","floor":40},{"not_picked":["BlueStar","BlackArmy","HeroicMonk"],"picked":"Singing Bowl","floor":44},{"not_picked":["BowlingBash"],"picked":"SKIP","floor":44},{"not_picked":["BlueStar","SilentOrchestra","LittleHelper"],"picked":"Singing Bowl","floor":47},{"not_picked":["Swivel+1"],"picked":"SKIP","floor":47}],"player_experience":1788664,"relics_obtained":[{"floor":6,"key":"aspiration:Lifesprig"},{"floor":8,"key":"Boot"},{"floor":9,"key":"Grinning Jar"},{"floor":10,"key":"Potion Belt"},{"floor":13,"key":"SpikesRelics:DaevaFist"},{"floor":25,"key":"StuffTheSpire:Experiment12"},{"floor":26,"key":"MealTicket"},{"floor":27,"key":"StuffTheSpire:PointBlank"},{"floor":31,"key":"Whetstone"},{"floor":37,"key":"Replay:Towering Pillar of Hats"},{"floor":37,"key":"wanderingMiniBosses:AbyssPearl"},{"floor":40,"key":"PreservedInsect"},{"floor":43,"key":"SnailShell"},{"floor":44,"key":"halation:PenCase"}],"event_choices":[{"damage_healed":67,"gold_gain":0,"player_choice":"Upgrade","damage_taken":14,"max_hp_gain":0,"max_hp_loss":72,"event_name":"betterThird:BetterShining","floor":4,"gold_loss":0,"cards_upgraded":["Defend_P","Defend_P"]},{"damage_healed":0,"gold_gain":0,"player_choice":"1","damage_taken":0,"max_hp_gain":0,"max_hp_loss":0,"event_name":"betterMatch:BetterMatch","floor":12,"gold_loss":0,"cards_obtained":["betterMatch:UncommonCard","betterMatch:CommonCard"]},{"damage_healed":0,"gold_gain":0,"player_choice":"Bought 1 Potion","damage_taken":0,"max_hp_gain":0,"max_hp_loss":0,"event_name":"The Woman in Blue","floor":19,"gold_loss":0},{"cards_removed":["Strike_P"],"damage_healed":0,"gold_gain":0,"player_choice":"Give","damage_taken":0,"max_hp_gain":0,"max_hp_loss":0,"event_name":"betterNote:BetterNote","floor":22,"gold_loss":0,"cards_obtained":["Strike_P"]},{"damage_healed":0,"gold_gain":275,"player_choice":"Desecrate","damage_taken":0,"max_hp_gain":0,"max_hp_loss":0,"event_name":"Golden Shrine","floor":30,"gold_loss":0,"cards_obtained":["Regret"]},{"damage_healed":0,"gold_gain":0,"player_choice":"Fight","damage_taken":0,"max_hp_gain":0,"max_hp_loss":0,"event_name":"MindBloom","floor":37,"gold_loss":0},{"damage_healed":0,"gold_gain":0,"player_choice":"Paid","damage_taken":0,"relics_obtained":["Red Mask"],"max_hp_gain":0,"max_hp_loss":0,"event_name":"Tomb of Lord Red Mask","floor":38,"gold_loss":136}],"is_beta":false,"boss_relics":[{"not_picked":["conspire:RunicOctahedron","ChewingGum"],"picked":"Busted Crown"},{"not_picked":["energizedSpire:HugeHouse","energizedSpire:RedRose"],"picked":"energizedSpire:EnergizedDie"}],"items_purged_floors":[21,28,36,45],"is_endless":true,"potions_floor_spawned":[10,13,16,20,31,33,40,44,47],"killed_by":"Awakened One","ascension_level":5}}