{"host":"7z347kdhnquy3q4q","time":1608514954,"event":{"mods":["Act Like it!","Aspiration","BaseMod","Downfall","Hubris","Minty Spire (QoL Compilation)","MostiFishMod","Permanent Neow","Potionbrewer","Replay The Spire","Robot Space Explorer","Spicy Shops","StSLib","Wandering Minibosses","vexMod"],"gold_per_floor":[199,1,26,26,51,51,74,59,85,260,275,125,141,152,179,276,276,276,289,8,22,34,34,84,112,112,146,146,160,30,125,136,231,231,231,231,264,264,20,20,20,46,63,89,89,29,48,58,73,73],"floor_reached":51,"playtime":3239,"items_purged":["MostiFishMod:FantasySummer"],"score":1270,"play_id":"3cc846d4-eb4b-4a16-8312-e899a193c1a7","local_time":"20201220194234","is_ascension_mode":true,"campfire_choices":[{"data":"Guardian:TwinSlam","floor":1,"key":"SMITH"},{"data":"Guardian:RollAttack","floor":4,"key":"SMITH"},{"data":"Guardian:CurlUp","floor":6,"key":"SMITH"},{"data":"Guardian:Repulse","floor":26,"key":"SMITH"},{"data":"MostiFishMod:Neptune","floor":35,"key":"SMITH"},{"data":"1","floor":38,"key":"LIFT"}],"circlet_count":0,"master_deck":["Guardian:Strike_Guardian","Guardian:Strike_Guardian","Guardian:Strike_Guardian","Guardian:Defend_Guardian+1","Guardian:Defend_Guardian","Guardian:Defend_Guardian","Guardian:Defend_Guardian+1","Guardian:CurlUp+1","Guardian:TwinSlam+1","Guardian:DecasProtection+1","Guardian:BronzeArmor+1","Guardian:RollAttack+1","Guardian:PiercingHide","Guardian:Repulse+1","Guardian:FloatingOrbs","Guardian:PolyBeam+1","Guardian:DonusPower","expansioncontent:QuickStudy","Guardian:DecasProtection","Guardian:VentSteam","MostiFishMod:Neptune+1","MostiFishMod:TheEndOfMoonlight","MostiFishMod:SparklingWater","MostiFishMod:NightSea","expansioncontent:CaCaw","Guardian:Harden","Guardian:EvasiveProtocol+1","Guardian:ConstructionForm","Guardian:WalkerClaw+1"],"relics":["Guardian:ModeShifter","DaveBox","FeatherPendant","vexMod:PaidLearning","War Paint","aspiration:SeaSaltIceCream","Omamori","ReplayTheSpireMod:Lightbulb","hubris:FunFungus","ImportantClient","Guardian:StasisSlotReductionRelic","BionicSphere","Nunchaku","wanderingMiniBosses:CarrionFlame","aspiration:HiddenCompartment","Durian","vexMod:ScavengeHelm","hubris:Icosahedron","Replay:Wax Seal","Strawberry","MoonlightInvasionPlan","Girya","Medical Kit","Replay:Baseball","ReplayTheSpireMod:Ninjato","Replay:WaspNest","Bottled Flame","Replay:Kaleidoscope"],"acts_visited":["Exordium","TheCity","TheBeyond"],"potions_floor_usage":[15,22,32,33,50],"damage_taken":[{"damage":0,"enemies":"downfall:FleeingMerchant","floor":2,"turns":7},{"damage":2,"enemies":"Gremlin Nob","floor":3,"turns":4},{"damage":0,"enemies":"Lagavulin","floor":5,"turns":4},{"damage":0,"enemies":"downfall:FleeingMerchant","floor":8,"turns":4},{"damage":7,"enemies":"3 Sentries","floor":9,"turns":5},{"damage":0,"enemies":"Small Slimes","floor":11,"turns":2},{"damage":0,"enemies":"2 Louse","floor":13,"turns":2},{"damage":0,"enemies":"Cultist","floor":14,"turns":2},{"damage":0,"enemies":"3 Louse","floor":15,"turns":2},{"damage":11,"enemies":"downfall:Defect","floor":16,"turns":5},{"damage":0,"enemies":"Chosen","floor":19,"turns":3},{"damage":0,"enemies":"downfall:FleeingMerchant","floor":20,"turns":4},{"damage":0,"enemies":"Snake Plant","floor":21,"turns":2},{"damage":0,"enemies":"Cultist and Chosen","floor":22,"turns":5},{"damage":0,"enemies":"Replay:Snechameleon","floor":25,"turns":3},{"damage":0,"enemies":"Slavers","floor":27,"turns":2},{"damage":0,"enemies":"Snecko","floor":29,"turns":3},{"damage":0,"enemies":"3 Cultists","floor":32,"turns":2},{"damage":0,"enemies":"downfall:Ironclad","floor":33,"turns":5},{"damage":0,"enemies":"R_Hoarder","floor":37,"turns":4},{"damage":0,"enemies":"Nemesis","floor":42,"turns":3},{"damage":0,"enemies":"3 Darklings","floor":43,"turns":3},{"damage":0,"enemies":"Giant Head","floor":44,"turns":3},{"damage":0,"enemies":"3 Shapes","floor":47,"turns":1},{"damage":0,"enemies":"Transient","floor":48,"turns":5},{"damage":0,"enemies":"Spire Growth","floor":49,"turns":1},{"damage":0,"enemies":"downfall:Watcher","floor":50,"turns":2}],"seed_played":"-7329886052451025433","potions_obtained":[{"floor":5,"key":"potionbrewer:DiscountPotion"},{"floor":9,"key":"ColorlessPotion"},{"floor":11,"key":"potionbrewer:FreezingPotion"},{"floor":14,"key":"potionbrewer:MidasPotion"},{"floor":21,"key":"SpeedPotion"},{"floor":22,"key":"potionbrewer:EndurancePotion"},{"floor":27,"key":"CultistPotion"},{"floor":33,"key":"Swift Potion"},{"floor":42,"key":"PowerPotion"}],"is_trial":false,"path_per_floor":["R","$","E","R","E","R","T","$","E","?","M","?","M","M","M","B",null,"R","M","$","M","M","$","T","E","R","E","?","M","$","?","M","B",null,"R","?","E","R","$","?","T","E","M","E","?","$","M","M","M","B",null],"character_chosen":"GUARDIAN","items_purchased":["Guardian:BronzeArmor","vexMod:PaidLearning","BionicSphere","expansioncontent:QuickStudy","Nunchaku","Replay:Wax Seal","Strawberry","Medical Kit","Replay:Baseball"],"campfire_rested":0,"item_purchase_floors":[2,2,20,20,20,30,30,39,39],"current_hp_per_floor":[80,80,78,78,78,78,78,78,71,71,73,90,90,90,90,80,90,90,90,90,90,90,90,90,95,95,95,95,95,102,77,86,90,102,102,102,102,102,102,102,102,102,102,102,102,102,102,102,102,102],"gold":73,"neow_bonus":"HUNDRED_GOLD","is_daily":false,"chose_seed":false,"campfire_upgraded":5,"win_rate":0.0,"timestamp":1608514954,"path_taken":["R","$","E","R","E","R","T","$","E","?","M","?","M","M","M","BOSS","R","M","$","M","M","$","T","E","R","E","?","M","$","?","M","BOSS","R","?","E","R","$","?","T","E","?","E","?","?","M","M","M","BOSS"],"items_purchased_type":["Card","Relic","Relic","Card","Relic","Relic","Relic","Relic","Relic"],"build_version":"2020-12-13","purchased_purges":1,"victory":true,"max_hp_per_floor":[80,80,80,80,80,80,80,80,80,80,80,90,90,90,90,90,90,90,90,90,90,90,90,90,95,95,95,95,95,102,102,102,102,102,102,102,102,102,102,102,102,102,102,102,102,102,102,102,102,102],"card_choices":[{"not_picked":["Guardian:Gem_Green","Guardian:Planning"],"picked":"Guardian:DecasProtection","floor":2},{"not_picked":["Guardian:Orbwalk","Guardian:MultiBeam"],"picked":"Guardian:RollAttack","floor":3},{"not_picked":["Guardian:TimeBomb","Guardian:TimeCapacitor"],"picked":"Guardian:Gem_Red","floor":5},{"not_picked":["Guardian:Suspension","Guardian:ArmoredProtocol"],"picked":"Guardian:PiercingHide","floor":8},{"not_picked":["Guardian:ShieldCharger","Guardian:RollAttack"],"picked":"Guardian:Repulse","floor":9},{"not_picked":["Guardian:WalkerClaw","Guardian:PiercingHide","Guardian:Reroute"],"picked":"SKIP","floor":11},{"not_picked":["Guardian:Gem_Crimson","Guardian:Gem_Purple"],"picked":"Guardian:Gem_Red","floor":13},{"not_picked":["Guardian:WalkerClaw","Guardian:SentryBeam"],"picked":"Guardian:Gem_Red","floor":14},{"not_picked":["Guardian:TimeSifter","Guardian:Gem_Red"],"picked":"Guardian:FloatingOrbs","floor":15},{"not_picked":["Guardian:StasisStrike","Guardian:TimeSifter"],"picked":"Guardian:Gem_Synthetic","floor":16},{"not_picked":["Guardian:WalkerClaw","Guardian:Planning"],"picked":"Guardian:PolyBeam+1","floor":19},{"not_picked":["Guardian:ShieldCharger","Guardian:RollAttack"],"picked":"Guardian:DonusPower","floor":20},{"not_picked":["Guardian:WalkerClaw","Guardian:Gem_Green","Guardian:ShieldCharger"],"picked":"SKIP","floor":21},{"not_picked":["Guardian:ShieldCharger","Guardian:BronzeArmor"],"picked":"Guardian:Gem_Orange","floor":22},{"not_picked":["Guardian:ArmoredProtocol","Guardian:Gem_Lightblue"],"picked":"Guardian:DecasProtection","floor":25},{"not_picked":["Guardian:Gem_Lightblue","Guardian:Gem_Cyan","Guardian:RefractedBeam"],"picked":"SKIP","floor":27},{"not_picked":["Guardian:TimeBomb+1","Guardian:Reroute","Guardian:Incinerate"],"picked":"SKIP","floor":29},{"not_picked":["Guardian:TimeCapacitor+1","Guardian:RollAttack"],"picked":"Guardian:VentSteam","floor":32},{"not_picked":["Guardian:GemFire","Guardian:HyperBeam_Guardian"],"picked":"Guardian:Gem_Orange","floor":33},{"not_picked":["expansioncontent:GoopSpray","expansioncontent:AwakenDeath"],"picked":"expansioncontent:CaCaw","floor":36},{"not_picked":["Guardian:CrystalBeam","Guardian:Planning+1","Guardian:PrimingBeam"],"picked":"SKIP","floor":37},{"not_picked":["Guardian:Incinerate+1","Guardian:PrimingBeam"],"picked":"Guardian:Harden","floor":42},{"not_picked":["Guardian:RefractedBeam","Guardian:WalkerClaw","Guardian:RollAttack"],"picked":"SKIP","floor":43},{"not_picked":["Guardian:ShieldSpikes","Guardian:Repulse+1"],"picked":"Guardian:EvasiveProtocol+1","floor":44},{"not_picked":["Guardian:Gem_Lightblue","Guardian:TemporalStrike","Guardian:Gem_Cyan"],"picked":"SKIP","floor":47},{"not_picked":["Guardian:PrimingBeam","Guardian:Gem_Crimson"],"picked":"Guardian:ConstructionForm","floor":48},{"not_picked":["Guardian:Gem_Crimson","Guardian:Suspension"],"picked":"Guardian:WalkerClaw+1","floor":49}],"player_experience":1890101,"relics_obtained":[{"floor":3,"key":"War Paint"},{"floor":5,"key":"aspiration:SeaSaltIceCream"},{"floor":7,"key":"ReplayTheSpireMod:Lightbulb"},{"floor":9,"key":"hubris:FunFungus"},{"floor":16,"key":"ImportantClient"},{"floor":22,"key":"wanderingMiniBosses:CarrionFlame"},{"floor":24,"key":"aspiration:HiddenCompartment"},{"floor":25,"key":"Durian"},{"floor":27,"key":"vexMod:ScavengeHelm"},{"floor":37,"key":"Girya"},{"floor":40,"key":"ReplayTheSpireMod:Ninjato"},{"floor":41,"key":"Replay:WaspNest"},{"floor":42,"key":"Bottled Flame"},{"floor":44,"key":"Replay:Kaleidoscope"}],"event_choices":[{"cards_removed":["Guardian:Strike_Guardian"],"damage_healed":0,"gold_gain":0,"player_choice":"Card Removal","damage_taken":0,"max_hp_gain":0,"max_hp_loss":0,"event_name":"Wheel of Change","floor":18,"gold_loss":0},{"damage_healed":0,"gold_gain":0,"player_choice":"Got Potions","damage_taken":0,"max_hp_gain":0,"max_hp_loss":0,"event_name":"Lab","floor":45,"gold_loss":0}],"is_beta":false,"boss_relics":[{"not_picked":["PatriotShield","Abe\u0027s Treasure"],"picked":"Guardian:StasisSlotReductionRelic"},{"not_picked":["hubris:GrandSneckoEye","TakeMeEscape"],"picked":"MoonlightInvasionPlan"}],"items_purged_floors":[46],"is_endless":false,"potions_floor_spawned":[5,9,11,14,21,22,27,29,33,42,44,49],"ascension_level":2}}