{"host":"x1qj4d8ympd5jdqh","time":1608544428,"event":{"mods":["AchievementEnabler","AlwaysNeverKeys","BaseMod","Colored Map","Custom Start","DeckTracker","Highlight Path","Minty Spire (QoL Compilation)","StSLib","SuperFastMode"],"gold_per_floor":[117,117,42,56,68,68,98,117,142,142,217,217,244,264,264,335,335,345,345,373,217,217,217,217,217],"floor_reached":24,"playtime":525,"items_purged":["Strike_P","Strike_P"],"score":484,"play_id":"e76555c9-d262-4e60-bfc5-f32f5623e45d","local_time":"20201221185348","is_ascension_mode":true,"campfire_choices":[{"data":"Adaptation","floor":6.0,"key":"SMITH"},{"data":"SignatureMove","floor":10.0,"key":"SMITH"},{"data":"Devotion","floor":12.0,"key":"SMITH"},{"data":"CrushJoints","floor":15.0,"key":"SMITH"},{"data":"Prostrate","floor":23.0,"key":"SMITH"}],"circlet_count":0,"master_deck":["AscendersBane","Strike_P","Strike_P","Defend_P","Defend_P","Defend_P","Defend_P","Eruption+1","Vigilance","Devotion+1","Adaptation+1","FearNoEvil","CrushJoints+1","Brilliance","Prostrate+1","InnerPeace","EmptyBody"],"relics":["PureWater","Anchor","Potion Belt","Damaru","Coffee Dripper","Red Mask"],"acts_visited":["Exordium","TheCity"],"potions_floor_usage":[24],"damage_taken":[{"damage":9.0,"enemies":"2 Louse","floor":1.0,"turns":2.0},{"damage":0.0,"enemies":"Cultist","floor":4.0,"turns":4.0},{"damage":0.0,"enemies":"Jaw Worm","floor":5.0,"turns":3.0},{"damage":0.0,"enemies":"Gremlin Nob","floor":7.0,"turns":2.0},{"damage":3.0,"enemies":"3 Louse","floor":8.0,"turns":3.0},{"damage":3.0,"enemies":"Large Slime","floor":14.0,"turns":4.0},{"damage":15.0,"enemies":"Hexaghost","floor":16.0,"turns":5.0},{"damage":7.0,"enemies":"Chosen","floor":18.0,"turns":3.0},{"damage":21.0,"enemies":"Masked Bandits","floor":20.0,"turns":4.0},{"damage":0,"enemies":"Slavers","floor":24,"turns":1}],"seed_played":"-3049024803850386585","potions_obtained":[{"floor":4.0,"key":"BottledMiracle"},{"floor":14.0,"key":"AttackPotion"},{"floor":16.0,"key":"GamblersBrew"},{"floor":18.0,"key":"Ancient Potion"}],"is_trial":false,"path_per_floor":["M","?","$","M","M","R","E","M","T","R","?","R","T","M","R","B",null,"M","?","?","$","?","R","E"],"character_chosen":"WATCHER","items_purchased":["EmptyBody"],"campfire_rested":0,"item_purchase_floors":[21],"current_hp_per_floor":[52,52,52,52,52,52,52,49,49,49,38,38,38,35,35,20,56,49,49,28,28,9,9,9,9],"gold":217,"neow_bonus":"UPGRADE_CARD","is_daily":false,"chose_seed":false,"campfire_upgraded":5,"win_rate":0.0,"timestamp":1608544428,"path_taken":["M","?","?","M","M","R","E","?","T","R","?","R","?","M","R","BOSS","M","?","?","$","?","R","E"],"items_purchased_type":["Card"],"build_version":"2020-12-13","purchased_purges":2,"victory":false,"max_hp_per_floor":[68,68,68,68,68,68,68,68,68,68,68,68,68,68,68,68,68,68,68,68,68,73,73,73,73],"card_choices":[{"not_picked":["SashWhip","Nirvana"],"picked":"SignatureMove","floor":1.0},{"not_picked":["FlyingSleeves","SandsOfTime","ClearTheMind"],"picked":"SKIP","floor":4.0},{"not_picked":["Evaluate","PathToVictory"],"picked":"Adaptation","floor":5.0},{"not_picked":["CarveReality","FlyingSleeves"],"picked":"FearNoEvil","floor":7.0},{"not_picked":["SashWhip","Protect","Worship"],"picked":"SKIP","floor":8.0},{"not_picked":["EmptyFist","FlurryOfBlows"],"picked":"CrushJoints","floor":14.0},{"not_picked":["Blasphemy","DeusExMachina"],"picked":"Brilliance","floor":16.0},{"not_picked":["Collect","SashWhip"],"picked":"Prostrate","floor":18.0},{"not_picked":["CrushJoints","Meditate"],"picked":"InnerPeace","floor":20.0}],"player_experience":1254076,"relics_obtained":[{"floor":7.0,"key":"Anchor"},{"floor":9.0,"key":"Potion Belt"},{"floor":13.0,"key":"Damaru"},{"floor":20.0,"key":"Red Mask"}],"event_choices":[{"damage_healed":0.0,"max_hp_gain":0.0,"max_hp_loss":0.0,"gold_gain":0.0,"event_name":"Match and Keep!","player_choice":"1 cards matched","floor":2.0,"gold_loss":0.0,"damage_taken":0.0,"cards_obtained":["Devotion"]},{"damage_healed":0.0,"max_hp_gain":0.0,"max_hp_loss":0.0,"gold_gain":75.0,"event_name":"World of Goop","player_choice":"Gather Gold","floor":11.0,"gold_loss":0.0,"damage_taken":11.0},{"cards_removed":["SignatureMove"],"damage_healed":0.0,"max_hp_gain":0.0,"max_hp_loss":0.0,"gold_gain":0.0,"event_name":"Back to Basics","player_choice":"Elegance","floor":19.0,"gold_loss":0.0,"damage_taken":0.0},{"damage_healed":0.0,"max_hp_gain":0.0,"max_hp_loss":0.0,"gold_gain":0.0,"event_name":"Masked Bandits","player_choice":"Fought Bandits","floor":20.0,"gold_loss":0.0,"damage_taken":0.0},{"damage_healed":0.0,"max_hp_gain":5.0,"max_hp_loss":0.0,"gold_gain":0.0,"event_name":"Forgotten Altar","player_choice":"Shed Blood","floor":22.0,"gold_loss":0.0,"damage_taken":24.0}],"is_beta":false,"boss_relics":[{"not_picked":["Snecko Eye","Tiny House"],"picked":"Coffee Dripper"}],"items_purged_floors":[3,21],"is_endless":false,"potions_floor_spawned":[4,14,16,18],"killed_by":"Slavers","ascension_level":20}}