{"host":"mvlqq966zh3ccmv5","time":1608570037,"event":{"mods":["AchievementEnabler","BaseMod","DeckTracker","Minty Spire (QoL Compilation)","SuperFastMode"],"gold_per_floor":[116,191,206,223,223,223,258,258,258,258,290,51,67,84,84,180,180,200,80,100,118,130,130,155,165,165,165,177,193,193,49,49,154,154,168,183,203,203,131,131,131],"floor_reached":40,"playtime":1169,"items_purged":["Pain","Strike_G","Strike_G"],"score":668,"play_id":"db82c30c-5776-45c0-8135-37851434d5d9","local_time":"20201222020037","is_ascension_mode":true,"campfire_choices":[{"data":"Cloak And Dagger","floor":6.0,"key":"SMITH"},{"floor":8.0,"key":"REST"},{"data":"Neutralize","floor":10.0,"key":"SMITH"},{"data":"Cloak And Dagger","floor":15.0,"key":"SMITH"},{"floor":23.0,"key":"REST"},{"data":"Choke","floor":27.0,"key":"SMITH"},{"data":"Blade Dance","floor":32.0,"key":"SMITH"}],"circlet_count":0,"master_deck":["AscendersBane","Strike_G","Strike_G","Strike_G","Defend_G","Defend_G","Defend_G","Defend_G","Defend_G","Survivor","Neutralize+1","Clumsy","Cloak And Dagger+1","Infinite Blades","Expertise","Calculated Gamble","Cloak And Dagger+1","Acrobatics","Wraith Form v2","Flying Knee+1","Choke+1","Riddle With Holes","Endless Agony","Masterful Stab+1","Backflip","Injury","Masterful Stab","Blade Dance+1","A Thousand Cuts","CurseOfTheBell","Blur+1","Riddle With Holes+1","Dagger Throw"],"relics":["Ring of the Snake","CaptainsWheel","WarpedTongs","Shuriken","Darkstone Periapt","Smiling Mask","TwistedFunnel","Cursed Key","Eternal Feather","Tiny Chest","HandDrill","Calling Bell","Bag of Marbles","Meat on the Bone","Incense Burner"],"acts_visited":["Exordium","TheCity","TheBeyond"],"potions_floor_usage":[],"damage_taken":[{"damage":0.0,"enemies":"Small Slimes","floor":1.0,"turns":4.0},{"damage":0.0,"enemies":"Cultist","floor":3.0,"turns":5.0},{"damage":4.0,"enemies":"Jaw Worm","floor":4.0,"turns":4.0},{"damage":31.0,"enemies":"3 Sentries","floor":7.0,"turns":8.0},{"damage":8.0,"enemies":"Lagavulin","floor":11.0,"turns":5.0},{"damage":0.0,"enemies":"Looter","floor":13.0,"turns":4.0},{"damage":0.0,"enemies":"Blue Slaver","floor":14.0,"turns":4.0},{"damage":16.0,"enemies":"Slime Boss","floor":16.0,"turns":8.0},{"damage":0.0,"enemies":"Spheric Guardian","floor":18.0,"turns":4.0},{"damage":0.0,"enemies":"Chosen","floor":20.0,"turns":4.0},{"damage":8.0,"enemies":"Shelled Parasite and Fungi","floor":21.0,"turns":5.0},{"damage":13.0,"enemies":"Snake Plant","floor":22.0,"turns":4.0},{"damage":0.0,"enemies":"Slavers","floor":24.0,"turns":5.0},{"damage":1.0,"enemies":"Sentry and Sphere","floor":25.0,"turns":4.0},{"damage":1.0,"enemies":"Chosen and Byrds","floor":28.0,"turns":3.0},{"damage":11.0,"enemies":"Snake Plant","floor":29.0,"turns":3.0},{"damage":9.0,"enemies":"Collector","floor":33.0,"turns":5.0},{"damage":31.0,"enemies":"3 Darklings","floor":35.0,"turns":8.0},{"damage":1.0,"enemies":"3 Shapes","floor":36.0,"turns":4.0},{"damage":19,"enemies":"Transient","floor":37,"turns":5},{"damage":14,"enemies":"Giant Head","floor":40,"turns":6}],"seed_played":"-2707405051302918348","potions_obtained":[{"floor":1.0,"key":"LiquidBronze"},{"floor":7.0,"key":"DuplicationPotion"},{"floor":14.0,"key":"Swift Potion"},{"floor":24.0,"key":"PowerPotion"},{"floor":33.0,"key":"Ancient Potion"},{"floor":36.0,"key":"Dexterity Potion"}],"is_trial":false,"path_per_floor":["M","?","M","M","?","R","E","R","T","R","E","$","M","M","R","B",null,"M","$","M","M","M","R","E","M","T","R","M","M","?","$","R","B",null,"M","M","M","?","$","E"],"character_chosen":"THE_SILENT","items_purchased":["TwistedFunnel","Acrobatics","Choke","HandDrill","Dagger Throw"],"campfire_rested":2,"item_purchase_floors":[12,12,19,31,39],"current_hp_per_floor":[63,52,52,48,48,48,17,38,38,38,30,30,30,30,30,14,56,56,56,56,48,35,56,56,55,61,76,75,64,64,64,76,67,80,49,48,41,41,41,27,27],"gold":131,"neow_bonus":"ONE_RARE_RELIC","is_daily":false,"chose_seed":false,"campfire_upgraded":5,"win_rate":0.0,"timestamp":1608570037,"path_taken":["M","?","M","M","?","R","E","R","T","R","E","$","?","M","R","BOSS","M","$","M","M","M","R","E","M","T","R","M","M","?","$","R","BOSS","M","M","M","?","$","E"],"items_purchased_type":["Relic","Card","Card","Relic","Card"],"build_version":"2020-12-13","purchased_purges":3,"victory":false,"max_hp_per_floor":[70,70,70,70,70,70,70,70,70,70,70,70,70,70,70,70,70,70,70,70,70,70,70,70,70,76,76,76,76,76,76,76,76,82,82,82,82,78,78,78,78],"card_choices":[{"not_picked":["Skewer","Quick Slash"],"picked":"Cloak And Dagger","floor":1.0},{"not_picked":["Outmaneuver","Prepared"],"picked":"Infinite Blades","floor":3.0},{"not_picked":["Dagger Spray","Backstab"],"picked":"Expertise","floor":4.0},{"not_picked":["Footwork","Bane"],"picked":"Calculated Gamble","floor":7.0},{"not_picked":["PiercingWail","Prepared"],"picked":"Cloak And Dagger","floor":11.0},{"not_picked":["Acrobatics","Skewer","Predator"],"picked":"SKIP","floor":13.0},{"not_picked":["Bouncing Flask","Outmaneuver","Quick Slash"],"picked":"SKIP","floor":14.0},{"not_picked":["Malaise","Unload"],"picked":"Wraith Form v2","floor":16.0},{"not_picked":["Deflect+1","Sucker Punch"],"picked":"Flying Knee+1","floor":18.0},{"not_picked":["Poisoned Stab","Slice"],"picked":"Riddle With Holes","floor":20.0},{"not_picked":["Poisoned Stab","Sucker Punch"],"picked":"Endless Agony","floor":21.0},{"not_picked":["Dodge and Roll","Poisoned Stab"],"picked":"Masterful Stab+1","floor":22.0},{"not_picked":["Unload","Dodge and Roll","Sucker Punch"],"picked":"SKIP","floor":24.0},{"not_picked":["Acrobatics","Dagger Spray+1"],"picked":"Backflip","floor":25.0},{"not_picked":["Flechettes","Acrobatics"],"picked":"Masterful Stab","floor":28.0},{"not_picked":["Prepared","Underhanded Strike"],"picked":"Blade Dance","floor":29.0},{"not_picked":["After Image","Tools of the Trade"],"picked":"A Thousand Cuts","floor":33.0},{"not_picked":["Bane+1","Deadly Poison+1","Quick Slash"],"picked":"SKIP","floor":35.0},{"not_picked":["Acrobatics+1","Predator+1"],"picked":"Blur+1","floor":36.0},{"not_picked":["Slice","Deflect+1"],"picked":"Riddle With Holes+1","floor":37}],"player_experience":220664,"relics_obtained":[{"floor":7.0,"key":"Shuriken"},{"floor":9.0,"key":"Darkstone Periapt"},{"floor":11.0,"key":"Smiling Mask"},{"floor":24.0,"key":"Eternal Feather"},{"floor":26.0,"key":"Tiny Chest"},{"floor":34.0,"key":"Bag of Marbles"},{"floor":34.0,"key":"Meat on the Bone"},{"floor":34.0,"key":"Incense Burner"}],"event_choices":[{"damage_healed":0.0,"max_hp_gain":0.0,"max_hp_loss":0.0,"gold_gain":75.0,"event_name":"World of Goop","player_choice":"Gather Gold","floor":2.0,"gold_loss":0.0,"damage_taken":11.0},{"damage_healed":0.0,"max_hp_gain":0.0,"max_hp_loss":0.0,"gold_gain":0.0,"event_name":"Accursed Blacksmith","player_choice":"Rummage","floor":5.0,"gold_loss":0.0,"damage_taken":0.0,"relics_obtained":["WarpedTongs"],"cards_obtained":["Pain"]},{"damage_healed":0.0,"max_hp_gain":0.0,"max_hp_loss":0.0,"gold_gain":0.0,"event_name":"Vampires","player_choice":"Ignored","floor":30.0,"gold_loss":0.0,"damage_taken":0.0},{"damage_healed":0,"gold_gain":0,"player_choice":"Max HP","damage_taken":0,"max_hp_gain":0,"max_hp_loss":4,"event_name":"Winding Halls","floor":38,"gold_loss":0}],"is_beta":false,"boss_relics":[{"not_picked":["Runic Pyramid","Empty Cage"],"picked":"Cursed Key"},{"not_picked":["Philosopher\u0027s Stone","Pandora\u0027s Box"],"picked":"Calling Bell"}],"items_purged_floors":[12,19,39],"is_endless":false,"potions_floor_spawned":[1,7,14,24,25,28,33,36],"killed_by":"Giant Head","ascension_level":10}}