{"host":"bq4pt811tk9yrmjl","time":1608553352,"event":{"mods":["AchievementEnabler","BaseMod","Colored Map","Colored Powertips","Defuse TimeMaze Blight","Minty Spire (QoL Compilation)","StSLib","SuperFastMode","UnlockEverythingMod"],"gold_per_floor":[115,115,133,133,133,159,178,29,79,93,119,119,145,165,165,268,268,279,279,279,290,300,300,318,331,331,346,374,374,224,241,241,337,337,351,351,363,381,399,412,412,439,463,463,309,326,326,326,326,326,326,326,21,51,51,51],"floor_reached":55,"playtime":1056,"items_purged":["Anger"],"score":804,"play_id":"58c083d5-fbc2-4df4-a5e5-19ac59122dd9","local_time":"20201221102232","is_ascension_mode":true,"campfire_choices":[{"data":"Metallicize","floor":12.0,"key":"SMITH"},{"data":"Whirlwind","floor":15.0,"key":"SMITH"},{"data":"Limit Break","floor":23.0,"key":"SMITH"},{"floor":29.0,"key":"RECALL"},{"floor":32.0,"key":"REST"},{"floor":44,"key":"REST"},{"data":"Limit Break","floor":47,"key":"SMITH"},{"data":"Rage","floor":49,"key":"SMITH"},{"data":"Rampage","floor":52,"key":"SMITH"}],"circlet_count":0,"master_deck":["Strike_R","Strike_R","Strike_R","Strike_R+1","Defend_R","Defend_R","Defend_R","Defend_R","Bash+1","Thunderclap","Whirlwind+1","Intimidate","Clash","Metallicize+1","Flex","Limit Break+1","Rampage+1","Flame Barrier+1","Carnage+1","Armaments+1","Body Slam+1","Limit Break+1","True Grit+1","Rage+1","Ghostly Armor+1","Clash+1","Spot Weakness+1","Disarm"],"relics":["Burning Blood","NeowsBlessing","Regal Pillow","Strawberry","ClockworkSouvenir","Pen Nib","Ornamental Fan","Self Forming Clay","Sozu","MutagenicStrength","Whetstone","OrangePellets","Mark of Pain","Thread and Needle","Lantern","TheAbacus","Membership Card","Nunchaku","Akabeko"],"acts_visited":["Exordium","TheCity","TheBeyond","TheEnding"],"potions_floor_usage":[],"damage_taken":[{"damage":0.0,"enemies":"Cultist","floor":1.0,"turns":1.0},{"damage":0.0,"enemies":"2 Louse","floor":3.0,"turns":1.0},{"damage":0.0,"enemies":"3 Sentries","floor":6.0,"turns":1.0},{"damage":7.0,"enemies":"Small Slimes","floor":7.0,"turns":3.0},{"damage":9.0,"enemies":"Blue Slaver","floor":10.0,"turns":4.0},{"damage":0.0,"enemies":"Gremlin Nob","floor":11.0,"turns":2.0},{"damage":23.0,"enemies":"Lagavulin","floor":13.0,"turns":5.0},{"damage":1.0,"enemies":"3 Louse","floor":14.0,"turns":2.0},{"damage":31.0,"enemies":"The Guardian","floor":16.0,"turns":13.0},{"damage":10.0,"enemies":"2 Thieves","floor":18.0,"turns":2.0},{"damage":1.0,"enemies":"Chosen","floor":21.0,"turns":2.0},{"damage":6.0,"enemies":"Centurion and Healer","floor":22.0,"turns":2.0},{"damage":5.0,"enemies":"Sentry and Sphere","floor":24.0,"turns":3.0},{"damage":0.0,"enemies":"Cultist and Chosen","floor":25.0,"turns":3.0},{"damage":1.0,"enemies":"Snecko","floor":27.0,"turns":5.0},{"damage":16.0,"enemies":"Book of Stabbing","floor":28.0,"turns":5.0},{"damage":8.0,"enemies":"3 Cultists","floor":31.0,"turns":4.0},{"damage":46.0,"enemies":"Champ","floor":33.0,"turns":9.0},{"damage":3.0,"enemies":"3 Shapes","floor":35.0,"turns":7.0},{"damage":6.0,"enemies":"3 Darklings","floor":37.0,"turns":3.0},{"damage":8,"enemies":"Spire Growth","floor":38,"turns":4},{"damage":13,"enemies":"Maw","floor":39,"turns":7},{"damage":8,"enemies":"Sphere and 2 Shapes","floor":40,"turns":3},{"damage":47,"enemies":"Reptomancer","floor":42,"turns":6},{"damage":0,"enemies":"Jaw Worm Horde","floor":46,"turns":3},{"damage":78,"enemies":"Time Eater","floor":50,"turns":9},{"damage":91,"enemies":"Shield and Spear","floor":54,"turns":8},{"damage":9,"enemies":"The Heart","floor":55,"turns":2}],"seed_played":"-2266134388927882577","potions_obtained":[{"floor":1.0,"key":"LiquidMemories"},{"floor":6.0,"key":"CultistPotion"},{"floor":10.0,"key":"LiquidMemories"},{"floor":14.0,"key":"FearPotion"},{"floor":16.0,"key":"LiquidMemories"}],"is_trial":false,"path_per_floor":["M","?","M","?","?","E","M","$","T","M","E","R","E","M","R","B",null,"M","?","?","M","M","R","M","M","T","M","E","R","$","M","R","B",null,"M","?","M","M","M","M","?","E","T","R","$","M","R","?","R","B",null,"R","$","E","B"],"character_chosen":"IRONCLAD","items_purchased":["ClockworkSouvenir","OrangePellets","TheAbacus","Membership Card","Nunchaku","Disarm"],"campfire_rested":2,"item_purchase_floors":[8,30,45,53,53,53],"current_hp_per_floor":[80,80,80,80,80,87,86,86,86,83,87,87,70,75,75,50,87,83,66,66,71,71,71,72,78,78,83,73,73,73,71,92,52,92,92,92,92,90,83,81,81,40,40,82,82,88,88,88,88,16,92,92,92,7,0,0],"gold":51,"neow_bonus":"THREE_ENEMY_KILL","is_daily":false,"chose_seed":false,"campfire_upgraded":6,"win_rate":0.0,"timestamp":1608553352,"path_taken":["M","?","M","?","?","E","M","?","T","M","E","R","E","M","R","BOSS","M","?","?","M","M","R","M","M","T","M","E","R","$","M","R","BOSS","M","?","M","M","?","M","?","E","T","R","$","M","R","?","R","BOSS","R","$","E","BOSS"],"items_purchased_type":["Relic","Relic","Relic","Relic","Relic","Card"],"build_version":"2020-12-13","purchased_purges":1,"victory":false,"max_hp_per_floor":[80,80,80,80,80,87,87,87,87,87,87,87,87,87,87,87,87,87,92,92,92,92,92,92,92,92,92,92,92,92,92,92,92,92,92,92,92,92,92,92,92,92,92,92,92,92,92,92,92,92,92,92,92,92,92,92],"card_choices":[{"not_picked":["Battle Trance","Heavy Blade"],"picked":"Thunderclap","floor":1.0},{"not_picked":["Cleave","Clash"],"picked":"Whirlwind","floor":3.0},{"not_picked":["Barricade","Sword Boomerang"],"picked":"Intimidate","floor":6.0},{"not_picked":["Seeing Red","Twin Strike"],"picked":"Clash","floor":7.0},{"not_picked":["Sever Soul","Havoc"],"picked":"Metallicize","floor":10.0},{"not_picked":["Barricade","Battle Trance"],"picked":"Flex","floor":11.0},{"not_picked":["Combust","Sentinel","Flex"],"picked":"SKIP","floor":13.0},{"not_picked":["Pommel Strike","Combust"],"picked":"Anger","floor":14.0},{"not_picked":["Double Tap","Impervious"],"picked":"Limit Break","floor":16.0},{"not_picked":["Bloodletting","Blood for Blood"],"picked":"Rampage","floor":18.0},{"not_picked":["Flex","Iron Wave"],"picked":"Flame Barrier+1","floor":21.0},{"not_picked":["True Grit+1","Thunderclap"],"picked":"Carnage+1","floor":22.0},{"not_picked":["Perfected Strike","Bloodletting","Iron Wave"],"picked":"SKIP","floor":24.0},{"not_picked":["Cleave","Ghostly Armor"],"picked":"Armaments+1","floor":25.0},{"not_picked":["Thunderclap","Metallicize"],"picked":"Body Slam+1","floor":27.0},{"not_picked":["True Grit","Combust","Pommel Strike"],"picked":"SKIP","floor":28.0},{"not_picked":["Armaments+1","Clothesline","Warcry"],"picked":"SKIP","floor":31.0},{"not_picked":["Impervious","Feed"],"picked":"Limit Break","floor":33.0},{"not_picked":["Anger","Seeing Red","Heavy Blade"],"picked":"SKIP","floor":35.0},{"not_picked":["Twin Strike","Warcry+1"],"picked":"True Grit+1","floor":37.0},{"not_picked":["Shrug It Off","Warcry+1"],"picked":"Rage","floor":38},{"not_picked":["Clothesline+1","Headbutt+1"],"picked":"Ghostly Armor+1","floor":39},{"not_picked":["Pommel Strike+1","Dark Embrace"],"picked":"Clash+1","floor":40},{"not_picked":["Armaments+1","Burning Pact","Uppercut"],"picked":"SKIP","floor":42},{"not_picked":["Flex","Pommel Strike+1"],"picked":"Spot Weakness+1","floor":46},{"not_picked":["Dropkick","Brutality","Sentinel"],"picked":"SKIP","floor":54}],"player_experience":90049,"relics_obtained":[{"floor":6.0,"key":"Strawberry"},{"floor":9.0,"key":"Pen Nib"},{"floor":11.0,"key":"Ornamental Fan"},{"floor":13.0,"key":"Self Forming Clay"},{"floor":28.0,"key":"Whetstone"},{"floor":42,"key":"Thread and Needle"},{"floor":43,"key":"Lantern"},{"floor":54,"key":"Akabeko"}],"event_choices":[{"damage_healed":0.0,"max_hp_gain":0.0,"max_hp_loss":0.0,"gold_gain":0.0,"event_name":"Big Fish","player_choice":"Box","floor":2.0,"gold_loss":0.0,"damage_taken":0.0,"relics_obtained":["Regal Pillow"],"cards_obtained":["Regret"]},{"cards_removed":["Regret"],"damage_healed":0.0,"max_hp_gain":0.0,"max_hp_loss":0.0,"gold_gain":0.0,"event_name":"Living Wall","player_choice":"Forget","floor":4.0,"gold_loss":0.0,"damage_taken":0.0},{"damage_healed":0.0,"max_hp_gain":0.0,"max_hp_loss":0.0,"gold_gain":0.0,"event_name":"Liars Game","player_choice":"Ignored","floor":5.0,"gold_loss":0.0,"damage_taken":0.0},{"damage_healed":0.0,"max_hp_gain":5.0,"max_hp_loss":0.0,"gold_gain":0.0,"event_name":"Forgotten Altar","player_choice":"Shed Blood","floor":19.0,"gold_loss":0.0,"damage_taken":22.0},{"damage_healed":0.0,"max_hp_gain":0.0,"max_hp_loss":0.0,"gold_gain":0.0,"event_name":"Drug Dealer","player_choice":"Inject Mutagens","floor":20.0,"gold_loss":0.0,"damage_taken":0.0,"relics_obtained":["MutagenicStrength"]},{"damage_healed":0.0,"max_hp_gain":0.0,"max_hp_loss":0.0,"gold_gain":0.0,"event_name":"The Woman in Blue","player_choice":"Bought 0 Potions","floor":36.0,"gold_loss":0.0,"damage_taken":0.0},{"damage_healed":0,"gold_gain":0,"player_choice":"Ignored","damage_taken":0,"max_hp_gain":0,"max_hp_loss":0,"event_name":"Tomb of Lord Red Mask","floor":41,"gold_loss":0},{"cards_removed":["Strike_R"],"damage_healed":0,"gold_gain":0,"player_choice":"Removed Attack","damage_taken":0,"max_hp_gain":0,"max_hp_loss":0,"event_name":"Falling","floor":48,"gold_loss":0}],"is_beta":false,"boss_relics":[{"not_picked":["Ectoplasm","Calling Bell"],"picked":"Sozu"},{"not_picked":["Philosopher\u0027s Stone","Astrolabe"],"picked":"Mark of Pain"}],"items_purged_floors":[53],"is_endless":false,"potions_floor_spawned":[1,6,10,14,16,21,24,25,27,37,39,42],"killed_by":"The Heart","ascension_level":1}}