{"host":"cjhtzh7tp54jdfyv","time":1608536690,"event":{"mods":["AchievementEnabler","BaseMod","Colored Map","Colored Powertips","Filter the Spire","Minty Spire (QoL Compilation)","RNG Fix","StSLib","ojb\u0027s Better Paths Mod","ojb\u0027s Info Mod"],"gold_per_floor":[111,261,273,285,12,12,30,30,30,40,40,40,102,102,102,174,174,188,188,188,208,218,218,248,266,266,301,301,312,312,183,183,257,257,268,316,334,346,346,346,357,357,357,357,22,33,66,86,86,86,86,86,86,33,60,60],"floor_reached":57,"playtime":4712,"items_purged":["Doubt","Strike_G"],"score":2924,"play_id":"2719aff9-582c-45a9-91b1-7eb11d9e90b5","local_time":"20201221024450","is_ascension_mode":true,"campfire_choices":[{"floor":6.0,"key":"DIG"},{"floor":8.0,"key":"DIG"},{"floor":12.0,"key":"DIG"},{"floor":15.0,"key":"DIG"},{"floor":23.0,"key":"DIG"},{"floor":28.0,"key":"DIG"},{"floor":30.0,"key":"DIG"},{"floor":32.0,"key":"DIG"},{"floor":40.0,"key":"DIG"},{"floor":42.0,"key":"DIG"},{"floor":44.0,"key":"DIG"},{"floor":49,"key":"RECALL"},{"floor":53,"key":"DIG"}],"circlet_count":0,"master_deck":["AscendersBane","Strike_G","Strike_G","Strike_G","Defend_G","Defend_G","Defend_G","Defend_G","Defend_G","Survivor","Neutralize","CurseOfTheBell","Dagger Spray","Crippling Poison","Well Laid Plans","Cloak And Dagger","Predator","Calculated Gamble","Malaise","Backstab","RitualDagger","Well Laid Plans","Infinite Blades","Burst+1","Cloak And Dagger+1","Blade Dance+1","Corpse Explosion+1","PiercingWail+1","Prepared+1","Terror+1","Cloak And Dagger+1","Blade Dance+1","Backflip+1","Blade Dance+1","Deflect+1"],"relics":["Calling Bell","Happy Flower","HornCleat","Shovel","Omamori","Vajra","Dead Branch","Gremlin Horn","Lantern","StrikeDummy","SlaversCollar","Bag of Marbles","Singing Bowl","Ginger","Toxic Egg 2","Meat on the Bone","Art of War","PreservedInsect","Strawberry","Philosopher\u0027s Stone","Lizard Tail","Boot","Eternal Feather","Nunchaku","Shuriken","Orichalcum","Bottled Tornado","Blue Candle"],"acts_visited":["Exordium","TheCity","TheBeyond","TheEnding"],"potions_floor_usage":[50,56],"damage_taken":[{"damage":1.0,"enemies":"Cultist","floor":1.0,"turns":5.0},{"damage":14.0,"enemies":"Small Slimes","floor":3.0,"turns":5.0},{"damage":0.0,"enemies":"2 Louse","floor":4.0,"turns":3.0},{"damage":0.0,"enemies":"2 Fungi Beasts","floor":7.0,"turns":3.0},{"damage":1.0,"enemies":"Blue Slaver","floor":10.0,"turns":7.0},{"damage":4.0,"enemies":"3 Sentries","floor":13.0,"turns":6.0},{"damage":13.0,"enemies":"Slime Boss","floor":16.0,"turns":9.0},{"damage":12.0,"enemies":"2 Thieves","floor":18.0,"turns":3.0},{"damage":7.0,"enemies":"Chosen","floor":21.0,"turns":7.0},{"damage":1.0,"enemies":"Snecko","floor":22.0,"turns":6.0},{"damage":4.0,"enemies":"Slavers","floor":24.0,"turns":6.0},{"damage":0.0,"enemies":"Snake Plant","floor":25.0,"turns":3.0},{"damage":0.0,"enemies":"Gremlin Leader","floor":27.0,"turns":5.0},{"damage":2.0,"enemies":"Centurion and Healer","floor":29.0,"turns":6.0},{"damage":13.0,"enemies":"Champ","floor":33.0,"turns":9.0},{"damage":2.0,"enemies":"Orb Walker","floor":35.0,"turns":3.0},{"damage":26.0,"enemies":"2 Orb Walkers","floor":36.0,"turns":5.0},{"damage":0.0,"enemies":"3 Shapes","floor":37.0,"turns":1.0},{"damage":0.0,"enemies":"Jaw Worm Horde","floor":38.0,"turns":7.0},{"damage":10.0,"enemies":"4 Shapes","floor":41.0,"turns":5.0},{"damage":13.0,"enemies":"Writhing Mass","floor":46.0,"turns":7.0},{"damage":0,"enemies":"Reptomancer","floor":47,"turns":3},{"damage":0,"enemies":"Sphere and 2 Shapes","floor":48,"turns":3},{"damage":0,"enemies":"Awakened One","floor":50,"turns":6},{"damage":38,"enemies":"Donu and Deca","floor":51,"turns":5},{"damage":6,"enemies":"Shield and Spear","floor":55,"turns":15},{"damage":155,"enemies":"The Heart","floor":56,"turns":7}],"seed_played":"-4123534416455873462","potions_obtained":[{"floor":3.0,"key":"PowerPotion"},{"floor":4.0,"key":"FairyPotion"},{"floor":10.0,"key":"Swift Potion"},{"floor":13.0,"key":"SkillPotion"},{"floor":16.0,"key":"BlessingOfTheForge"},{"floor":27.0,"key":"Dexterity Potion"},{"floor":29.0,"key":"SteroidPotion"},{"floor":33.0,"key":"Regen Potion"},{"floor":41.0,"key":"CunningPotion"},{"floor":55,"key":"ColorlessPotion"}],"is_trial":false,"path_per_floor":["M","?","M","M","$","R","M","R","T","M","?","R","?","?","R","B",null,"M","?","?","M","M","R","E","M","T","E","R","M","R","$","R","B",null,"M","?","M","M","?","R","M","R","T","R","$","M","E","M","R","B","B",null,"R","$","E","B",null],"character_chosen":"THE_SILENT","items_purchased":["Omamori","Crippling Poison","Blade Dance+1","Shuriken","Blade Dance+1","Blade Dance+1"],"campfire_rested":0,"item_purchase_floors":[5,5,31,45,45,54],"current_hp_per_floor":[58,58,44,44,44,44,44,44,44,43,43,43,39,76,76,63,73,61,55,55,48,47,47,45,47,47,47,47,45,45,45,52,51,78,76,50,52,67,67,67,57,57,57,75,75,64,66,66,84,84,58,84,93,93,87,31],"gold":60,"neow_bonus":"BOSS_RELIC","is_daily":false,"chose_seed":false,"campfire_upgraded":0,"win_rate":0.0,"timestamp":1608536690,"path_taken":["M","?","M","M","$","R","M","R","T","M","?","R","?","?","R","BOSS","M","?","?","M","M","R","E","M","T","E","R","?","R","$","R","BOSS","M","?","M","M","?","R","M","R","T","R","$","M","E","M","R","BOSS","BOSS","R","$","E","BOSS"],"items_purchased_type":["Relic","Card","Card","Relic","Card","Card"],"build_version":"2020-12-13","purchased_purges":2,"victory":true,"max_hp_per_floor":[66,66,66,66,66,66,66,66,66,66,66,66,66,76,76,76,76,76,76,76,76,76,76,78,80,80,80,80,80,80,80,87,87,87,87,87,89,89,89,89,89,89,89,89,89,91,93,93,93,93,93,93,93,93,93,93],"card_choices":[{"not_picked":["Heel Hook","Bane"],"picked":"Dagger Spray","floor":1.0},{"not_picked":["Caltrops","Deflect","Eviscerate"],"picked":"SKIP","floor":3.0},{"not_picked":["Backstab","Underhanded Strike"],"picked":"Tools of the Trade","floor":4.0},{"not_picked":["PiercingWail","Bane"],"picked":"Well Laid Plans","floor":7.0},{"not_picked":["Deadly Poison","Masterful Stab"],"picked":"Cloak And Dagger","floor":10.0},{"not_picked":["Deadly Poison","Predator"],"picked":"Calculated Gamble","floor":13.0},{"not_picked":["Venomology","After Image"],"picked":"Malaise","floor":16.0},{"not_picked":["Dagger Throw","Slice"],"picked":"Backstab","floor":18.0},{"not_picked":["Prepared","Heel Hook"],"picked":"Well Laid Plans","floor":21.0},{"not_picked":["Tactician","Terror"],"picked":"Infinite Blades","floor":22.0},{"not_picked":["Sucker Punch","Cloak And Dagger","Finisher"],"picked":"Singing Bowl","floor":24.0},{"not_picked":["Eviscerate+1","Bane","All Out Attack"],"picked":"Singing Bowl","floor":25.0},{"not_picked":["Predator+1","Dagger Spray"],"picked":"Burst+1","floor":27.0},{"not_picked":["Acrobatics+1","Dodge and Roll+1"],"picked":"Cloak And Dagger+1","floor":29.0},{"not_picked":["Unload","Tools of the Trade"],"picked":"Corpse Explosion+1","floor":33.0},{"not_picked":["Expertise+1","Calculated Gamble+1"],"picked":"PiercingWail+1","floor":35.0},{"not_picked":["Underhanded Strike","Accuracy"],"picked":"Prepared+1","floor":36.0},{"not_picked":["Choke","Tools of the Trade","Dash+1"],"picked":"Singing Bowl","floor":37.0},{"not_picked":["Poisoned Stab","Flying Knee"],"picked":"Terror+1","floor":38.0},{"not_picked":["Acrobatics+1","Prepared+1"],"picked":"Cloak And Dagger+1","floor":41.0},{"not_picked":["Bouncing Flask+1","Outmaneuver+1","Quick Slash"],"picked":"Singing Bowl","floor":46.0},{"not_picked":["Doppelganger+1","Dodge and Roll+1","Dash"],"picked":"Singing Bowl","floor":47},{"not_picked":["Sucker Punch+1","Noxious Fumes"],"picked":"Backflip+1","floor":48},{"not_picked":["Sucker Punch","Predator+1"],"picked":"Deflect+1","floor":55}],"player_experience":4323274,"relics_obtained":[{"floor":0.0,"key":"Happy Flower"},{"floor":0.0,"key":"HornCleat"},{"floor":0.0,"key":"Shovel"},{"floor":6.0,"key":"Vajra"},{"floor":8.0,"key":"Dead Branch"},{"floor":9.0,"key":"Gremlin Horn"},{"floor":12.0,"key":"Lantern"},{"floor":15.0,"key":"StrikeDummy"},{"floor":23.0,"key":"Singing Bowl"},{"floor":24.0,"key":"Ginger"},{"floor":26.0,"key":"Toxic Egg 2"},{"floor":27.0,"key":"Meat on the Bone"},{"floor":28.0,"key":"Art of War"},{"floor":30.0,"key":"PreservedInsect"},{"floor":32.0,"key":"Strawberry"},{"floor":36.0,"key":"Lizard Tail"},{"floor":40.0,"key":"Boot"},{"floor":42.0,"key":"Eternal Feather"},{"floor":44.0,"key":"Nunchaku"},{"floor":47,"key":"Orichalcum"},{"floor":53,"key":"Bottled Tornado"},{"floor":55,"key":"Blue Candle"}],"event_choices":[{"damage_healed":0.0,"max_hp_gain":0.0,"max_hp_loss":0.0,"gold_gain":150.0,"event_name":"Liars Game","player_choice":"AGREE","floor":2.0,"gold_loss":0.0,"damage_taken":0.0,"cards_obtained":["Doubt"]},{"damage_healed":0.0,"max_hp_gain":0.0,"max_hp_loss":0.0,"gold_gain":0.0,"cards_transformed":["Strike_G"],"event_name":"Transmorgrifier","player_choice":"Transformed","floor":11.0,"gold_loss":0.0,"damage_taken":0.0,"cards_obtained":["Predator"]},{"damage_healed":0.0,"max_hp_gain":0.0,"max_hp_loss":0.0,"gold_gain":30.0,"event_name":"Dead Adventurer","player_choice":"Searched \u00272\u0027 times","floor":13.0,"gold_loss":0.0,"damage_taken":0.0},{"cards_removed":["Tools of the Trade"],"damage_healed":27.0,"max_hp_gain":10.0,"max_hp_loss":0.0,"gold_gain":0.0,"event_name":"Bonfire Elementals","player_choice":"Offered Rare","floor":14.0,"gold_loss":0.0,"damage_taken":0.0},{"damage_healed":0.0,"max_hp_gain":0.0,"max_hp_loss":0.0,"gold_gain":0.0,"event_name":"Nest","player_choice":"Joined the Cult","floor":19.0,"gold_loss":0.0,"damage_taken":6.0,"cards_obtained":["RitualDagger"]},{"damage_healed":0.0,"max_hp_gain":0.0,"max_hp_loss":0.0,"gold_gain":0.0,"event_name":"The Mausoleum","player_choice":"Opened","floor":20.0,"gold_loss":0.0,"damage_taken":0.0,"relics_obtained":["Bag of Marbles"],"cards_obtained":["Writhe"]},{"damage_healed":0.0,"max_hp_gain":0.0,"max_hp_loss":0.0,"gold_gain":0.0,"event_name":"Mysterious Sphere","player_choice":"Fight","floor":36.0,"gold_loss":0.0,"damage_taken":0.0},{"damage_healed":0.0,"max_hp_gain":0.0,"max_hp_loss":0.0,"gold_gain":0.0,"event_name":"Match and Keep!","player_choice":"0 cards matched","floor":39.0,"gold_loss":0.0,"damage_taken":0.0,"cards_obtained":[]}],"is_beta":false,"boss_relics":[{"not_picked":["Tiny House","SacredBark"],"picked":"SlaversCollar"},{"not_picked":["Snecko Eye","Empty Cage"],"picked":"Philosopher\u0027s Stone"}],"items_purged_floors":[5,31],"is_endless":false,"potions_floor_spawned":[3,4,10,13,16,21,27,29,33,36,37,41,55],"ascension_level":20}}