{"host":"j4nfyhit1dl35m08","time":1608509654,"event":{"mods":["BaseMod","Highlight Path","Minty Spire (QoL Compilation)","StSLib"],"gold_per_floor":[119,135,155,105,130,155,6,6,6,37,37,53,53,86,86,191,191,181,106,106,21,38,38,56,68,68,101,101,200,227,327,327,428,428,441,234,234,247,271,271,300,300,325,325,359,359,386,405,405,405],"floor_reached":51,"playtime":4689,"items_purged":["Strike_P"],"score":1163,"play_id":"a62b8dba-3767-4190-b2c7-0237cd373837","local_time":"20201220181414","is_ascension_mode":true,"campfire_choices":[{"data":"MentalFortress","floor":8,"key":"SMITH"},{"data":"Nirvana","floor":11,"key":"SMITH"},{"data":"Nirvana","floor":13,"key":"SMITH"},{"floor":15,"key":"DIG"},{"floor":23,"key":"DIG"},{"floor":28,"key":"DIG"},{"floor":32,"key":"REST"},{"floor":40,"key":"DIG"},{"floor":42,"key":"DIG"},{"floor":44,"key":"DIG"},{"floor":46,"key":"DIG"},{"floor":49,"key":"DIG"}],"circlet_count":0,"master_deck":["Strike_P+1","Strike_P","Defend_P+1","Defend_P","Defend_P","Defend_P","Eruption+1","Vigilance+1","Adaptation","EmptyFist","Tantrum+1","Nirvana+1","MentalFortress+1","EmptyFist+1","Crescendo","Nirvana+1","ThirdEye","EmptyFist","Omniscience","ThirdEye","FlurryOfBlows+1","CutThroughFate","Wallop+1","LessonLearned","Worship","WheelKick+1","Omniscience","CutThroughFate+1","Flash of Steel+1","WheelKick+1","DevaForm","SashWhip+1","Protect+1"],"relics":["Snecko Eye","Lantern","Toy Ornithopter","FossilizedHelix","GoldenEye","Shovel","Pocketwatch","SlaversCollar","Bag of Marbles","Omamori","Oddly Smooth Stone","Kunai","Letter Opener","Ginger","Calling Bell","WingedGreaves","Molten Egg 2","Tiny Chest","DollysMirror","Anchor","Ancient Tea Set","Gambling Chip","PreservedInsect","Ornamental Fan","Boot","Bottled Flame","Dream Catcher","Orichalcum"],"acts_visited":["Exordium","TheCity","TheBeyond"],"potions_floor_usage":[10,14,22,25,30,33,41,48],"damage_taken":[{"damage":0,"enemies":"2 Louse","floor":1,"turns":3},{"damage":0,"enemies":"Jaw Worm","floor":2,"turns":2},{"damage":0,"enemies":"Small Slimes","floor":3,"turns":2},{"damage":23,"enemies":"3 Sentries","floor":6,"turns":6},{"damage":0,"enemies":"Gremlin Nob","floor":10,"turns":3},{"damage":0,"enemies":"Looter","floor":12,"turns":3},{"damage":9,"enemies":"3 Sentries","floor":14,"turns":9},{"damage":0,"enemies":"Slime Boss","floor":16,"turns":7},{"damage":7,"enemies":"2 Thieves","floor":18,"turns":4},{"damage":7,"enemies":"Shell Parasite","floor":22,"turns":5},{"damage":0,"enemies":"Centurion and Healer","floor":24,"turns":4},{"damage":21,"enemies":"Shelled Parasite and Fungi","floor":25,"turns":4},{"damage":24,"enemies":"Gremlin Leader","floor":27,"turns":8},{"damage":17,"enemies":"Book of Stabbing","floor":30,"turns":6},{"damage":0,"enemies":"Automaton","floor":33,"turns":8},{"damage":4,"enemies":"Orb Walker","floor":35,"turns":3},{"damage":0,"enemies":"3 Shapes","floor":38,"turns":5},{"damage":10,"enemies":"Reptomancer","floor":41,"turns":4},{"damage":0,"enemies":"Giant Head","floor":45,"turns":5},{"damage":0,"enemies":"Reptomancer","floor":47,"turns":4},{"damage":0,"enemies":"Maw","floor":48,"turns":6},{"damage":0,"enemies":"Donu and Deca","floor":50,"turns":7}],"seed_played":"6390605432875145054","potions_obtained":[{"floor":1,"key":"Weak Potion"},{"floor":3,"key":"BottledMiracle"},{"floor":12,"key":"Dexterity Potion"},{"floor":14,"key":"SpeedPotion"},{"floor":16,"key":"Ancient Potion"},{"floor":27,"key":"GamblersBrew"},{"floor":30,"key":"Weak Potion"},{"floor":33,"key":"Block Potion"},{"floor":38,"key":"FairyPotion"},{"floor":45,"key":"BottledMiracle"}],"is_trial":false,"path_per_floor":["M","M","M","?","T","E","$","R","T","E","R","M","R","E","R","B",null,"M","$","?","?","M","R","M","M","T","E","R","?","E","?","R","B",null,"M","$","?","M","T","R","E","R","T","R","E","R","E","M","R","B",null],"character_chosen":"WATCHER","items_purchased":["MentalFortress","EmptyFist","Crescendo","DollysMirror","CutThroughFate+1"],"campfire_rested":1,"item_purchase_floors":[7,7,7,36,36],"current_hp_per_floor":[72,72,72,72,72,49,49,49,49,54,54,54,54,50,50,50,72,65,65,65,65,63,63,63,47,47,23,23,23,11,11,32,37,72,68,68,68,68,68,68,62,62,62,62,62,62,62,67,67,67],"gold":405,"neow_bonus":"BOSS_RELIC","is_daily":false,"chose_seed":false,"campfire_upgraded":3,"win_rate":0.0,"timestamp":1608509654,"path_taken":["M","M","M","?","?","E","$","R","T","E","R","?","R","E","R","BOSS","M","$","?","?","M","R","M","M","T","E","R","?","E","?","R","BOSS","M","?","?","?","?","R","E","R","T","R","E","R","E","M","R","BOSS"],"items_purchased_type":["Card","Card","Card","Relic","Card"],"build_version":"2020-12-13","purchased_purges":1,"victory":true,"max_hp_per_floor":[72,72,72,72,72,72,72,72,72,72,72,72,72,72,72,72,72,72,72,72,72,72,72,72,72,72,72,72,72,72,72,72,72,72,72,72,72,72,72,72,72,72,72,72,72,72,72,72,72,72],"card_choices":[{"not_picked":["Crescendo","SashWhip"],"picked":"Adaptation","floor":1},{"not_picked":["CrushJoints","JustLucky"],"picked":"EmptyFist","floor":2},{"not_picked":["TalkToTheHand","ReachHeaven"],"picked":"Tantrum","floor":3},{"not_picked":["Meditate","Indignation"],"picked":"Nirvana","floor":6},{"not_picked":["WindmillStrike","Prostrate"],"picked":"Nirvana","floor":10},{"not_picked":["EmptyBody","Vengeance"],"picked":"ThirdEye","floor":12},{"not_picked":["SignatureMove","Fasting2"],"picked":"EmptyFist","floor":14},{"not_picked":["Brilliance","MasterReality"],"picked":"Omniscience","floor":16},{"not_picked":["PathToVictory","Nirvana"],"picked":"ThirdEye","floor":18},{"not_picked":["CrushJoints","JustLucky+1"],"picked":"FlurryOfBlows+1","floor":22},{"not_picked":["SashWhip+1","Consecrate"],"picked":"CutThroughFate","floor":24},{"not_picked":["SandsOfTime","Tantrum"],"picked":"Wallop","floor":25},{"not_picked":["DeusExMachina","Crescendo"],"picked":"LessonLearned","floor":27},{"not_picked":["PathToVictory+1","BowlingBash+1"],"picked":"Worship","floor":30},{"not_picked":["EmptyFist+1","WreathOfFlame"],"picked":"WheelKick+1","floor":35},{"not_picked":["Forethought","PanicButton"],"picked":"Flash of Steel+1","floor":37},{"not_picked":["FlurryOfBlows+1","FollowUp+1"],"picked":"WheelKick+1","floor":38},{"not_picked":["Adaptation+1","Protect+1"],"picked":"DevaForm","floor":41},{"not_picked":["SignatureMove+1","Prostrate+1"],"picked":"SashWhip+1","floor":45},{"not_picked":["Consecrate+1","Weave+1","Perseverance+1"],"picked":"SKIP","floor":47},{"not_picked":["Prostrate+1","Weave+1"],"picked":"Protect+1","floor":48}],"player_experience":313216,"relics_obtained":[{"floor":5,"key":"Lantern"},{"floor":6,"key":"Toy Ornithopter"},{"floor":9,"key":"FossilizedHelix"},{"floor":10,"key":"GoldenEye"},{"floor":14,"key":"Shovel"},{"floor":15,"key":"Pocketwatch"},{"floor":23,"key":"Omamori"},{"floor":26,"key":"Oddly Smooth Stone"},{"floor":27,"key":"Kunai"},{"floor":28,"key":"Letter Opener"},{"floor":30,"key":"Ginger"},{"floor":34,"key":"WingedGreaves"},{"floor":34,"key":"Molten Egg 2"},{"floor":34,"key":"Tiny Chest"},{"floor":39,"key":"Anchor"},{"floor":40,"key":"Ancient Tea Set"},{"floor":41,"key":"Gambling Chip"},{"floor":42,"key":"PreservedInsect"},{"floor":44,"key":"Ornamental Fan"},{"floor":45,"key":"Boot"},{"floor":46,"key":"Bottled Flame"},{"floor":47,"key":"Dream Catcher"},{"floor":49,"key":"Orichalcum"}],"event_choices":[{"cards_removed":["Strike_P"],"damage_healed":0,"gold_gain":0,"player_choice":"Card Removal","damage_taken":0,"max_hp_gain":0,"max_hp_loss":0,"event_name":"The Cleric","floor":4,"gold_loss":50},{"damage_healed":0,"gold_gain":0,"player_choice":"Ignored","damage_taken":0,"max_hp_gain":0,"max_hp_loss":0,"event_name":"Vampires","floor":20,"gold_loss":0},{"damage_healed":0,"gold_gain":0,"player_choice":"Obtained Relic","damage_taken":0,"relics_obtained":["Bag of Marbles"],"max_hp_gain":0,"max_hp_loss":0,"event_name":"Addict","floor":21,"gold_loss":85},{"damage_healed":0,"gold_gain":99,"player_choice":"Stole From Cult","damage_taken":0,"max_hp_gain":0,"max_hp_loss":0,"event_name":"Nest","floor":29,"gold_loss":0},{"damage_healed":0,"gold_gain":100,"player_choice":"Pray","damage_taken":0,"max_hp_gain":0,"max_hp_loss":0,"event_name":"Golden Shrine","floor":31,"gold_loss":0},{"damage_healed":0,"gold_gain":0,"player_choice":"Memory 1","damage_taken":0,"max_hp_gain":0,"max_hp_loss":0,"event_name":"SensoryStone","floor":37,"gold_loss":0}],"is_beta":false,"boss_relics":[{"not_picked":["Tiny House","Busted Crown"],"picked":"SlaversCollar"},{"not_picked":["Coffee Dripper","Velvet Choker"],"picked":"Calling Bell"}],"items_purged_floors":[19],"is_endless":false,"potions_floor_spawned":[1,3,12,14,16,27,30,33,38,45],"ascension_level":2}}