{"host":"8l1xuphorofpdxlv","time":1608567445,"event":{"mods":["AchievementEnabler","BaseMod","DeckTracker","Minty Spire (QoL Compilation)","Quick Restart","SuperFastMode"],"gold_per_floor":[111,131,131,33,46,56,56,87,87,102,102,119,119,19,19,124,124,139,155,70,20,38,38,73,73,73,98,117,129,147,22,22,22,22],"floor_reached":33,"playtime":1080,"items_purged":["Strike_G","Strike_G","Strike_G"],"score":353,"play_id":"5b570a9c-ebf7-4c13-a0a4-2346ed3b027c","local_time":"20201222011725","is_ascension_mode":true,"campfire_choices":[{"data":"Prepared","floor":7,"key":"SMITH"},{"floor":11,"key":"REST"},{"data":"Die Die Die","floor":13,"key":"SMITH"},{"floor":15,"key":"REST"},{"floor":23,"key":"REST"},{"floor":25,"key":"REST"},{"data":"Adrenaline","floor":32,"key":"SMITH"}],"circlet_count":0,"master_deck":["Strike_G","Strike_G","Defend_G","Defend_G+1","Defend_G","Defend_G","Defend_G","Survivor","Neutralize","Die Die Die+1","Backflip","Prepared+1","Blade Dance","PiercingWail","Blade Dance","Storm of Steel","Adrenaline+1","Terror+1","After Image+1","Blade Dance"],"relics":["Ring of the Snake","Matryoshka","Tiny Chest","Ninja Scroll","Black Star","Ancient Tea Set","Ornamental Fan","Frozen Egg 2","Blood Vial","Pantograph","War Paint"],"acts_visited":["Exordium","TheCity"],"potions_floor_usage":[16,18,24,33,33],"damage_taken":[{"damage":6,"enemies":"Jaw Worm","floor":1,"turns":4},{"damage":0,"enemies":"Cultist","floor":2,"turns":4},{"damage":3,"enemies":"Small Slimes","floor":5,"turns":2},{"damage":0,"enemies":"Red Slaver","floor":6,"turns":4},{"damage":23,"enemies":"Gremlin Nob","floor":8,"turns":4},{"damage":0,"enemies":"Looter","floor":10,"turns":1},{"damage":0,"enemies":"Large Slime","floor":12,"turns":3},{"damage":47,"enemies":"Hexaghost","floor":16,"turns":14},{"damage":18,"enemies":"Chosen","floor":18,"turns":5},{"damage":10,"enemies":"2 Thieves","floor":19,"turns":3},{"damage":31,"enemies":"Cultist and Chosen","floor":22,"turns":7},{"damage":25,"enemies":"Gremlin Leader","floor":24,"turns":8},{"damage":0,"enemies":"Snake Plant","floor":28,"turns":4},{"damage":2,"enemies":"Chosen and Byrds","floor":29,"turns":5},{"damage":0,"enemies":"Centurion and Healer","floor":30,"turns":4},{"damage":59,"enemies":"Champ","floor":33,"turns":13}],"seed_played":"-441802709610898197","potions_obtained":[{"floor":2,"key":"DuplicationPotion"},{"floor":8,"key":"CunningPotion"},{"floor":12,"key":"Ancient Potion"},{"floor":22,"key":"AttackPotion"},{"floor":24,"key":"Strength Potion"},{"floor":30,"key":"GhostInAJar"}],"is_trial":false,"path_per_floor":["M","M","?","$","M","M","R","E","T","M","R","M","R","$","R","B",null,"M","M","?","?","M","R","E","R","T","T","M","M","M","$","R","B"],"character_chosen":"THE_SILENT","items_purchased":["Blade Dance"],"campfire_rested":4,"item_purchase_floors":[4],"current_hp_per_floor":[43,43,43,43,40,40,40,17,17,17,38,38,38,38,59,12,70,52,42,42,42,11,32,7,28,28,28,30,30,32,32,32,0,0],"gold":22,"neow_bonus":"THREE_RARE_CARDS","is_daily":false,"chose_seed":false,"campfire_upgraded":3,"win_rate":0.0,"timestamp":1608567445,"path_taken":["M","M","?","$","M","M","R","E","T","M","R","M","R","$","R","BOSS","M","M","?","?","?","R","E","R","T","?","?","M","M","$","R","BOSS"],"items_purchased_type":["Card"],"build_version":"2020-12-13","purchased_purges":3,"victory":false,"max_hp_per_floor":[70,70,70,70,70,70,70,70,70,70,70,70,70,70,70,70,70,70,70,70,70,70,70,70,70,70,70,70,70,70,70,70,70,70],"card_choices":[{"not_picked":["Burst","A Thousand Cuts"],"picked":"Die Die Die","floor":0},{"not_picked":["Flying Knee","Deadly Poison"],"picked":"Backflip","floor":1},{"not_picked":["Outmaneuver","Underhanded Strike"],"picked":"Prepared","floor":2},{"not_picked":["Dodge and Roll","Dagger Throw"],"picked":"PiercingWail","floor":5},{"not_picked":["Bane","Dagger Spray"],"picked":"Blade Dance","floor":6},{"not_picked":["Acrobatics","Deadly Poison"],"picked":"Storm of Steel","floor":8},{"not_picked":["All Out Attack","Sucker Punch","Skewer"],"picked":"SKIP","floor":10},{"not_picked":["Backflip","Quick Slash","Poisoned Stab"],"picked":"SKIP","floor":12},{"not_picked":["Wraith Form v2","Phantasmal Killer"],"picked":"Adrenaline","floor":16},{"not_picked":["Deflect","Dagger Throw","Bane"],"picked":"SKIP","floor":18},{"not_picked":["Deadly Poison","Cloak And Dagger+1"],"picked":"Terror","floor":19},{"not_picked":["Backflip+1","Deadly Poison","Sucker Punch"],"picked":"SKIP","floor":22},{"not_picked":["Deadly Poison","Dagger Throw"],"picked":"After Image+1","floor":24},{"not_picked":["Cloak And Dagger","Acrobatics","Crippling Poison"],"picked":"SKIP","floor":28},{"not_picked":["Flying Knee","Deadly Poison+1","Underhanded Strike"],"picked":"SKIP","floor":29},{"not_picked":["Sucker Punch+1","Dodge and Roll"],"picked":"Blade Dance","floor":30}],"player_experience":86085,"relics_obtained":[{"floor":8,"key":"Matryoshka"},{"floor":9,"key":"Tiny Chest"},{"floor":9,"key":"Ninja Scroll"},{"floor":24,"key":"Ornamental Fan"},{"floor":24,"key":"Frozen Egg 2"},{"floor":26,"key":"Blood Vial"},{"floor":26,"key":"Pantograph"},{"floor":27,"key":"War Paint"}],"event_choices":[{"damage_healed":0,"gold_gain":0,"player_choice":"Bought 0 Potions","damage_taken":0,"max_hp_gain":0,"max_hp_loss":0,"event_name":"The Woman in Blue","floor":3,"gold_loss":0},{"damage_healed":0,"gold_gain":0,"player_choice":"Obtained Relic","damage_taken":0,"relics_obtained":["Ancient Tea Set"],"max_hp_gain":0,"max_hp_loss":0,"event_name":"Addict","floor":20,"gold_loss":85},{"damage_healed":0,"gold_gain":0,"player_choice":"Bet on Murderer","damage_taken":0,"max_hp_gain":0,"max_hp_loss":0,"event_name":"The Joust","floor":21,"gold_loss":50}],"is_beta":false,"boss_relics":[{"not_picked":["Ring of the Serpent","Snecko Eye"],"picked":"Black Star"}],"items_purged_floors":[4,14,31],"is_endless":false,"potions_floor_spawned":[2,8,12,22,24,30],"killed_by":"Champ","ascension_level":4}}