{"host":"0gy90rl0ccnvdufw","time":1608578262,"event":{"mods":["AchievementEnabler","Act Like it!","Aspiration","Bard","BaseMod","Better Third Choice","Better Vampires","BetterRewards","ChefMod","Colored Map","Colored Powertips","Conspire","Decade(???)","Downfall","Ekko","Gensokyo","GungeonMod","Halation","Hubris","Infinite Spire","Jedi Mod","KomeijiMod","Luminous","Minty Spire (QoL Compilation)","Quick Restart","Rare Cards Sparkle","Replay The Spire","Robot Space Explorer","StSLib","SuperFastMode","The Cursed","The Disciple","The Dragon Tamer","The Forsaken","The Jungle","[IsaacMod]????","??????REMEMod"],"gold_per_floor":[116,416,164,174,186,186,221,221,221,221,221,221,233,249,42,52,52,152,152,172,28,28,28,44,0,0,0,15,15,42,42,42,42,42,58,58,159,159,175,175,100,111,111,111,111,111],"floor_reached":44,"playtime":2208,"items_purged":["Shame"],"score":404,"play_id":"67b36e6f-4216-4222-a9b3-06a4b53fba50","local_time":"20201221131742","is_ascension_mode":false,"metric_token":2387,"campfire_choices":[{"data":"TenguhouSokujitsuken","floor":6,"key":"SMITH"},{"data":"BowlingBash","floor":10,"key":"SMITH"},{"data":"DTMod:Punisher","floor":12,"key":"SMITH"},{"floor":17,"key":"REST"},{"floor":27,"key":"REST"},{"floor":32,"key":"REST"},{"data":"DTMod:ShadowImage","floor":34,"key":"SMITH"},{"floor":36,"key":"DIG"}],"dtmod_dragon_data":[38,50,1,-1,12,0],"circlet_count":0,"master_deck":["DTMod:Strike","DTMod:Strike+1","DTMod:Strike","DTMod:Strike","DTMod:DoubleHit","DTMod:TargetDefense","DTMod:TargetDefense","DTMod:TargetDefense","DTMod:TargetDefense","DTMod:SwitchingTactic","TenguhouSokujitsuken+1","DTMod:BuildUp","DTMod:FlameSlash","BowlingBash+1","DTMod:BuildUp","DTMod:Punisher+1","DTMod:WarmUp","DTMod:Hide","Infernal Blade","Dramatic Entrance","DTMod:SealedStrike+1","DTMod:HeadStart","DTMod:ShadowImage+1","DTMod:DragonDance","DTMod:CrossStep","DTMod:BreakAttack","DTMod:ShadowImage","DTMod:Training","DTMod:FlameSlash+1"],"relics":["DTMod:PactStone","REME_ComplimentaryCards","HushsDoor","NeowsBlessing","DoctorsRemote","Replay:Wax Seal","aspiration:Nostalgia","Replay:M_SmolderingBlood","halation:PromiseList","BranchBurnRelic","BargainBundle","Replay:Fungal Core","jedi:crownofsimplicity","Tiny Chest","Boot","Pet Ghost","Blue Doll","Whetstone","hubris:HollowSoul","Bag of Preparation","REME_HourglassOfDeath"],"acts_visited":["Exordium","TheCity","TheBeyond"],"potions_floor_usage":[37,44,44,44],"damage_taken":[{"damage":0,"enemies":"Jaw Worm","floor":1,"turns":1},{"damage":0,"enemies":"Cultist","floor":4,"turns":1},{"damage":0,"enemies":"infinitespire:Voidling","floor":5,"turns":1},{"damage":7,"enemies":"Gremlin Nob","floor":7,"turns":4},{"damage":7,"enemies":"2 Fungi Beasts","floor":13,"turns":3},{"damage":13,"enemies":"Lots of Slimes","floor":14,"turns":4},{"damage":0,"enemies":"Looter","floor":16,"turns":2},{"damage":2,"enemies":"Slime Boss","floor":18,"turns":10},{"damage":0,"enemies":"Chosen","floor":20,"turns":4},{"damage":21,"enemies":"conspire:FuzzyDice","floor":24,"turns":4},{"damage":20,"enemies":"Centurion and Healer","floor":28,"turns":6},{"damage":0,"enemies":"Snecko","floor":35,"turns":3},{"damage":42,"enemies":"Champ","floor":37,"turns":10},{"damage":0,"enemies":"3 Shapes","floor":39,"turns":4},{"damage":32,"enemies":"3 Darklings","floor":42,"turns":7},{"damage":9,"enemies":"Reptomancer","floor":44,"turns":2}],"seed_played":"8919683567348900849","potions_obtained":[{"floor":1,"key":"SkillPotion"},{"floor":13,"key":"BlessingOfTheForge"},{"floor":14,"key":"champ:CounterPotion"},{"floor":16,"key":"PowerPotion"},{"floor":37,"key":"EssenceOfSteel"}],"is_trial":false,"path_per_floor":["M","?","$","M","M","R","E","PTL","PTL","R","T","R","M","M","$","M","R","B",null,"M","$","PTL","PTL","M","?","$","R","M","?","T","?","R","?","R","M","R_BF","B",null,"M","T","$","M","AVR","E"],"character_chosen":"THE_DT","items_purchased":["Replay:Wax Seal","aspiration:Nostalgia","DTMod:FlameSlash","BargainBundle","Infernal Blade","Dramatic Entrance","DTMod:ShadowImage","jedi:crownofsimplicity"],"campfire_rested":3,"item_purchase_floors":[3,3,3,15,15,15,19,21],"current_hp_per_floor":[45,45,45,45,45,45,38,38,38,38,38,38,40,27,27,27,40,43,41,41,41,41,41,20,20,20,32,27,27,27,27,39,39,39,41,41,6,41,41,41,41,9,9,0,0,0],"gold":111,"neow_bonus":"THREE_ENEMY_KILL","is_daily":false,"chose_seed":false,"campfire_upgraded":4,"win_rate":0.0,"timestamp":1608578262,"path_taken":["M","?","$","?","M","R","E","PTL","PTL","R","T","R","?","M","$","M","R","BOSS","M","$","PTL","PTL","M","?","$","R","M","?","T","?","R","?","R","M","R_BF","BOSS","M","?","$","M","AVR","E"],"items_purchased_type":["Relic","Relic","Card","Relic","Card","Card","Card","Relic"],"build_version":"2020-12-13","purchased_purges":1,"victory":false,"max_hp_per_floor":[45,45,45,45,45,45,45,45,45,45,45,45,45,45,45,45,45,45,41,41,41,41,41,41,41,41,41,41,41,41,41,41,41,41,41,41,41,41,41,41,41,41,41,41,41,41],"card_choices":[{"not_picked":[],"picked":"Bomb","floor":0},{"not_picked":["DTMod:BreakAttack","DTMod:LowKick"],"picked":"DTMod:BuildUp","floor":1},{"not_picked":["DTMod:Haste","DTMod:Conduct"],"picked":"BowlingBash","floor":4},{"not_picked":["BowlingBash","CrushJoints"],"picked":"DTMod:BuildUp","floor":5},{"not_picked":["DTMod:Conduct","EmptyFist"],"picked":"DTMod:Punisher","floor":7},{"not_picked":["DTMod:MagicField","Searing Blow"],"picked":"DTMod:WarmUp","floor":13},{"not_picked":["FlyingSleeves","DTMod:Feint"],"picked":"DTMod:Hide","floor":14},{"not_picked":["DTMod:BuildUp","DTMod:MagicField"],"picked":"DTMod:SealedStrike","floor":16},{"not_picked":["Bludgeon","DTMod:Inferno"],"picked":"DTMod:HeadStart","floor":18},{"not_picked":["DTMod:Punisher+1","DTMod:QuickFly"],"picked":"DTMod:DragonDance","floor":20},{"not_picked":["DTMod:WarmUp","DTMod:BalancedStrike"],"picked":"DTMod:CrossStep","floor":24},{"not_picked":["DTMod:ComboAttack","DTMod:BlueScale+1"],"picked":"DTMod:BreakAttack","floor":28},{"not_picked":["DTMod:Weaken","DTMod:Threaten","DTMod:Feint"],"picked":"SKIP","floor":35},{"not_picked":["DTMod:RepeatStrike","DTMod:FierySynthesis"],"picked":"DTMod:ShadowImage","floor":37},{"not_picked":["DTMod:Punisher+1","DTMod:LastStand+1"],"picked":"DTMod:Training","floor":39},{"not_picked":["DTMod:ComboAttack+1","DTMod:QuickFly"],"picked":"DTMod:FlameSlash+1","floor":42}],"player_experience":310712,"relics_obtained":[{"floor":7,"key":"halation:PromiseList"},{"floor":11,"key":"Dead Branch"},{"floor":25,"key":"Tiny Chest"},{"floor":30,"key":"Boot"},{"floor":31,"key":"Pet Ghost"},{"floor":36,"key":"Whetstone"},{"floor":40,"key":"Bag of Preparation"}],"event_choices":[{"damage_healed":0,"gold_gain":0,"player_choice":"Stole Relic","damage_taken":0,"relics_obtained":["Blue Doll"],"max_hp_gain":0,"max_hp_loss":0,"event_name":"Addict","floor":33,"gold_loss":0,"cards_obtained":["Shame"]}],"is_beta":false,"boss_relics":[{"not_picked":["Sozu","conspire:RunicOctahedron"],"picked":"Replay:Fungal Core"},{"not_picked":[]},{"not_picked":["hubris:VirtuousBlindfold","halation:CatFaceCupcake"],"picked":"hubris:HollowSoul"},{"not_picked":[]}],"items_purged_floors":[41],"is_endless":false,"potions_floor_spawned":[1,13,14,16,20,37],"killed_by":"Reptomancer","ascension_level":0}}