{"host":"t7mx8yfj1no5p62f","time":1608527487,"event":{"mods":["BaseMod","Colored Map","Colored Powertips","Filter the Spire","Minty Spire (QoL Compilation)","Relic Stats","StSLib"],"gold_per_floor":[110,110,127,143,143,143,173,173,173,206,206,226,255,267,267,345,345,358,4,16,16,16,42,42,69,69,69,89,116,142,162,162,234,234,244,244,1243,1243,1266,1278,1324,1336,1348,1391,1419,1431,1431],"floor_reached":46,"playtime":1923,"items_purged":["Strike_R"],"score":1133,"play_id":"e53d49e2-87e1-4fc9-a2a7-54b355ba03b3","local_time":"20201221001127","is_ascension_mode":true,"campfire_choices":[{"data":"Twin Strike","floor":6,"key":"SMITH"},{"data":"Disarm","floor":8,"key":"SMITH"},{"data":"Bash","floor":11,"key":"SMITH"},{"data":"Disarm","floor":15,"key":"SMITH"},{"data":"RitualDagger","floor":24,"key":"SMITH"},{"data":"Demon Form","floor":27,"key":"SMITH"},{"data":"Sword Boomerang","floor":32,"key":"SMITH"},{"data":"Feel No Pain","floor":40,"key":"SMITH"},{"data":"Feel No Pain","floor":42,"key":"SMITH"}],"circlet_count":0,"master_deck":["AscendersBane","Strike_R","Strike_R","Defend_R","Defend_R","Defend_R","Defend_R","Bash+1","Disarm+1","Twin Strike+1","Disarm+1","Corruption","Feel No Pain+1","Shrug It Off","Demon Form+1","Power Through","Sword Boomerang+1","Reaper","Power Through","RitualDagger+1","Feel No Pain+1","Entrench","Twin Strike","Feel No Pain","Normality","Normality","Armaments+1","Entrench+1","Power Through+1"],"relics":["Snecko Eye","StrikeDummy","Eternal Feather","Bag of Marbles","Toy Ornithopter","Velvet Choker","Meat on the Bone","Paper Frog","Lantern","HornCleat","Tiny Chest","Bronze Scales","Mark of Pain","MawBank","Toxic Egg 2","Frozen Egg 2"],"acts_visited":["Exordium","TheCity","TheBeyond"],"potions_floor_usage":[10,16,23],"damage_taken":[{"damage":0.0,"enemies":"Cultist","floor":1.0,"turns":2.0},{"damage":5.0,"enemies":"Jaw Worm","floor":3.0,"turns":4.0},{"damage":10.0,"enemies":"Small Slimes","floor":4.0,"turns":4.0},{"damage":21,"enemies":"3 Sentries","floor":7,"turns":8},{"damage":12,"enemies":"Gremlin Nob","floor":10,"turns":4},{"damage":4,"enemies":"Blue Slaver","floor":12,"turns":3},{"damage":15,"enemies":"Lagavulin","floor":13,"turns":5},{"damage":0,"enemies":"3 Louse","floor":14,"turns":4},{"damage":17,"enemies":"The Guardian","floor":16,"turns":12},{"damage":2,"enemies":"Shell Parasite","floor":18,"turns":3},{"damage":4,"enemies":"2 Thieves","floor":20,"turns":3},{"damage":24,"enemies":"Gremlin Leader","floor":23,"turns":8},{"damage":64,"enemies":"Slavers","floor":25,"turns":8},{"damage":0,"enemies":"Snecko","floor":28,"turns":6},{"damage":20,"enemies":"Gremlin Leader","floor":29,"turns":8},{"damage":0,"enemies":"3 Cultists","floor":31,"turns":4},{"damage":33,"enemies":"Automaton","floor":33,"turns":12},{"damage":6,"enemies":"Orb Walker","floor":35,"turns":4},{"damage":1,"enemies":"3 Shapes","floor":39,"turns":5},{"damage":82,"enemies":"Giant Head","floor":41,"turns":11},{"damage":37,"enemies":"Nemesis","floor":44,"turns":5},{"damage":12,"enemies":"Sphere and 2 Shapes","floor":45,"turns":9},{"damage":23,"enemies":"Spire Growth","floor":46,"turns":3}],"seed_played":"-4280785259995622223","potions_obtained":[{"floor":4.0,"key":"HeartOfIron"},{"floor":7,"key":"Block Potion"},{"floor":14,"key":"LiquidBronze"},{"floor":16,"key":"Fire Potion"},{"floor":23,"key":"Fire Potion"},{"floor":25,"key":"Block Potion"},{"floor":29,"key":"CultistPotion"},{"floor":33,"key":"DuplicationPotion"}],"is_trial":false,"path_per_floor":["M","?","M","M","?","R","E","R","T","E","R","M","E","M","R","B",null,"M","$","M","?","?","E","R","E","T","R","M","E","T","M","R","B",null,"M","?","?","T","M","R","E","R","T","E","M","M"],"character_chosen":"IRONCLAD","items_purchased":["Meat on the Bone"],"campfire_rested":0,"item_purchase_floors":[19],"current_hp_per_floor":[68,68,63,53,53,53,32,32,32,20,29,25,10,10,19,7,58,56,56,52,52,46,45,57,17,17,29,41,42,42,60,72,64,72,69,69,69,69,68,71,28,43,43,18,18,0,0],"gold":1431,"neow_bonus":"BOSS_RELIC","is_daily":false,"chose_seed":false,"campfire_upgraded":9,"win_rate":0.0,"timestamp":1608527487,"path_taken":["M","?","M","M","?","R","E","R","T","E","R","M","E","M","R","BOSS","M","$","M","?","?","E","R","E","T","R","M","E","?","M","R","BOSS","M","?","?","?","?","R","E","R","T","E","M","M"],"items_purchased_type":["Relic"],"build_version":"2020-12-13","purchased_purges":1,"victory":false,"max_hp_per_floor":[75,75,75,75,75,75,75,75,75,75,75,75,75,75,75,75,75,75,75,75,75,75,75,75,75,75,75,75,75,75,75,75,75,75,75,71,71,71,71,71,71,71,71,71,71,71,71],"relic_stats":{"counters":[23,135],"Bronze Scales":[112],"Snecko Eye":[192,209,213,207],"Eternal Feather":72,"Tiny Chest":1,"MawBank":96,"obtain_stats":[{"Lantern":25,"Velvet Choker":17,"Eternal Feather":9,"Frozen Egg 2":44,"MawBank":38,"Burning Blood":0,"HornCleat":26,"Bronze Scales":30,"Snecko Eye":0,"Tiny Chest":29,"Mark of Pain":34,"Bag of Marbles":10,"Toxic Egg 2":41,"StrikeDummy":7,"Toy Ornithopter":13,"Meat on the Bone":19,"Paper Frog":23},{"Lantern":13,"Velvet Choker":9,"Eternal Feather":4,"Frozen Egg 2":21,"MawBank":18,"Burning Blood":0,"HornCleat":13,"Bronze Scales":15,"Snecko Eye":0,"Tiny Chest":15,"Mark of Pain":17,"Bag of Marbles":5,"Toxic Egg 2":20,"StrikeDummy":4,"Toy Ornithopter":7,"Meat on the Bone":10,"Paper Frog":12},{"Lantern":68,"Velvet Choker":46,"Eternal Feather":18,"Frozen Egg 2":123,"MawBank":102,"Burning Blood":0,"HornCleat":68,"Bronze Scales":82,"Snecko Eye":0,"Tiny Chest":82,"Mark of Pain":98,"Bag of Marbles":22,"Toxic Egg 2":118,"StrikeDummy":18,"Toy Ornithopter":30,"Meat on the Bone":49,"Paper Frog":60}],"Toy Ornithopter":10,"Meat on the Bone":60},"card_choices":[{"not_picked":["Headbutt","Wild Strike"],"picked":"Disarm","floor":1.0},{"not_picked":["Sentinel","Shrug It Off"],"picked":"Twin Strike","floor":3.0},{"not_picked":["Reckless Charge","Infernal Blade"],"picked":"Disarm","floor":4.0},{"not_picked":["Armaments","Clash","Headbutt"],"picked":"SKIP","floor":7},{"not_picked":["Infernal Blade","Burning Pact"],"picked":"Corruption","floor":10},{"not_picked":["Metallicize","Anger","Flex"],"picked":"SKIP","floor":12},{"not_picked":["True Grit","Inflame"],"picked":"Feel No Pain","floor":13},{"not_picked":["True Grit","Warcry"],"picked":"Shrug It Off","floor":14},{"not_picked":["Double Tap","Impervious"],"picked":"Demon Form","floor":16},{"not_picked":["Warcry+1","Flex"],"picked":"Power Through","floor":18},{"not_picked":["Iron Wave","Headbutt"],"picked":"Sword Boomerang","floor":20},{"not_picked":["Evolve","Juggernaut"],"picked":"Feel No Pain","floor":23},{"not_picked":["Clothesline","Clash","Anger"],"picked":"SKIP","floor":25},{"not_picked":["Havoc","Clash","Wild Strike"],"picked":"SKIP","floor":28},{"not_picked":["Anger","Searing Blow"],"picked":"Entrench","floor":29},{"not_picked":["Flex","Anger"],"picked":"Twin Strike","floor":31},{"not_picked":["Cleave+1","Clash"],"picked":"Feel No Pain","floor":35},{"not_picked":["Carnage","Wild Strike+1"],"picked":"Armaments+1","floor":39},{"not_picked":["Pommel Strike+1","Headbutt"],"picked":"Entrench+1","floor":41},{"not_picked":["Flex+1","Clothesline","Fire Breathing+1"],"picked":"SKIP","floor":44},{"not_picked":["Armaments+1","Sever Soul+1"],"picked":"Power Through+1","floor":45}],"player_experience":1573487,"relics_obtained":[{"floor":7,"key":"StrikeDummy"},{"floor":9,"key":"Eternal Feather"},{"floor":10,"key":"Bag of Marbles"},{"floor":13,"key":"Toy Ornithopter"},{"floor":23,"key":"Paper Frog"},{"floor":25,"key":"Lantern"},{"floor":26,"key":"HornCleat"},{"floor":29,"key":"Tiny Chest"},{"floor":30,"key":"Bronze Scales"},{"floor":38,"key":"MawBank"},{"floor":41,"key":"Toxic Egg 2"},{"floor":44,"key":"Frozen Egg 2"}],"event_choices":[{"damage_healed":0.0,"max_hp_gain":0.0,"max_hp_loss":0.0,"gold_gain":0.0,"event_name":"Liars Game","player_choice":"Ignored","floor":2.0,"gold_loss":0.0,"damage_taken":0.0},{"damage_healed":0,"gold_gain":0,"player_choice":"Leave","damage_taken":0,"max_hp_gain":0,"max_hp_loss":0,"event_name":"FaceTrader","floor":5,"gold_loss":0},{"damage_healed":0,"gold_gain":0,"cards_transformed":["Strike_R","Strike_R"],"player_choice":"Became Test Subject","damage_taken":0,"max_hp_gain":0,"max_hp_loss":0,"event_name":"Drug Dealer","floor":21,"gold_loss":0,"cards_obtained":["Reaper","Power Through"]},{"damage_healed":0,"gold_gain":0,"player_choice":"Joined the Cult","damage_taken":6,"max_hp_gain":0,"max_hp_loss":0,"event_name":"Nest","floor":22,"gold_loss":0,"cards_obtained":["RitualDagger"]},{"damage_healed":0,"gold_gain":0,"player_choice":"Max HP","damage_taken":0,"max_hp_gain":0,"max_hp_loss":4,"event_name":"Winding Halls","floor":36,"gold_loss":0},{"damage_healed":0,"gold_gain":999,"player_choice":"Gold","damage_taken":0,"max_hp_gain":0,"max_hp_loss":0,"event_name":"MindBloom","floor":37,"gold_loss":0,"cards_obtained":["Normality","Normality"]}],"is_beta":false,"boss_relics":[{"not_picked":["Fusion Hammer","Pandora\u0027s Box"],"picked":"Velvet Choker"},{"not_picked":["Sozu","Cursed Key"],"picked":"Mark of Pain"}],"items_purged_floors":[19],"is_endless":false,"potions_floor_spawned":[4,7,14,16,23,25,29,31,33,35,41,45],"killed_by":"Spire Growth","ascension_level":20}}