{"host":"sa7ebub27cgn5wai","time":1608536396,"event":{"mods":["BaseMod","Colored Map","Minty Spire (QoL Compilation)","SuperFastMode"],"gold_per_floor":[109,120,140,65,75,75,89,105,105,105,124,141,141,141,141,236,236,256,267,366,382,382,382,409,409,409,409,428,353,368,383,383,482,482,499,499,256,273,293,293,343,398,424,441,441,451,451,467,467,467,467],"floor_reached":50,"playtime":2004,"items_purged":["Strike_P","Strike_P"],"score":535,"play_id":"89d16a00-188c-4820-ac35-3240fc4f54e2","local_time":"20201221163956","is_ascension_mode":false,"campfire_choices":[{"data":"LessonLearned","floor":6,"key":"SMITH"},{"data":"FollowUp","floor":10,"key":"SMITH"},{"data":"FollowUp","floor":13,"key":"SMITH"},{"data":"Eruption","floor":15,"key":"SMITH"},{"data":"Scrawl","floor":23,"key":"SMITH"},{"data":"PathToVictory","floor":25,"key":"SMITH"},{"data":"FlurryOfBlows","floor":27,"key":"SMITH"},{"data":"FlurryOfBlows","floor":32,"key":"SMITH"},{"floor":40,"key":"REST"},{"floor":45,"key":"REST"},{"floor":49,"key":"REST"}],"circlet_count":0,"master_deck":["Strike_P+1","Strike_P+1","Defend_P+1","Defend_P+1","Defend_P+1","Defend_P+1","Eruption+1","Vigilance+1","FlyingSleeves+1","FlyingSleeves+1","FollowUp+1","LessonLearned+1","FollowUp+1","FlurryOfBlows+1","FearNoEvil","Scrawl+1","BowlingBash+1","FlurryOfBlows+1","PathToVictory+1","FollowUp","DeusExMachina","DeusExMachina","EmptyFist+1","CutThroughFate","FlurryOfBlows+1","BattleHymn+1","PathToVictory","Clumsy","Consecrate+1","EmptyBody+1","ClearTheMind+1","Writhe","CutThroughFate"],"relics":["PureWater","NeowsBlessing","Pear","Cursed Key","Thread and Needle","PreservedInsect","Fusion Hammer","Damaru","Ginger","Prayer Wheel","MealTicket"],"acts_visited":["Exordium","TheCity","TheBeyond"],"potions_floor_usage":[16,16,16,24,33,42,44,50,50],"damage_taken":[{"damage":0,"enemies":"Small Slimes","floor":1,"turns":1},{"damage":0,"enemies":"Jaw Worm","floor":2,"turns":1},{"damage":0,"enemies":"2 Louse","floor":3,"turns":1},{"damage":1,"enemies":"2 Fungi Beasts","floor":5,"turns":2},{"damage":11,"enemies":"Blue Slaver","floor":7,"turns":5},{"damage":0,"enemies":"Red Slaver","floor":8,"turns":2},{"damage":3,"enemies":"2 Fungi Beasts","floor":11,"turns":3},{"damage":0,"enemies":"Large Slime","floor":12,"turns":3},{"damage":37,"enemies":"Hexaghost","floor":16,"turns":7},{"damage":0,"enemies":"Chosen","floor":18,"turns":1},{"damage":0,"enemies":"Spheric Guardian","floor":19,"turns":1},{"damage":4,"enemies":"Snecko","floor":21,"turns":6},{"damage":0,"enemies":"Slavers","floor":24,"turns":1},{"damage":0,"enemies":"Chosen and Byrds","floor":28,"turns":2},{"damage":3,"enemies":"Shelled Parasite and Fungi","floor":30,"turns":4},{"damage":17,"enemies":"Snake Plant","floor":31,"turns":5},{"damage":27,"enemies":"Automaton","floor":33,"turns":6},{"damage":0,"enemies":"Orb Walker","floor":35,"turns":1},{"damage":9,"enemies":"3 Darklings","floor":38,"turns":4},{"damage":4,"enemies":"Spire Growth","floor":39,"turns":2},{"damage":9,"enemies":"Mind Bloom Boss Battle","floor":41,"turns":6},{"damage":45,"enemies":"2 Orb Walkers","floor":42,"turns":3},{"damage":0,"enemies":"Jaw Worm Horde","floor":44,"turns":3},{"damage":0,"enemies":"Transient","floor":46,"turns":5},{"damage":7,"enemies":"Spire Growth","floor":48,"turns":3},{"damage":129,"enemies":"Awakened One","floor":50,"turns":11}],"seed_played":"6139983103499198491","potions_obtained":[{"floor":3,"key":"LiquidMemories"},{"floor":5,"key":"Swift Potion"},{"floor":11,"key":"BlessingOfTheForge"},{"floor":12,"key":"Fire Potion"},{"floor":19,"key":"ColorlessPotion"},{"floor":21,"key":"BottledMiracle"},{"floor":39,"key":"EntropicBrew"},{"floor":42,"key":"ColorlessPotion"},{"floor":44,"key":"Fruit Juice"},{"floor":46,"key":"Strength Potion"}],"is_trial":false,"path_per_floor":["M","M","M","$","M","R","M","M","T","R","M","M","R","?","R","B",null,"M","M","?","M","$","R","E","R","T","R","M","?","M","M","R","B",null,"M","?","$","M","M","R","?","?","T","M","R","M","?","M","R","B"],"character_chosen":"WATCHER","items_purchased":["Damaru"],"campfire_rested":3,"item_purchase_floors":[37],"current_hp_per_floor":[72,72,72,72,71,71,60,60,70,70,67,67,67,51,51,14,82,82,82,82,78,78,78,78,78,78,78,78,78,75,58,58,31,82,82,82,82,73,69,82,73,28,28,33,59,59,81,74,87,0,0],"gold":467,"neow_bonus":"THREE_ENEMY_KILL","is_daily":false,"chose_seed":false,"campfire_upgraded":8,"win_rate":0.0,"timestamp":1608536396,"path_taken":["M","M","M","$","M","R","M","M","T","R","M","M","R","?","R","BOSS","M","M","?","M","$","R","E","R","T","R","M","?","M","M","R","BOSS","M","?","$","M","M","R","?","?","T","M","R","M","?","M","R","BOSS"],"items_purchased_type":["Relic"],"build_version":"2020-12-13","purchased_purges":2,"victory":false,"max_hp_per_floor":[72,72,72,72,72,72,72,72,82,82,82,82,82,82,82,82,82,82,82,82,82,82,82,82,82,82,82,82,82,82,82,82,82,82,82,82,82,82,82,82,82,82,82,87,87,87,87,87,87,87,87],"card_choices":[{"not_picked":["SashWhip","EmptyBody"],"picked":"FlyingSleeves","floor":1},{"not_picked":["Protect","WindmillStrike"],"picked":"FlyingSleeves","floor":2},{"not_picked":["SignatureMove","CutThroughFate"],"picked":"FollowUp","floor":3},{"not_picked":["WreathOfFlame","ClearTheMind"],"picked":"LessonLearned","floor":5},{"not_picked":["CutThroughFate","Halt"],"picked":"FollowUp","floor":7},{"not_picked":["Crescendo","Evaluate"],"picked":"FlurryOfBlows","floor":8},{"not_picked":["Study","ThirdEye","Swivel"],"picked":"SKIP","floor":11},{"not_picked":["InnerPeace","BattleHymn"],"picked":"FearNoEvil","floor":12},{"not_picked":["Devotion","Alpha"],"picked":"Scrawl","floor":16},{"not_picked":["Evaluate","CrushJoints+1","SashWhip"],"picked":"SKIP","floor":18},{"not_picked":["EmptyMind","Meditate"],"picked":"BowlingBash+1","floor":19},{"not_picked":["EmptyBody","WheelKick"],"picked":"FlurryOfBlows","floor":21},{"not_picked":["WreathOfFlame","Crescendo"],"picked":"PathToVictory","floor":24},{"not_picked":["Consecrate","EmptyBody"],"picked":"FollowUp","floor":28},{"not_picked":["Indignation","Prostrate"],"picked":"DeusExMachina","floor":30},{"not_picked":["BowlingBash","SashWhip","WreathOfFlame"],"picked":"SKIP","floor":31},{"not_picked":["MasterReality","Alpha"],"picked":"DeusExMachina","floor":33},{"not_picked":["WreathOfFlame+1","ForeignInfluence+1"],"picked":"EmptyFist+1","floor":35},{"not_picked":["SandsOfTime","CrushJoints+1"],"picked":"CutThroughFate","floor":38},{"not_picked":["Perseverance+1","SignatureMove"],"picked":"FlurryOfBlows+1","floor":39},{"not_picked":["EmptyBody","ThirdEye"],"picked":"BattleHymn+1","floor":41},{"not_picked":["BowlingBash","Devotion"],"picked":"PathToVictory","floor":42},{"not_picked":["Tantrum+1","Halt+1"],"picked":"Consecrate+1","floor":44},{"not_picked":["ThirdEye","BowlingBash+1","Swivel+1"],"picked":"SKIP","floor":44},{"not_picked":["Halt","Fasting2"],"picked":"EmptyBody+1","floor":46},{"not_picked":["Perseverance","EmptyFist+1"],"picked":"ClearTheMind+1","floor":46},{"not_picked":["Prostrate","WaveOfTheHand+1"],"picked":"CutThroughFate","floor":48},{"not_picked":["Conclude","Consecrate","WaveOfTheHand+1"],"picked":"SKIP","floor":48}],"player_experience":242342,"relics_obtained":[{"floor":9,"key":"Pear"},{"floor":24,"key":"Thread and Needle"},{"floor":26,"key":"PreservedInsect"},{"floor":41,"key":"Ginger"},{"floor":42,"key":"Prayer Wheel"},{"floor":43,"key":"MealTicket"}],"event_choices":[{"damage_healed":0,"gold_gain":0,"player_choice":"Entered Light","damage_taken":16,"max_hp_gain":0,"max_hp_loss":0,"event_name":"Shining Light","floor":14,"gold_loss":0,"cards_upgraded":["Strike_P","Defend_P"]},{"damage_healed":0,"gold_gain":99,"player_choice":"Stole From Cult","damage_taken":0,"max_hp_gain":0,"max_hp_loss":0,"event_name":"Nest","floor":20,"gold_loss":0},{"cards_removed":["Injury"],"damage_healed":0,"gold_gain":0,"player_choice":"Gave Gold","damage_taken":0,"max_hp_gain":0,"max_hp_loss":0,"event_name":"Beggar","floor":29,"gold_loss":75},{"damage_healed":0,"gold_gain":0,"player_choice":"Ignored","damage_taken":0,"max_hp_gain":0,"max_hp_loss":0,"event_name":"Tomb of Lord Red Mask","floor":36,"gold_loss":0},{"damage_healed":0,"gold_gain":0,"player_choice":"Fight","damage_taken":0,"max_hp_gain":0,"max_hp_loss":0,"event_name":"MindBloom","floor":41,"gold_loss":0},{"damage_healed":0,"gold_gain":0,"player_choice":"Fight","damage_taken":0,"max_hp_gain":0,"max_hp_loss":0,"event_name":"Mysterious Sphere","floor":42,"gold_loss":0},{"damage_healed":22,"gold_gain":0,"player_choice":"Writhe","damage_taken":0,"max_hp_gain":0,"max_hp_loss":0,"event_name":"Winding Halls","floor":47,"gold_loss":0,"cards_obtained":["Writhe"]}],"is_beta":false,"boss_relics":[{"not_picked":["Calling Bell","Runic Pyramid"],"picked":"Cursed Key"},{"not_picked":["Velvet Choker","Coffee Dripper"],"picked":"Fusion Hammer"}],"items_purged_floors":[4,37],"is_endless":false,"potions_floor_spawned":[3,5,11,12,19,21,39,42,44,46,48],"killed_by":"Awakened One","ascension_level":0}}