{"host":"djm8p3ivrj05jd45","time":1608577843,"event":{"mods":["AchievementEnabler","BaseMod","Downfall","Minty Spire (QoL Compilation)","StSLib","slay the spire mod where everything is the same but ironclad has a cowboy hat"],"gold_per_floor":[99,119,147,22,22,40,117,217,67,98,98,114,31,50,66,166,166,166,182,216,216,230,257,327,343,343,343,343],"floor_reached":26,"playtime":2223,"items_purged":[],"score":256,"play_id":"2579be3a-4226-4b3f-a5ed-04c01761610c","local_time":"20201221141043","is_ascension_mode":false,"campfire_choices":[{"data":"Guardian:TwinSlam","floor":1.0,"key":"SMITH"},{"floor":5.0,"key":"RECALL"},{"data":"Guardian:PrismaticBarrier","floor":9.0,"key":"SMITH"},{"data":"Guardian:Reroute","floor":18,"key":"SMITH"},{"data":"Guardian:TimeBomb","floor":21,"key":"SMITH"}],"circlet_count":0,"master_deck":["Guardian:Strike_Guardian","Guardian:Strike_Guardian","Guardian:Strike_Guardian","Guardian:Defend_Guardian","Guardian:Defend_Guardian","Guardian:Defend_Guardian","Guardian:CurlUp","Guardian:TwinSlam+1","Guardian:Incinerate","Guardian:RollAttack","Guardian:ChargeUp","Guardian:PrimingBeam","Guardian:PrismaticBarrier+1","Guardian:Planning","Guardian:Reroute+1","Guardian:ArmoredProtocol","Guardian:CrystalBeam","Guardian:StasisStrike","Guardian:Repulse+1","Guardian:TemporalShield","Guardian:TimeBomb+1","Guardian:BronzeOrb","Guardian:TimeCapacitor","Guardian:ShieldSpikes+1"],"relics":["Guardian:ModeShifter","MawBank","downfall:HeartBlessingBlue","downfall:HeartBlessingRed","White Beast Statue","Guardian:PickAxe","Astrolabe","Mercury Hourglass","Pen Nib","HornCleat"],"acts_visited":["Exordium","TheCity"],"potions_floor_usage":[20,20,22,25,26],"damage_taken":[{"damage":6.0,"enemies":"Cultist","floor":2.0,"turns":3.0},{"damage":14.0,"enemies":"Lagavulin","floor":3.0,"turns":8.0},{"damage":0.0,"enemies":"downfall:FleeingMerchant","floor":4.0,"turns":4.0},{"damage":3.0,"enemies":"Small Slimes","floor":6.0,"turns":2.0},{"damage":12.0,"enemies":"3 Sentries","floor":10.0,"turns":6.0},{"damage":0.0,"enemies":"Jaw Worm","floor":12.0,"turns":3.0},{"damage":3.0,"enemies":"downfall:FleeingMerchant","floor":13.0,"turns":4.0},{"damage":0.0,"enemies":"Exordium Wildlife","floor":14.0,"turns":3.0},{"damage":8.0,"enemies":"Gremlin Gang","floor":15.0,"turns":2.0},{"damage":10.0,"enemies":"downfall:Ironclad","floor":16.0,"turns":5.0},{"damage":0,"enemies":"3 Byrds","floor":19,"turns":3},{"damage":26,"enemies":"Gremlin Leader","floor":20,"turns":6},{"damage":19,"enemies":"Shell Parasite","floor":22,"turns":4},{"damage":57,"enemies":"Slavers","floor":23,"turns":5},{"damage":11,"enemies":"Snake Plant","floor":25,"turns":3},{"damage":18,"enemies":"3 Cultists","floor":26,"turns":4}],"seed_played":"5296465156806943146","potions_obtained":[{"floor":0.0,"key":"Regen Potion"},{"floor":0.0,"key":"FairyPotion"},{"floor":0.0,"key":"PowerPotion"},{"floor":3.0,"key":"champ:CounterPotion"},{"floor":6.0,"key":"EssenceOfSteel"},{"floor":10.0,"key":"Guardian:AcceleratePotion"},{"floor":12.0,"key":"PowerPotion"},{"floor":13.0,"key":"Energy Potion"},{"floor":14.0,"key":"Slimebound:ThreeZeroPotion"},{"floor":16.0,"key":"DistilledChaos"},{"floor":19,"key":"SkillPotion"},{"floor":20,"key":"Dexterity Potion"},{"floor":22,"key":"FairyPotion"},{"floor":23,"key":"Energy Potion"},{"floor":25,"key":"Explosive Potion"}],"is_trial":false,"path_per_floor":["R","M","E","$","R","M","T","?","R","E","?","M","$","M","M","B",null,"R","M","E","R","M","E","T","M","M"],"character_chosen":"GUARDIAN","items_purchased":["Guardian:ChargeUp","Guardian:PrimingBeam","Guardian:ArmoredProtocol"],"campfire_rested":0,"item_purchase_floors":[4,4,13],"current_hp_per_floor":[80,74,72,72,72,69,69,69,79,67,67,67,64,64,56,46,90,90,90,64,64,45,27,27,16,0,0,0],"gold":343,"neow_bonus":"THREE_SMALL_POTIONS","is_daily":false,"chose_seed":false,"campfire_upgraded":4,"win_rate":0.0,"timestamp":1608577843,"path_taken":["R","?","E","$","R","M","T","?","R","E","?","M","?","M","M","BOSS","R","M","E","R","M","E","T","M","M"],"items_purchased_type":["Card","Card","Card"],"build_version":"2020-12-13","purchased_purges":0,"victory":false,"max_hp_per_floor":[80,80,80,80,80,80,80,80,90,90,90,90,90,90,90,90,90,90,90,90,90,90,90,90,90,90,90,90],"card_choices":[{"not_picked":["Guardian:PiercingHide","Guardian:GuardianWhirl"],"picked":"Guardian:Incinerate","floor":2.0},{"not_picked":["Guardian:TemporalStrike","Guardian:Planning"],"picked":"Guardian:RollAttack","floor":3.0},{"not_picked":["Guardian:PrimingBeam","Guardian:Incinerate"],"picked":"Guardian:Gem_Orange","floor":4.0},{"not_picked":["Guardian:Gem_White","Guardian:SentryBeam"],"picked":"Guardian:PrismaticBarrier","floor":6.0},{"not_picked":["Guardian:Reroute","Guardian:SpikerProtocol"],"picked":"Guardian:Planning","floor":10.0},{"not_picked":["Guardian:BronzeOrb","Guardian:FloatingOrbs"],"picked":"Guardian:Planning","floor":12.0},{"not_picked":["Guardian:PiercingHide","Guardian:Clone"],"picked":"Guardian:Reroute","floor":13.0},{"not_picked":["Guardian:ShieldSpikes","Guardian:ShieldCharger"],"picked":"Guardian:Gem_Lightblue","floor":14.0},{"not_picked":["Guardian:PrismaticBarrier","Guardian:PrimingBeam"],"picked":"Guardian:CrystalBeam","floor":15.0},{"not_picked":["Guardian:SphericShield","Guardian:RevengeProtocol"],"picked":"Guardian:StasisStrike","floor":16.0},{"not_picked":["Guardian:Gem_Green","Guardian:RollAttack"],"picked":"Guardian:TemporalShield","floor":19},{"not_picked":["Guardian:Gem_Fragmented","Guardian:Suspension"],"picked":"Guardian:TimeBomb","floor":20},{"not_picked":["Guardian:Reroute","Guardian:Recover"],"picked":"Guardian:BronzeOrb","floor":22},{"not_picked":["Guardian:SphericShield","Guardian:Suspension"],"picked":"Guardian:TimeCapacitor","floor":23},{"not_picked":["Guardian:Gem_Cyan","Guardian:RollAttack"],"picked":"Guardian:ShieldSpikes+1","floor":25}],"player_experience":82430,"relics_obtained":[{"floor":3.0,"key":"MawBank"},{"floor":10.0,"key":"White Beast Statue"},{"floor":20,"key":"Mercury Hourglass"},{"floor":23,"key":"Pen Nib"},{"floor":24,"key":"HornCleat"}],"event_choices":[],"is_beta":false,"boss_relics":[{"not_picked":["Velvet Choker","Snecko Eye"],"picked":"Astrolabe"}],"items_purged_floors":[],"is_endless":false,"potions_floor_spawned":[3,6,10,12,13,14,15,16,19,20,22,23,25],"killed_by":"3 Cultists","ascension_level":0}}