{"host":"b4asi0laiv85suj9","time":1608524684,"event":{"mods":["BaseMod","Minty Spire (QoL Compilation)","MostiFishMod","Relic Stats","StSLib","TestMod","noobMod"],"gold_per_floor":[119,119,130,150,167,194,206,236,261,26,60,80,80,110,110,188,188,201,220,76,90,108,143,160,160,160,171,171,171,83,108,108,185,185,196,212,224,224,251,286,307,307,332,332,376,413,434,474,486,498,510,522,164,204,204],"floor_reached":56,"playtime":1997,"items_purged":[],"score":2490,"play_id":"0e50c9bb-5e39-4426-951c-080e21a2eda0","local_time":"20201221122444","is_ascension_mode":true,"campfire_choices":[{"floor":15.0,"key":"RECALL"},{"data":"Cloak And Dagger","floor":25.0,"key":"SMITH"},{"data":"Flash of Steel","floor":32.0,"key":"SMITH"},{"floor":42.0,"key":"REST"},{"floor":44.0,"key":"REST"},{"data":"Streamline","floor":49,"key":"SMITH"},{"floor":52,"key":"REST"}],"circlet_count":0,"master_deck":["AscendersBane","Streamline+1","Chrysalis+1","Acrobatics+1","Noxious Fumes+1","Madness+1","Gash+1"],"relics":["testmod-TestBox","DaveBox","ice","Sozu","testmod-ThousandKnives","DSteel32","Question Card","PrismaticShard","Boot","testmod-Justice","Medical Kit","Blood Vial","Orichalcum","ImportantClient","testmod-KeyOfTheVoid","Membership Card","Toxic Egg 2","testmod-ArcanaOfDestiny","DianDianMeat","PreservedInsect","ShadowXiaoBlade","CeramicFish","Frozen Egg 2","Bag of Marbles","MawBank","testmod-MagicalMallet","Sundial","ArrowTower"],"acts_visited":["Exordium","TheCity","TheBeyond","TheEnding"],"potions_floor_usage":[],"damage_taken":[{"damage":0.0,"enemies":"Jaw Worm","floor":1.0,"turns":4.0},{"damage":0.0,"enemies":"Cultist","floor":3.0,"turns":4.0},{"damage":0.0,"enemies":"2 Louse","floor":4.0,"turns":3.0},{"damage":3.0,"enemies":"Lots of Slimes","floor":5.0,"turns":4.0},{"damage":2.0,"enemies":"3 Sentries","floor":6.0,"turns":6.0},{"damage":4.0,"enemies":"Gremlin Gang","floor":7.0,"turns":4.0},{"damage":7.0,"enemies":"Lagavulin","floor":8.0,"turns":4.0},{"damage":0.0,"enemies":"Gremlin Nob","floor":11.0,"turns":3.0},{"damage":0.0,"enemies":"Exordium Wildlife","floor":12.0,"turns":3.0},{"damage":7.0,"enemies":"3 Sentries","floor":14.0,"turns":4.0},{"damage":4.0,"enemies":"The Guardian","floor":16.0,"turns":5.0},{"damage":0.0,"enemies":"Spheric Guardian","floor":18.0,"turns":3.0},{"damage":0.0,"enemies":"Shell Parasite","floor":19.0,"turns":2.0},{"damage":8.0,"enemies":"Centurion and Healer","floor":21.0,"turns":4.0},{"damage":0.0,"enemies":"Snecko","floor":22.0,"turns":3.0},{"damage":9.0,"enemies":"Book of Stabbing","floor":23.0,"turns":4.0},{"damage":0.0,"enemies":"Cultist and Chosen","floor":24.0,"turns":3.0},{"damage":0.0,"enemies":"Snake Plant","floor":27.0,"turns":1.0},{"damage":0.0,"enemies":"Slavers","floor":31.0,"turns":3.0},{"damage":0.0,"enemies":"Automaton","floor":33.0,"turns":3.0},{"damage":0.0,"enemies":"Orb Walker","floor":35.0,"turns":1.0},{"damage":0.0,"enemies":"3 Darklings","floor":36.0,"turns":2.0},{"damage":0.0,"enemies":"Transient","floor":37.0,"turns":2.0},{"damage":0.0,"enemies":"Nemesis","floor":40.0,"turns":2.0},{"damage":0.0,"enemies":"Jaw Worm Horde","floor":41.0,"turns":2.0},{"damage":0.0,"enemies":"Giant Head","floor":45.0,"turns":1.0},{"damage":0.0,"enemies":"Spire Growth","floor":46.0,"turns":1.0},{"damage":59,"enemies":"Transient","floor":48,"turns":5},{"damage":41,"enemies":"Donu and Deca","floor":50,"turns":5},{"damage":43,"enemies":"Shield and Spear","floor":54,"turns":4},{"damage":162,"enemies":"The Heart","floor":55,"turns":6}],"seed_played":"7133617879332188290","potions_obtained":[],"is_trial":false,"path_per_floor":["M","?","M","M","M","E","M","E","T","$","E","M","?","E","R","B",null,"M","M","$","M","M","E","M","R","T","M","?","T","$","E","R","B",null,"M","M","M","?","T","E","M","R","T","R","E","M","?","M","R","B",null,"R","$","E","B",null],"character_chosen":"THE_SILENT","items_purchased":["Medical Kit","Flash of Steel","Membership Card","Blade Dance","Flying Knee","Acrobatics+1","Blade Dance+1","MostiFishMod:ButterFly","Chrysalis+1","All Out Attack","Die Die Die","Acrobatics+1","Noxious Fumes+1","Setup+1","testmod-MagicalMallet","Sundial","Madness+1"],"campfire_rested":3,"item_purchase_floors":[10,10,20,20,30,30,30,30,53,53,53,53,53,53,53,53,53],"current_hp_per_floor":[59,59,59,59,56,54,50,43,43,43,43,45,45,40,40,38,59,61,63,63,57,59,52,54,54,54,56,56,56,66,77,77,87,87,94,102,111,111,111,121,132,132,132,132,144,157,171,127,127,88,162,186,319,299,139],"gold":204,"neow_bonus":"BOSS_RELIC","is_daily":false,"chose_seed":false,"campfire_upgraded":3,"win_rate":0.0,"timestamp":1608524684,"path_taken":["M","?","M","M","M","E","M","E","T","?","E","M","?","E","R","BOSS","M","M","?","M","M","E","?","R","T","?","?","?","$","E","R","BOSS","M","M","?","?","?","E","M","R","T","R","E","?","?","M","R","BOSS","R","$","E","BOSS"],"items_purchased_type":["Relic","Card","Relic","Card","Card","Card","Card","Card","Card","Card","Card","Card","Card","Card","Relic","Relic","Card"],"build_version":"2020-12-13","purchased_purges":0,"victory":true,"max_hp_per_floor":[66,66,66,66,66,66,66,66,66,66,66,66,66,66,66,66,66,66,66,66,66,66,66,66,66,66,66,66,66,76,81,81,87,87,94,102,111,111,111,121,132,132,132,132,144,157,171,186,186,186,186,186,319,342,342],"relic_stats":{"Sozu":15,"Blood Vial":28,"counters":[31,100],"Sundial":[2],"CeramicFish":126,"PreservedInsect":257,"Orichalcum":[72],"Question Card":29,"Boot":[160],"Medical Kit":[10],"MawBank":96,"obtain_stats":[{"DaveBox":0,"CeramicFish":39,"ice":0,"testmod-KeyOfTheVoid":17,"PrismaticShard":1,"Boot":6,"Sozu":0,"Blood Vial":11,"Sundial":53,"testmod-ThousandKnives":0,"Toxic Egg 2":23,"testmod-ArcanaOfDestiny":26,"Ring of the Snake":0,"ImportantClient":16,"DSteel32":0,"DianDianMeat":29,"testmod-TestBox":0,"ShadowXiaoBlade":34,"PreservedInsect":31,"testmod-Justice":8,"Orichalcum":14,"Frozen Egg 2":40,"Question Card":1,"Medical Kit":10,"MawBank":45,"testmod-MagicalMallet":53,"Bag of Marbles":43,"Membership Card":20,"ArrowTower":54},{"DaveBox":0,"CeramicFish":23,"ice":0,"testmod-KeyOfTheVoid":11,"PrismaticShard":1,"Boot":5,"Sozu":0,"Blood Vial":8,"Sundial":29,"testmod-ThousandKnives":0,"Toxic Egg 2":16,"testmod-ArcanaOfDestiny":17,"Ring of the Snake":0,"ImportantClient":11,"DSteel32":0,"DianDianMeat":18,"testmod-TestBox":0,"ShadowXiaoBlade":20,"PreservedInsect":19,"testmod-Justice":7,"Orichalcum":10,"Frozen Egg 2":24,"Question Card":1,"Medical Kit":7,"MawBank":26,"testmod-MagicalMallet":29,"Bag of Marbles":25,"Membership Card":13,"ArrowTower":30},{"DaveBox":0,"CeramicFish":75,"ice":0,"testmod-KeyOfTheVoid":44,"PrismaticShard":4,"Boot":21,"Sozu":0,"Blood Vial":32,"Sundial":91,"testmod-ThousandKnives":0,"Toxic Egg 2":60,"testmod-ArcanaOfDestiny":63,"Ring of the Snake":0,"ImportantClient":44,"DSteel32":0,"DianDianMeat":64,"testmod-TestBox":0,"ShadowXiaoBlade":70,"PreservedInsect":67,"testmod-Justice":29,"Orichalcum":39,"Frozen Egg 2":77,"Question Card":4,"Medical Kit":29,"MawBank":80,"testmod-MagicalMallet":91,"Bag of Marbles":79,"Membership Card":49,"ArrowTower":95}]},"card_choices":[{"not_picked":["Deadly Poison","Dash"],"picked":"Acrobatics","floor":1.0},{"not_picked":["BowlingBash","Deep Breath","EmptyMind"],"picked":"Gash","floor":3.0},{"not_picked":["Leap","WindmillStrike","Noxious Fumes"],"picked":"Hologram","floor":4.0},{"not_picked":["Ball Lightning","Redo","Second Wind","Crippling Poison"],"picked":"SKIP","floor":5.0},{"not_picked":["The Bomb","Rupture","Hologram","Underhanded Strike"],"picked":"SKIP","floor":6.0},{"not_picked":["Bane","Sucker Punch","Steam","Hologram"],"picked":"SKIP","floor":7.0},{"not_picked":["MostiFishMod:PerfectParry","Armaments","Go for the Eyes","Heavy Blade"],"picked":"SKIP","floor":8.0},{"not_picked":["Doom and Gloom","Shrug It Off","Iron Wave"],"picked":"MostiFishMod:Dust","floor":11.0},{"not_picked":["Hemokinesis","Sucker Punch","Hologram"],"picked":"Cloak And Dagger","floor":12.0},{"not_picked":["Rebound","Cold Snap","Double Energy","Underhanded Strike"],"picked":"SKIP","floor":14.0},{"not_picked":["MostiFishMod:#F4004","Thunder Strike","Alpha"],"picked":"MostiFishMod:Volcan","floor":16.0},{"not_picked":["WreathOfFlame","Dagger Throw","CrushJoints"],"picked":"Discovery","floor":18.0},{"not_picked":["Blade Dance","Cold Snap","Sword Boomerang"],"picked":"TalkToTheHand+1","floor":19.0},{"not_picked":["Rebound","Reckless Charge+1","Poisoned Stab"],"picked":"MostiFishMod:InvigoratingSolution","floor":21.0},{"not_picked":["Noxious Fumes","Barrage","Heavy Blade"],"picked":"Feel No Pain","floor":22.0},{"not_picked":["Clothesline","Sucker Punch","EmptyFist"],"picked":"MostiFishMod:MemoryFragments+1","floor":23.0},{"not_picked":["Dagger Spray","PiercingWail+1","Setup+1"],"picked":"Shrug It Off+1","floor":24.0},{"not_picked":["testmod-TemporaryDeletion","Halt+1","testmod-PocketStoneCalender"],"picked":"Perfected Strike","floor":27.0},{"not_picked":["Clothesline","FlyingSleeves","Stack+1"],"picked":"Hemokinesis","floor":31.0},{"not_picked":["Unload","testmod-FightingIntention","Sadistic Nature"],"picked":"testmod-Dream+1","floor":33.0},{"not_picked":["LikeWater","ThirdEye+1","Go for the Eyes+1"],"picked":"Clash+1","floor":35.0},{"not_picked":["Leap+1","Uppercut","Prepared+1"],"picked":"Evolve+1","floor":36.0},{"not_picked":["True Grit+1","Reflex+1","testmod-HeadAttack+1"],"picked":"Feed","floor":37.0},{"not_picked":["Disarm+1","Go for the Eyes+1","MostiFishMod:Speedup+1"],"picked":"Fire Breathing+1","floor":40.0},{"not_picked":["Wild Strike","WindmillStrike","Havoc+1"],"picked":"Clothesline+1","floor":41.0},{"not_picked":["FlurryOfBlows","Dagger Throw","CrushJoints"],"picked":"Twin Strike+1","floor":45.0},{"not_picked":["Flex+1","CutThroughFate","ThirdEye+1"],"picked":"BattleHymn+1","floor":46},{"not_picked":["Protect+1","Sweeping Beam","Meditate+1"],"picked":"Streamline","floor":48},{"not_picked":["testmod-DeathImprint","Consecrate","Purity+1"],"picked":"Gash+1","floor":54}],"player_experience":213605,"relics_obtained":[{"floor":1.0,"key":"Question Card"},{"floor":1.0,"key":"PrismaticShard"},{"floor":6.0,"key":"Boot"},{"floor":8.0,"key":"testmod-Justice"},{"floor":11.0,"key":"Blood Vial"},{"floor":14.0,"key":"Orichalcum"},{"floor":16.0,"key":"ImportantClient"},{"floor":23.0,"key":"Toxic Egg 2"},{"floor":26.0,"key":"testmod-ArcanaOfDestiny"},{"floor":29.0,"key":"DianDianMeat"},{"floor":31.0,"key":"PreservedInsect"},{"floor":39.0,"key":"CeramicFish"},{"floor":40.0,"key":"Frozen Egg 2"},{"floor":43.0,"key":"Bag of Marbles"},{"floor":45.0,"key":"MawBank"},{"floor":54,"key":"ArrowTower"}],"event_choices":[{"damage_healed":0.0,"max_hp_gain":0.0,"max_hp_loss":0.0,"gold_gain":0.0,"event_name":"Lab","player_choice":"Got Potions","floor":2.0,"gold_loss":0.0,"damage_taken":0.0},{"damage_healed":0.0,"max_hp_gain":0.0,"max_hp_loss":0.0,"gold_gain":0.0,"cards_transformed":["Defend_G"],"event_name":"Transmorgrifier","player_choice":"Transformed","floor":13.0,"gold_loss":0.0,"damage_taken":0.0,"cards_obtained":["A Thousand Cuts"]},{"damage_healed":0.0,"max_hp_gain":0.0,"max_hp_loss":0.0,"gold_gain":0.0,"event_name":"Ghosts","player_choice":"Ignored","floor":28.0,"gold_loss":0.0,"damage_taken":0.0},{"damage_healed":0.0,"max_hp_gain":0.0,"max_hp_loss":0.0,"gold_gain":0.0,"event_name":"Tomb of Lord Red Mask","player_choice":"Ignored","floor":38.0,"gold_loss":0.0,"damage_taken":0.0},{"damage_healed":0,"gold_gain":0,"player_choice":"Copied","damage_taken":0,"max_hp_gain":0,"max_hp_loss":0,"event_name":"Duplicator","floor":47,"gold_loss":0,"cards_obtained":["BattleHymn"]}],"is_beta":false,"boss_relics":[{"not_picked":["testmod-DreamHouse","HoveringKite"],"picked":"testmod-KeyOfTheVoid"},{"not_picked":["Transparent","testmod-DeterminationOfClimber"],"picked":"ShadowXiaoBlade"}],"items_purged_floors":[],"is_endless":false,"potions_floor_spawned":[1,3,4,6,11,18,21,27,37,40,46,48],"ascension_level":14}}