{"host":"vumwfieg2b2mnrfl","time":1608592782,"event":{"mods":["AchievementEnabler","BaseMod","Minty Spire (QoL Compilation)","Rare Cards Sparkle","Relic Stats"],"gold_per_floor":[117,79,254,264,264,264,290,290,290,290,308,340,19,38,38,115,115,55,55,73,73,88,88,103,135,135,155,155,155],"floor_reached":28,"playtime":1091,"items_purged":[],"score":447,"play_id":"9c7faebf-c433-43be-a612-7e5ae4a1587f","local_time":"20201221171942","is_ascension_mode":true,"campfire_choices":[{"data":"Noxious Fumes","floor":6,"key":"SMITH"},{"data":"Crippling Poison","floor":8,"key":"SMITH"},{"data":"Leg Sweep","floor":10,"key":"SMITH"},{"floor":15,"key":"REST"},{"floor":23,"key":"REST"}],"circlet_count":0,"master_deck":["AscendersBane","Strike_G","Strike_G","Strike_G","Strike_G","Strike_G","Defend_G","Defend_G","Defend_G","Defend_G","Defend_G","Survivor","Neutralize","Crippling Poison+1","Noxious Fumes+1","Doubt","Bane","Leg Sweep+1","Backflip","Poisoned Stab","Noxious Fumes","Footwork","PiercingWail","Malaise","Footwork","PiercingWail+1","Malaise","Poisoned Stab","Bouncing Flask","Flying Knee+1"],"relics":["Ring of the Snake","NeowsBlessing","Prayer Wheel","Bottled Lightning","Gremlin Horn","Question Card","Lizard Tail","Runic Pyramid","Meat on the Bone","Blue Candle"],"acts_visited":["Exordium","TheCity"],"potions_floor_usage":[24,28],"damage_taken":[{"damage":0,"enemies":"2 Louse","floor":1,"turns":1},{"damage":0,"enemies":"Small Slimes","floor":4,"turns":1},{"damage":0,"enemies":"3 Sentries","floor":7,"turns":1},{"damage":0,"enemies":"Jaw Worm","floor":11,"turns":4},{"damage":19,"enemies":"Lagavulin","floor":12,"turns":6},{"damage":3,"enemies":"Large Slime","floor":14,"turns":7},{"damage":13,"enemies":"The Guardian","floor":16,"turns":10},{"damage":12,"enemies":"2 Thieves","floor":18,"turns":4},{"damage":4,"enemies":"Shell Parasite","floor":20,"turns":8},{"damage":26,"enemies":"Shelled Parasite and Fungi","floor":22,"turns":9},{"damage":11,"enemies":"Cultist and Chosen","floor":24,"turns":9},{"damage":36,"enemies":"Book of Stabbing","floor":25,"turns":9},{"damage":15,"enemies":"Centurion and Healer","floor":27,"turns":8},{"damage":17,"enemies":"Slavers","floor":28,"turns":4}],"seed_played":"-944167349696116953","potions_obtained":[{"floor":1,"key":"SpeedPotion"},{"floor":11,"key":"FearPotion"},{"floor":12,"key":"DuplicationPotion"},{"floor":24,"key":"DistilledChaos"}],"is_trial":false,"path_per_floor":["M","$","?","M","?","R","E","R","T","R","M","E","$","M","R","B",null,"M","?","M","?","M","R","M","E","T","M","E"],"character_chosen":"THE_SILENT","items_purchased":["Noxious Fumes","Footwork","Lizard Tail"],"campfire_rested":2,"item_purchase_floors":[2,13,13],"current_hp_per_floor":[63,63,63,63,51,51,51,51,51,51,51,32,32,29,50,37,62,50,50,46,33,7,29,18,20,20,17,0,0],"gold":155,"neow_bonus":"THREE_ENEMY_KILL","is_daily":false,"chose_seed":false,"campfire_upgraded":3,"win_rate":0.0,"timestamp":1608592782,"path_taken":["M","$","?","M","?","R","E","R","T","R","M","E","?","M","R","BOSS","M","?","M","?","M","R","M","E","T","M","E"],"items_purchased_type":["Card","Card","Relic"],"build_version":"2020-12-13","purchased_purges":0,"victory":false,"max_hp_per_floor":[70,70,70,70,70,70,70,70,70,70,70,70,70,70,70,70,70,70,70,70,75,75,75,75,75,75,75,75,75],"relic_stats":{"Lizard Tail":37,"Gremlin Horn":[3,3],"counters":[14,81],"Blue Candle":[1],"Prayer Wheel":7,"Question Card":14,"obtain_stats":[{"Lizard Tail":13,"NeowsBlessing":0,"Gremlin Horn":9,"Blue Candle":26,"Prayer Wheel":5,"Bottled Lightning":7,"Question Card":12,"Ring of the Snake":0,"Runic Pyramid":17,"Meat on the Bone":25},{"Lizard Tail":5,"NeowsBlessing":0,"Gremlin Horn":3,"Blue Candle":12,"Prayer Wheel":2,"Bottled Lightning":3,"Question Card":5,"Ring of the Snake":0,"Runic Pyramid":7,"Meat on the Bone":12},{"Lizard Tail":13,"NeowsBlessing":0,"Gremlin Horn":3,"Blue Candle":69,"Prayer Wheel":2,"Bottled Lightning":3,"Question Card":13,"Ring of the Snake":0,"Runic Pyramid":30,"Meat on the Bone":69}],"Ring of the Snake":[28],"Meat on the Bone":12},"card_choices":[{"not_picked":["Bane","Dagger Throw"],"picked":"Crippling Poison","floor":1},{"not_picked":["Backstab","Finisher"],"picked":"Bane","floor":4},{"not_picked":["Poisoned Stab","Dash"],"picked":"Leg Sweep","floor":7},{"not_picked":["Bane","Distraction"],"picked":"Backflip","floor":11},{"not_picked":["Blade Dance","Concentrate"],"picked":"Poisoned Stab","floor":11},{"not_picked":["Glass Knife","Poisoned Stab"],"picked":"Noxious Fumes","floor":12},{"not_picked":["Dodge and Roll","Backflip","Deadly Poison"],"picked":"PiercingWail","floor":14},{"not_picked":["Acrobatics","Tactician","Choke","Underhanded Strike"],"picked":"SKIP","floor":14},{"not_picked":["Storm of Steel","Doppelganger","Phantasmal Killer"],"picked":"Malaise","floor":16},{"not_picked":["Concentrate","Prepared","Bane"],"picked":"Footwork","floor":18},{"not_picked":["Outmaneuver+1","Quick Slash","Slice"],"picked":"PiercingWail+1","floor":18},{"not_picked":["Flying Knee","Deadly Poison","Expertise"],"picked":"Poisoned Stab","floor":20},{"not_picked":["Deflect","Slice+1","Dash","Outmaneuver"],"picked":"SKIP","floor":20},{"not_picked":["Terror","Slice","Venomology","Backflip+1"],"picked":"SKIP","floor":22},{"not_picked":["Reflex+1","Outmaneuver","Choke+1","Distraction"],"picked":"SKIP","floor":22},{"not_picked":["Underhanded Strike","Slice","Skewer"],"picked":"Bouncing Flask","floor":24},{"not_picked":["Outmaneuver+1","Backstab+1","Deflect"],"picked":"Flying Knee+1","floor":24},{"not_picked":["Blade Dance","Backflip","Skewer","Acrobatics"],"picked":"SKIP","floor":25},{"not_picked":["Underhanded Strike","Distraction","Predator","Deadly Poison"],"picked":"SKIP","floor":27},{"not_picked":["Tools of the Trade","Dagger Spray","Prepared","Tactician"],"picked":"SKIP","floor":27}],"player_experience":281494,"relics_obtained":[{"floor":7,"key":"Bottled Lightning"},{"floor":9,"key":"Gremlin Horn"},{"floor":12,"key":"Question Card"},{"floor":25,"key":"Meat on the Bone"},{"floor":26,"key":"Blue Candle"}],"event_choices":[{"damage_healed":0,"gold_gain":175,"player_choice":"AGREE","damage_taken":0,"max_hp_gain":0,"max_hp_loss":0,"event_name":"Liars Game","floor":3,"gold_loss":0,"cards_obtained":["Doubt"]},{"damage_healed":0,"gold_gain":0,"player_choice":"Success","damage_taken":12,"relics_obtained":["Prayer Wheel"],"max_hp_gain":0,"max_hp_loss":0,"event_name":"Scrap Ooze","floor":5,"gold_loss":0},{"damage_healed":0,"gold_gain":0,"player_choice":"Read","damage_taken":0,"max_hp_gain":0,"max_hp_loss":0,"event_name":"The Library","floor":19,"gold_loss":0,"cards_obtained":["Malaise"]},{"damage_healed":0,"gold_gain":0,"player_choice":"Shed Blood","damage_taken":18,"max_hp_gain":5,"max_hp_loss":0,"event_name":"Forgotten Altar","floor":21,"gold_loss":0}],"is_beta":false,"boss_relics":[{"not_picked":["Empty Cage","SacredBark"],"picked":"Runic Pyramid"}],"items_purged_floors":[],"is_endless":false,"potions_floor_spawned":[1,11,12,20,24,27],"killed_by":"Slavers","ascension_level":13}}