{"host":"m83acohe0u5ickfv","time":1608537117,"event":{"mods":["Act Like it!","BaseMod","BetterRewards","Colored Map","Colored Powertips","DeckTracker","Hermit","Hubris","Infinite Spire","Lobotomy","Minty Spire (QoL Compilation)","Rare Cards Sparkle","Replay The Spire","StSLib","The Jungle"],"gold_per_floor":[10110,10185,8927,8945,8945,8945,8974,8990,8990,8990,8990,8990,9001,9013,9013,9121,9121,9126,9139,9184,3198,3198,3263,3263,3343,3343,3323,3391,3436,3514,3556,3556,3681,3681,3716,3750,379,485,523,523,581,607,682,775,5600,5609,5664,5736,5736,5802,5802,5802,1014,1070,1362],"floor_reached":56,"playtime":6580,"items_purged":["hermit:Defend_Hermit","hermit:Defend_Hermit","hermit:Defend_Hermit","hermit:Strike_Hermit"],"score":1597,"play_id":"bf59027b-68b8-4ef9-9fa6-3b9299d4f456","local_time":"20201221165157","is_ascension_mode":false,"campfire_choices":[{"data":"hubris:EnhanceAbility","floor":6.0,"key":"SMITH"},{"floor":10.0,"key":"REST"},{"floor":12.0,"key":"RECALL"},{"floor":15.0,"key":"REST"},{"floor":24.0,"key":"DIG"},{"floor":32.0,"key":"DIG"},{"floor":40,"key":"DIG"},{"data":"hermit:DeadOrAlive","floor":49,"key":"SMITH"},{"floor":52,"key":"DIG"}],"circlet_count":0,"master_deck":["hermit:Strike_Hermit","hermit:Snapshot+1","hermit:Covet","hermit:LowProfile","hermit:GoldenBullet+1","hubris:EnhanceAbility+1","hermit:Enervate","hermit:Feint","hermit:FromBeyond","hermit:Combo","hermit:TrackingShot","hermit:NoHoldsBarred","hermit:Scavenge","hermit:FullyLoaded","hermit:Headshot+1","hermit:BodyArmor","hermit:DeadOrAlive+1","CurseOfTheBell","Pot Of Greed+1","Pot Of Greed","hermit:TakeAim+1","Pot Of Greed","hermit:Magnum","hermit:Showdown","hermit:Adapt","hermit:Gambit","Poisoned Strike+1","PanicButton+1","HandOfGreed+1","The Bomb+1","Jack Of All Trades+1","hermit:BigShot+1","hermit:Determination+1","hermit:Brawl+1","Pot Of Greed+1","hermit:Gestalt+1","hermit:Vantage+1","hermit:Coalescence+1","hermit:Manifest+1","hermit:Snipe+1","hermit:OverwhelmingPower+1","hermit:LoneWolf","hermit:PistolWhip+1","hermit:HighCaliber","hermit:Desperado+1","hermit:GhostlyPresence+1","hermit:Quickdraw+1","Pot Of Greed+1","hermit:BlackWind+1","hermit:BodyArmor+1","hermit:LuckOfTheDraw","hermit:WideOpen+1","ReplayTheSpireMod:Trickstab+1","Finesse+1","Bandage Up+1","hubris:Insight+1","Dramatic Entrance+1","infinitespire:Punishment","hermit:ItchyTrigger+1","hermit:Misfire","Pot Of Greed+1","hermit:DeadMansHand+1","hermit:Virtue+1","hermit:Horror+1","hermit:FinalCanter+1","Discovery+1","Midas Touch+1","hermit:Grudge","hermit:Roughhouse+1","hermit:GoldenBullet+1","Secret Weapon+1","ReplayUltimateDefense+1","Flash of Steel+1","Pot Of Greed+1","hermit:Roughhouse+1"],"relics":["hermit:Momento","Blood Vial","Chameleon Ring","TheAbacus","Toy Ornithopter","The Courier","hubris:Towel","Calling Bell","Grinning Jar","Garlic","hubris:FunFungus","Red Mask","hubris:TenFootPole","Strawberry","ClockworkSouvenir","PreservedInsect","hermit:RedScarf","Nunchaku","CaptainsWheel","hubris:Reverence","Replay:Bandana","Ancient Tea Set","Dream Catcher","hubris:64BitClover","hubris:ToyBattleship","Juzu Bracelet","WingedGreaves","Anchor","infinitespire:Lucky Rock","Potion Belt","Question Card","Golden Egg","HornCleat","hubris:TinFlute","Pet Ghost","Eternal Feather","ReplayFunnel","hermit:Horseshoe","Shovel","infinitespire:PuzzleCube","hermit:RyeStalk","hubris:BundleOfHerbs","Smiling Mask","Ice Cream","hermit:BartenderGlass","Oddly Smooth Stone","Replay:Accelerometer","Boot","Mirror","Whetstone","Orichalcum","Replay:Rubber Ducky","Pear","Pen Nib","Gremlin Food","Sling","Counterbalance","Simple Rune","Omamori","Akabeko","Toxic Egg 2","Replay:Mystery Machine","hubris:CrystalStatue","hubris:Zylophone","Bronze Scales","hubris:AstralHammer","Replay:Kaleidoscope","hubris:MedicalManual","Replay:Bottled Steam","Peace Pipe","Blue Doll","Bag of Marbles","Mummified Hand","infinitespire:Joker Card","Ornamental Fan","ReplayTheSpireMod:Lightbulb","ReplayTheSpireMod:TigerMarble","infinitespire:FocusingShard","hubris:DisguiseKit","Chemical X","Lantern","InkBottle","Du-Vu Doll","Mango","hubris:MobiusCoin","FossilizedHelix","Replay:Wax Seal","Replay:WaspNest","infinitespire:Satchel","Calipers","Thread and Needle","Blue Candle","War Paint","CeramicFish","Bottled Tornado","Centennial Puzzle","Vajra","infinitespire:Beetle Shell","Gremlin Horn","Iron Hammer","Replay:Baseball","Medical Kit","Snack Pack","Quantum Egg","Shuriken","Mercury Hourglass","Bird Faced Urn","hubris:BottledRain","Letter Opener","ReplayTheSpireMod:Shallot","infinitespire:CheckeredPen","hubris:SphereOfDissonance","infinitespire:WardingShard","StrikeDummy","Kunai","hermit:Spyglass","Sundial","Bottled Lightning","Replay:Ringing Soul","infinitespire:Lychee Nut","Replay:Bottled Eggs","White Beast Statue","ReplayTheSpireMod:Ninjato","Pantograph"],"acts_visited":[],"potions_floor_usage":[38],"damage_taken":[{"damage":0.0,"enemies":"Small Slimes","floor":1.0,"turns":3.0},{"damage":7.0,"enemies":"Jaw Worm","floor":4.0,"turns":5.0},{"damage":32.0,"enemies":"Gremlin Nob","floor":7.0,"turns":4.0},{"damage":2.0,"enemies":"Cultist","floor":8.0,"turns":3.0},{"damage":11.0,"enemies":"Looter","floor":13.0,"turns":3.0},{"damage":0.0,"enemies":"Large Slime","floor":14.0,"turns":6.0},{"damage":32.0,"enemies":"Hexaghost","floor":16.0,"turns":11.0},{"damage":16.0,"enemies":"2 Thieves","floor":18.0,"turns":4.0},{"damage":26.0,"enemies":"Spheric Guardian","floor":19.0,"turns":4.0},{"damage":5.0,"enemies":"Masked Bandits","floor":20.0,"turns":2.0},{"damage":10.0,"enemies":"Slavers","floor":23.0,"turns":4.0},{"damage":0.0,"enemies":"Shelled Parasite and Fungi","floor":25.0,"turns":1.0},{"damage":0.0,"enemies":"Centurion and Healer","floor":28.0,"turns":4.0},{"damage":8.0,"enemies":"Cultist and Chosen","floor":29.0,"turns":3.0},{"damage":1.0,"enemies":"Replay:Snechameleon","floor":30.0,"turns":5.0},{"damage":6.0,"enemies":"Shelled Parasite and Fungi","floor":31.0,"turns":3.0},{"damage":18.0,"enemies":"Collector","floor":33.0,"turns":6.0},{"damage":7.0,"enemies":"3 Darklings","floor":35.0,"turns":4.0},{"damage":0.0,"enemies":"Orb Walker","floor":36.0,"turns":4.0},{"damage":4.0,"enemies":"infinitespire:Three Voidlings","floor":38.0,"turns":3.0},{"damage":12.0,"enemies":"Nightmare_Alpha","floor":38.0,"turns":5.0},{"damage":6,"enemies":"3 Darklings","floor":39,"turns":3},{"damage":0,"enemies":"R_Hoarder","floor":41,"turns":4},{"damage":0,"enemies":"Writhing Mass","floor":42,"turns":3},{"damage":6,"enemies":"2 Orb Walkers","floor":44,"turns":3},{"damage":0,"enemies":"Reptomancer","floor":47,"turns":2},{"damage":16,"enemies":"Transient","floor":48,"turns":4},{"damage":56,"enemies":"infinitespire:MassOfShapes","floor":50,"turns":1},{"damage":0,"enemies":"Shield and Spear","floor":54,"turns":1},{"damage":20,"enemies":"The Heart","floor":55,"turns":3}],"seed_played":"2022074579901359387","potions_obtained":[{"floor":1.0,"key":"hermit:BlackBile"},{"floor":4.0,"key":"PowerPotion"},{"floor":20.0,"key":"Elixir"},{"floor":27.0,"key":"Regen Potion"},{"floor":28.0,"key":"Regen Potion"},{"floor":38,"key":"Fruit Juice"},{"floor":38,"key":"DuplicationPotion"},{"floor":38,"key":"hermit:Eclipse"}],"is_trial":false,"path_per_floor":["M","?","$","M","?","R","E","M","T","R","?","R","M","M","R","B",null,"M","M","?","$","?","E","R","M","T","?","M","M","E","M","R","B",null,"M","M","$","?","M","R","E","M","T","?","$","?","E","M","R","B",null,"R","$","E","B",null],"character_chosen":"HERMIT","items_purchased":["Blood Vial","Chameleon Ring","TheAbacus","hermit:GoldenBullet","hubris:EnhanceAbility","hermit:Enervate","hermit:Feint","hermit:FromBeyond","hermit:Combo","Explosive Potion","Reflective Coating","hubris:TenFootPole","Strawberry","ClockworkSouvenir","PreservedInsect","hermit:RedScarf","Nunchaku","CaptainsWheel","hermit:Adapt","hermit:Gambit","hubris:Reverence","Replay:Bandana","Ancient Tea Set","Dream Catcher","hubris:64BitClover","hubris:ToyBattleship","Juzu Bracelet","WingedGreaves","Anchor","infinitespire:Lucky Rock","Potion Belt","Question Card","Golden Egg","HornCleat","hubris:TinFlute","Pet Ghost","Eternal Feather","ReplayFunnel","hermit:Horseshoe","Shovel","infinitespire:PuzzleCube","Poisoned Strike","PanicButton","HandOfGreed","The Bomb","Jack Of All Trades","hermit:BigShot","hermit:Determination","hermit:Brawl","hermit:Gestalt","hermit:Vantage","hermit:Coalescence","hermit:Manifest","hermit:Snipe","Strength Potion","SkillPotion","Fruit Juice","Block Potion","Replay:Accelerometer","Boot","Mirror","Whetstone","Orichalcum","Replay:Rubber Ducky","Pear","Pen Nib","Gremlin Food","Sling","Counterbalance","Simple Rune","Omamori","Akabeko","Toxic Egg 2","Replay:Mystery Machine","hubris:CrystalStatue","hubris:Zylophone","Bronze Scales","hermit:WideOpen","ReplayTheSpireMod:Trickstab","Finesse+1","Bandage Up+1","hubris:Insight+1","Dramatic Entrance","Blue Doll","Bag of Marbles","Mummified Hand","infinitespire:Joker Card","Ornamental Fan","ReplayTheSpireMod:Lightbulb","ReplayTheSpireMod:TigerMarble","infinitespire:FocusingShard","hubris:DisguiseKit","Chemical X","Lantern","InkBottle","Du-Vu Doll","Mango","hubris:MobiusCoin","FossilizedHelix","Replay:Wax Seal","Replay:WaspNest","infinitespire:Satchel","Calipers","Thread and Needle","Blue Candle","War Paint","hermit:Horror+1","hermit:FinalCanter","Discovery+1","Midas Touch+1","CeramicFish","Bottled Tornado","Centennial Puzzle","Vajra","infinitespire:Beetle Shell","Replay:Baseball","Medical Kit","Snack Pack","Quantum Egg","Shuriken","Mercury Hourglass","Bird Faced Urn","hubris:BottledRain","Letter Opener","ReplayTheSpireMod:Shallot","infinitespire:CheckeredPen","hubris:SphereOfDissonance","Secret Weapon+1","ReplayUltimateDefense","Flash of Steel","infinitespire:WardingShard","StrikeDummy","Kunai","hermit:Spyglass","Sundial","Bottled Lightning","Replay:Ringing Soul","infinitespire:Lychee Nut","Replay:Bottled Eggs","White Beast Statue","ReplayTheSpireMod:Ninjato"],"campfire_rested":2,"item_purchase_floors":[3,3,3,3,3,3,3,3,3,3,3,21,21,21,21,21,21,21,21,21,21,21,21,21,21,21,21,21,21,21,21,21,21,21,21,21,21,21,21,21,21,21,21,21,21,21,21,21,21,21,21,21,21,21,21,21,21,21,37,37,37,37,37,37,37,37,37,37,37,37,37,37,37,37,37,37,37,37,37,37,37,37,37,45,45,45,45,45,45,45,45,45,45,45,45,45,45,45,45,45,45,45,45,45,45,45,45,45,45,45,45,45,45,45,45,53,53,53,53,53,53,53,53,53,53,53,53,53,53,53,53,53,53,53,53,53,53,53,53,53,53],"current_hp_per_floor":[75,64,64,59,59,59,29,29,29,51,51,51,42,44,66,46,75,59,35,70,89,89,82,89,89,89,89,89,82,84,81,89,82,89,82,84,94,99,96,106,106,106,106,104,118,118,120,110,120,70,120,120,90,93,93],"gold":1362,"neow_bonus":"UPGRADE_CARD","is_daily":false,"chose_seed":false,"campfire_upgraded":2,"win_rate":0.0,"timestamp":1608537117,"path_taken":["M","?","$","M","?","R","E","?","T","R","?","R","M","M","R","BOSS","M","M","?","$","?","E","R","M","T","?","M","M","E","M","R","BOSS","M","M","$","?","M","R","E","M","T","?","?","?","E","M","R","BOSS","R","$","E","BOSS"],"items_purchased_type":["Relic","Relic","Relic","Card","Card","Card","Card","Card","Card","Potion","Potion","Relic","Relic","Relic","Relic","Relic","Relic","Relic","Card","Card","Relic","Relic","Relic","Relic","Relic","Relic","Relic","Relic","Relic","Relic","Relic","Relic","Relic","Relic","Relic","Relic","Relic","Relic","Relic","Relic","Relic","Card","Card","Card","Card","Card","Card","Card","Card","Card","Card","Card","Card","Card","Potion","Potion","Potion","Potion","Relic","Relic","Relic","Relic","Relic","Relic","Relic","Relic","Relic","Relic","Relic","Relic","Relic","Relic","Relic","Relic","Relic","Relic","Relic","Card","Card","Card","Card","Card","Card","Relic","Relic","Relic","Relic","Relic","Relic","Relic","Relic","Relic","Relic","Card","Relic","Relic","Relic","Relic","Relic","Relic","Relic","Relic","Relic","Relic","Relic","Relic","Card","Card","Card","Card","Relic","Relic","Relic","Relic","Relic","Relic","Relic","Relic","Relic","Relic","Relic","Relic","Relic","Relic","Relic","Relic","Relic","Card","Card","Card","Relic","Relic","Relic","Relic","Relic","Relic","Relic","Relic","Relic","Relic","Relic"],"build_version":"2020-12-13","purchased_purges":4,"victory":true,"max_hp_per_floor":[75,75,75,75,75,75,75,75,75,75,75,75,75,75,75,75,75,75,75,75,89,89,89,89,89,89,89,89,89,89,89,89,89,89,89,89,99,106,106,106,106,106,106,106,120,120,120,120,120,120,120,120,90,93,93],"card_choices":[{"not_picked":["hermit:BodyArmor","hermit:HoleUp"],"picked":"hermit:LowProfile","floor":1.0},{"not_picked":["hermit:DeadMansHand","hermit:Snipe"],"picked":"hermit:TrackingShot","floor":4.0},{"not_picked":["hermit:Manifest","hermit:GoldenBullet"],"picked":"hermit:Scavenge","floor":7.0},{"not_picked":["hermit:LowProfile","hermit:Coalescence"],"picked":"hermit:FullyLoaded","floor":8.0},{"not_picked":["hermit:TakeCover","hermit:Quickdraw"],"picked":"hermit:Headshot","floor":13.0},{"not_picked":["hermit:Desperado","hermit:HoleUp"],"picked":"hermit:BodyArmor","floor":14.0},{"not_picked":["hermit:Gambit","hermit:FromBeyond"],"picked":"hermit:DeadOrAlive","floor":16.0},{"not_picked":["hermit:Ricochet","hermit:Scavenge"],"picked":"hermit:TakeAim+1","floor":18.0},{"not_picked":["hermit:Roulette","hermit:HighCaliber"],"picked":"hermit:Magnum","floor":19.0},{"not_picked":["hermit:TakeCover","hermit:Roulette"],"picked":"hermit:Showdown","floor":20.0},{"not_picked":["hermit:Scavenge","hermit:Gambit","hermit:CursedWeapon"],"picked":"hermit:LoneWolf","floor":23.0},{"not_picked":["hermit:Roulette","hermit:Combo","hermit:Dive"],"picked":"hermit:PistolWhip+1","floor":25.0},{"not_picked":["hermit:Spite+1","hermit:TrackingShot","hermit:Snipe"],"picked":"hermit:HighCaliber","floor":28.0},{"not_picked":["hermit:HoleUp+1","hermit:Enervate","hermit:Dive+1"],"picked":"hermit:Desperado+1","floor":29.0},{"not_picked":["hermit:GoldenBullet","hermit:Showdown","hermit:Roulette+1"],"picked":"hermit:GhostlyPresence+1","floor":30.0},{"not_picked":["hermit:Vantage","hermit:Coalescence+1","hermit:LowProfile+1"],"picked":"hermit:Quickdraw+1","floor":31.0},{"not_picked":["hermit:DeadOrAlive","hermit:Adapt","hermit:Dissolve"],"picked":"hermit:BlackWind","floor":33.0},{"not_picked":["hermit:Headshot+1","hermit:Feint+1","hermit:Coalescence+1"],"picked":"hermit:BodyArmor+1","floor":35.0},{"not_picked":["hermit:LowProfile+1","hermit:Dive+1","hermit:TakeCover+1"],"picked":"hermit:LuckOfTheDraw","floor":36.0},{"not_picked":["ReplayTheSpireMod:Echoes of Time","infinitespire:Gouge"],"picked":"infinitespire:Punishment","floor":38},{"not_picked":["hermit:SprayPray","hermit:Glare+1","hermit:Midnight+1"],"picked":"hermit:ItchyTrigger+1","floor":39},{"not_picked":["hermit:Snipe+1","hermit:TrackingShot+1","hermit:FlashPowder+1"],"picked":"hermit:Misfire","floor":41},{"not_picked":["hermit:Snipe+1","hermit:Enervate+1","hermit:Deadeye+1"],"picked":"hermit:DeadMansHand+1","floor":42},{"not_picked":["hermit:CalledShot+1","hermit:LowProfile+1","hermit:Quickdraw"],"picked":"hermit:Virtue+1","floor":44},{"not_picked":["hermit:SprayPray+1","hermit:Snipe+1","hermit:Malice+1","Headbutt"],"picked":"hermit:Roughhouse","floor":47},{"not_picked":["hermit:Coalescence+1","hermit:ItchyTrigger","hermit:Ricochet","Blood for Blood"],"picked":"hermit:GoldenBullet","floor":48},{"not_picked":["hermit:Feint+1","hermit:Malice","hermit:FullyLoaded+1","Wild Strike"],"picked":"hermit:Roughhouse","floor":54}],"player_experience":257902,"relics_obtained":[{"floor":7.0,"key":"Toy Ornithopter"},{"floor":9.0,"key":"The Courier"},{"floor":17.0,"key":"Grinning Jar"},{"floor":17.0,"key":"Garlic"},{"floor":17.0,"key":"hubris:FunFungus"},{"floor":20.0,"key":"Red Mask"},{"floor":23.0,"key":"hermit:RyeStalk"},{"floor":24.0,"key":"hubris:BundleOfHerbs"},{"floor":30.0,"key":"Smiling Mask"},{"floor":32.0,"key":"Ice Cream"},{"floor":36.0,"key":"Oddly Smooth Stone"},{"floor":38,"key":"hubris:AstralHammer"},{"floor":40,"key":"Replay:Kaleidoscope"},{"floor":41,"key":"hubris:MedicalManual"},{"floor":43,"key":"Replay:Bottled Steam"},{"floor":44,"key":"Peace Pipe"},{"floor":47,"key":"Gremlin Horn"},{"floor":52,"key":"Iron Hammer"},{"floor":54,"key":"Pantograph"}],"event_choices":[{"damage_healed":0.0,"max_hp_gain":0.0,"max_hp_loss":0.0,"gold_gain":75.0,"event_name":"World of Goop","player_choice":"Gather Gold","floor":2.0,"gold_loss":0.0,"damage_taken":11.0},{"damage_healed":0.0,"max_hp_gain":0.0,"max_hp_loss":0.0,"gold_gain":0.0,"cards_transformed":["hermit:Strike_Hermit"],"event_name":"Transmorgrifier","player_choice":"Transformed","floor":5.0,"gold_loss":0.0,"damage_taken":0.0,"cards_obtained":["hermit:NoHoldsBarred"]},{"damage_healed":0.0,"max_hp_gain":0.0,"max_hp_loss":0.0,"gold_gain":0.0,"event_name":"Masked Bandits","player_choice":"Fought Bandits","floor":20.0,"gold_loss":0.0,"damage_taken":0.0},{"damage_healed":0.0,"max_hp_gain":0.0,"max_hp_loss":0.0,"gold_gain":0.0,"event_name":"Match and Keep!","player_choice":"1 cards matched","floor":22.0,"gold_loss":0.0,"damage_taken":0.0,"cards_obtained":["hermit:OverwhelmingPower"]},{"damage_healed":0.0,"max_hp_gain":0.0,"max_hp_loss":0.0,"gold_gain":0.0,"event_name":"The Woman in Blue","player_choice":"Bought 1 Potion","floor":27.0,"gold_loss":0.0,"damage_taken":0.0},{"damage_healed":0,"gold_gain":0,"player_choice":"Bought 3 Potions","damage_taken":0,"max_hp_gain":0,"max_hp_loss":0,"event_name":"The Woman in Blue","floor":38,"gold_loss":0},{"damage_healed":0,"gold_gain":0,"player_choice":"Fight","damage_taken":0,"max_hp_gain":0,"max_hp_loss":0,"event_name":"Mysterious Sphere","floor":44,"gold_loss":0},{"damage_healed":0,"gold_gain":0,"cards_transformed":["hermit:Defend_Hermit"],"player_choice":"Transformed","damage_taken":0,"max_hp_gain":0,"max_hp_loss":0,"event_name":"Transmorgrifier","floor":46,"gold_loss":0,"cards_obtained":["hermit:Grudge"]}],"is_beta":false,"boss_relics":[{"not_picked":["Replay:Fungal Core","SacredBark"],"picked":"Calling Bell"},{"not_picked":["ReplayTheSpireMod:DimensionalGlitch","Fusion Hammer"],"picked":"hermit:BartenderGlass"}],"items_purged_floors":[3,21,37,45],"is_endless":true,"potions_floor_spawned":[1,4,7,20,23,25,28,36,39,44,47,54],"ascension_level":0}}