{"host":"87fdiiwflhrwsj8a","time":1608591231,"event":{"mods":["Aspiration","BaseMod","Better Match","Better Third Choice","BetterRewards","Colored Map","Downfall","GifTheSpireLib","Infinite Spire","Minty Spire (QoL Compilation)","Relic Sorter","Replay The Spire","Robot Space Explorer","StSLib","Stuff the Spire","The Cursed"],"gold_per_floor":[113,113,113,113,113,139,139,139,215,215,225,254,26,58,58,129,129,144,83,83,103,121,121,121],"floor_reached":23,"playtime":699,"items_purged":[],"score":460,"play_id":"7528dd39-3ec8-4665-a28d-887da8a8cd4c","local_time":"20201221175351","is_ascension_mode":true,"campfire_choices":[{"data":"Armaments","floor":7,"key":"SMITH"},{"data":"Berserk","floor":15,"key":"SMITH"}],"circlet_count":0,"master_deck":["AscendersBane","Strike_R","Strike_R","Strike_R","Strike_R","Strike_R","Defend_R","Defend_R","Defend_R","Defend_R","Body Slam","Armaments+1","Shrug It Off","Metallicize","Metallicize","Berserk+1","Limit Break","CurseOfTheBell","Dual Wield","Ghostly Armor+1","ReplayReversal","Armaments"],"relics":["Burning Blood","NeowsBlessing","StuffTheSpire:RedRose","Vajra","Mercury Hourglass","CaptainsWheel","Bag of Preparation","Bag of Marbles","Calling Bell","Another Sword","Dream Catcher","Chameleon Ring"],"acts_visited":["Exordium","TheCity"],"potions_floor_usage":[12,16,16,23],"damage_taken":[{"damage":0,"enemies":"Jaw Worm","floor":1,"turns":1},{"damage":0,"enemies":"Gremlin Nob","floor":6,"turns":1},{"damage":0,"enemies":"Small Slimes","floor":11,"turns":1},{"damage":16,"enemies":"3 Sentries","floor":12,"turns":6},{"damage":6,"enemies":"Lagavulin","floor":14,"turns":9},{"damage":54,"enemies":"Fading Forest","floor":16,"turns":13},{"damage":0,"enemies":"3 Byrds","floor":18,"turns":4},{"damage":4,"enemies":"Spheric Guardian","floor":21,"turns":7},{"damage":22,"enemies":"Centurion and Healer","floor":22,"turns":5},{"damage":54,"enemies":"Book of Stabbing","floor":23,"turns":6}],"seed_played":"1373498878239845275","potions_obtained":[{"floor":6,"key":"Dexterity Potion"},{"floor":12,"key":"Toxic Potion"},{"floor":14,"key":"Strength Potion"},{"floor":21,"key":"Doom Potion"}],"is_trial":false,"path_per_floor":["M","?","?","$","?","E","R","$","T","?","M","E","$","E","R_BF","B",null,"M","$","?","M","M","E"],"character_chosen":"IRONCLAD","items_purchased":["Bag of Preparation","Metallicize","Ghostly Armor+1"],"campfire_rested":0,"item_purchase_floors":[13,13,19],"current_hp_per_floor":[74,74,74,74,74,75,75,75,75,68,74,64,64,64,64,24,62,68,68,68,70,54,0,0],"gold":121,"neow_bonus":"THREE_ENEMY_KILL","is_daily":false,"chose_seed":false,"campfire_upgraded":2,"win_rate":0.0,"timestamp":1608591231,"path_taken":["M","?","?","$","?","E","R","$","T","?","M","E","?","E","R_BF","BOSS","M","$","?","?","M","E"],"items_purchased_type":["Relic","Card","Card"],"build_version":"2020-12-13","purchased_purges":0,"victory":false,"max_hp_per_floor":[75,75,75,75,75,75,75,75,75,75,75,75,75,75,75,75,75,75,75,75,75,75,75,75],"card_choices":[{"not_picked":["Havoc","StuffTheSpire:Resist"],"picked":"Body Slam","floor":1},{"not_picked":["Thunderclap","Disarm"],"picked":"Armaments","floor":6},{"not_picked":["StuffTheSpire:Incineration","StuffTheSpire:RockThrow"],"picked":"Shrug It Off","floor":11},{"not_picked":["Clash","Demonic Infusion","Headbutt"],"picked":"SKIP","floor":12},{"not_picked":["Pommel Strike","ReplayTheSpireMod:Strike From Hell"],"picked":"Berserk","floor":14},{"not_picked":["Reaper","Bludgeon"],"picked":"Limit Break","floor":16},{"not_picked":["StuffTheSpire:Incineration","Anger+1"],"picked":"Dual Wield","floor":18},{"not_picked":["ReplayTheSpireMod:Strike From Hell+1","Seeing Red"],"picked":"ReplayReversal","floor":21},{"not_picked":["Run Through","Pommel Strike"],"picked":"Armaments","floor":22}],"player_experience":2615203,"relics_obtained":[{"floor":6,"key":"Vajra"},{"floor":9,"key":"Mercury Hourglass"},{"floor":12,"key":"CaptainsWheel"},{"floor":14,"key":"Bag of Marbles"},{"floor":17,"key":"Another Sword"},{"floor":17,"key":"Dream Catcher"},{"floor":17,"key":"Chameleon Ring"}],"event_choices":[{"damage_healed":0,"gold_gain":0,"player_choice":"Leave","damage_taken":0,"max_hp_gain":0,"max_hp_loss":0,"event_name":"The Cleric","floor":3,"gold_loss":0},{"cards_removed":["Regret"],"damage_healed":0,"gold_gain":0,"player_choice":"Card Removal","damage_taken":7,"max_hp_gain":0,"max_hp_loss":0,"event_name":"Golden Wing","floor":10,"gold_loss":0},{"cards_removed":["Bash"],"damage_healed":0,"gold_gain":0,"player_choice":"Purged","damage_taken":0,"max_hp_gain":0,"max_hp_loss":0,"event_name":"Purifier","floor":20,"gold_loss":0}],"is_beta":false,"boss_relics":[{"not_picked":["Velvet Choker","aspiration:SilentSkillbook"],"picked":"Calling Bell"}],"items_purged_floors":[],"is_endless":false,"potions_floor_spawned":[6,12,14,21],"killed_by":"Book of Stabbing","ascension_level":20}}