{"host":"o3b7ow6d1xe49css","time":1608540677,"event":{"mods":["Act Like it!","Aspiration","BaseMod","Bestiary","Better Altar","Better Match","Better Note","Better Sensory Stone","Better Skull","Better Third Choice","Colored Powertips","Conspire","Energized Spire","Force Act Four","GifTheSpireLib","Halation","Hermit","Hubris","Infinite Spire","Lobotomy","Minty Spire (QoL Compilation)","Quick Restart","Replay The Spire","Spicy Shops","Spikes Relics","StSLib","Stuff the Spire","The Blue Laboratory","Wandering Minibosses","vexMod"],"gold_per_floor":[115,128,142,417,37,66,78,115,127,170,199,211,223,267,279,392,404,432,344,364,364,364,391,391,18,44,44,57,86,86,86,86,187,287,305,305,178,83,83,115,115,169,222,222,222,222,222,450,450,450,450],"floor_reached":50,"playtime":2029,"items_purged":["Regret","Strike_R","Strike_R","PunishingBird","Looming Evil"],"score":898,"play_id":"4563a1e9-dd81-4907-aadf-e42eb56ffb7c","local_time":"20201220235117","daily_mods":["Heirloom","Flight"],"is_ascension_mode":true,"campfire_choices":[{"data":"Bash","floor":7,"key":"SMITH"},{"floor":12,"key":"REST"},{"data":"Rage","floor":13,"key":"SMITH"},{"data":"Rupture","floor":15,"key":"SMITH"},{"data":"Offering","floor":24,"key":"SMITH"},{"data":"Pot Of Greed","floor":27,"key":"SMITH"},{"data":"infinitespire:SevenWalls","floor":30,"key":"SMITH"},{"data":"Pot Of Greed","floor":32,"key":"SMITH"},{"floor":41,"key":"RECALL"},{"data":"Pot Of Greed","floor":44,"key":"SMITH"},{"floor":46,"key":"REST"},{"data":"conspire:ExplosiveBarrier","floor":47,"key":"SMITH"},{"data":"Battle Trance","floor":49,"key":"SMITH"}],"circlet_count":0,"master_deck":["Strike_R","Strike_R","Defend_R","Defend_R","Defend_R","Bash+1","Scorched","Rage+1","Replay:Undeath\u0027s Touch","Immolate","conspire:ExplosiveBarrier+1","Battle Trance+1","LongBird","Rupture+1","Offering+1","hubris:DuctTapeCard","Blood for Blood","Pot Of Greed+1","Combust","BigBadWolf","Pot Of Greed+1","BigBird","Shrug It Off+1","Flash of Steel","Finesse"],"relics":["Burning Blood","Ring of Chaos","CogitoBucket","hubris:FunFungus","conspire:Flyswatter","MawBank","Pet Ghost","Replay:Baseball","Theresia","CaptainsWheel","Busted Crown","hubris:DuctTape","Grinning Jar","Medical Kit","Art of War","infinitespire:Broken Mirror","conspire:GiftBox","Replay:Wanted Poster","conspire:DeflatedDodgeball","conspire:TreasureMap","ReplayTheSpireMod:CursedCoin","StuffTheSpire:ForceGauntlet","vexMod:RedPlottingStone","King of Hearts","halation:PromiseList","Regal Pillow"],"acts_visited":["Exordium","TheCity","TheBeyond"],"potions_floor_usage":[6,6,20,29,33,40],"damage_taken":[{"damage":4,"enemies":"conspire:RoseBush","floor":1,"turns":4},{"damage":3,"enemies":"Cultist","floor":2,"turns":3},{"damage":1,"enemies":"Jaw Worm","floor":3,"turns":2},{"damage":8,"enemies":"3 Sentries","floor":6,"turns":3},{"damage":4,"enemies":"Replay:BlueRogue","floor":8,"turns":4},{"damage":9,"enemies":"Gremlin Nob","floor":10,"turns":3},{"damage":39,"enemies":"Blue Slaver","floor":11,"turns":2},{"damage":8,"enemies":"Lagavulin","floor":14,"turns":5},{"damage":11,"enemies":"Slime Boss","floor":16,"turns":6},{"damage":14,"enemies":"Chosen","floor":18,"turns":3},{"damage":1,"enemies":"3 Byrds","floor":20,"turns":2},{"damage":7,"enemies":"conspire:Head Lice","floor":23,"turns":3},{"damage":13,"enemies":"conspire:HollyBat","floor":28,"turns":3},{"damage":36,"enemies":"Nightmare","floor":29,"turns":6},{"damage":1,"enemies":"Automaton","floor":33,"turns":6},{"damage":6,"enemies":"3 Darklings","floor":35,"turns":1},{"damage":22,"enemies":"Orb Walker","floor":38,"turns":5},{"damage":20,"enemies":"Giant Head","floor":40,"turns":5},{"damage":20,"enemies":"2 Orb Walkers","floor":42,"turns":3},{"damage":8,"enemies":"R_Hoarder","floor":48,"turns":4},{"damage":76,"enemies":"conspire:OrnateMirror","floor":50,"turns":8}],"seed_played":"-6249814826810950136","potions_obtained":[{"floor":3,"key":"BlessingOfTheForge"},{"floor":11,"key":"blueLaboratory:PyrophylliteBrew"},{"floor":14,"key":"Energy Potion"},{"floor":16,"key":"Languid Potion"},{"floor":20,"key":"CultistPotion"},{"floor":35,"key":"Strength Potion"},{"floor":42,"key":"Ancient Potion"}],"is_trial":true,"path_per_floor":["M","M","M","?","$","E","R","E","T","E","M","R","R","E","R","B",null,"M","$","M","?","?","E","R","$","T","R","M","NM","R","AVR","R","B",null,"M","AVR","$","M","$","E","R","?","T","R","$","R","R","E","R","B"],"character_chosen":"IRONCLAD","items_purchased":["conspire:Flyswatter","Energy Potion","Grinning Jar","Medical Kit","Combust","conspire:TreasureMap","ReplayTheSpireMod:CursedCoin"],"campfire_rested":2,"item_purchase_floors":[5,5,25,25,25,37,37],"current_hp_per_floor":[80,80,80,80,80,78,78,80,80,77,44,68,68,66,66,66,77,69,69,74,71,71,70,70,70,70,70,63,34,34,34,34,39,70,70,70,70,54,54,40,40,26,26,26,26,50,50,71,71,0,0],"gold":450,"neow_bonus":"","is_daily":false,"chose_seed":false,"campfire_upgraded":10,"win_rate":0.0,"timestamp":1608540677,"path_taken":["M","M","M","?","$","E","R","E","T","E","M","R","R","E","R","BOSS","M","$","M","?","?","E","R","$","T","R","M","NM","R","AVR","R","BOSS","M","AVR","?","M","$","E","R","?","T","R","?","R","R","E","R","BOSS"],"items_purchased_type":["Relic","Potion","Relic","Relic","Card","Relic","Relic"],"build_version":"2020-12-13","purchased_purges":5,"victory":false,"max_hp_per_floor":[80,80,80,80,80,80,80,80,80,80,80,80,80,80,80,80,80,80,80,80,80,80,80,80,80,80,80,80,80,80,80,80,80,80,80,80,80,80,80,80,80,80,80,80,80,80,80,90,90,90,90],"card_choices":[{"not_picked":["Bloodbath","OSAHOGD"],"picked":"Scorched","floor":1},{"not_picked":["ReplayReversal","True Grit"],"picked":"Rage","floor":1},{"not_picked":["GalaxyChild","Wellcheers","FieryBird"],"picked":"Singing Bowl","floor":2},{"not_picked":["Yin","LongBird"],"picked":"NakedNest","floor":2},{"not_picked":["Sword Boomerang","Rage"],"picked":"Replay:Undeath\u0027s Touch","floor":2},{"not_picked":["Murderer","MHz","GreedKing"],"picked":"Singing Bowl","floor":3},{"not_picked":["Wild Strike","Clash"],"picked":"Immolate","floor":3},{"not_picked":["FieryBird","SpiderBud"],"picked":"UniverseFragment","floor":6},{"not_picked":["Second Wind","Body Slam"],"picked":"conspire:ExplosiveBarrier","floor":6},{"not_picked":["HeroicMonk","HappyTeddy","Freischutz"],"picked":"Singing Bowl","floor":8},{"not_picked":["Carnage","StuffTheSpire:RockThrow","Pummel"],"picked":"SKIP","floor":8},{"not_picked":["Porccubus","Bloodbath"],"picked":"ShyLook","floor":10},{"not_picked":["ReplayTheSpireMod:Strike From Hell","Flex"],"picked":"Battle Trance","floor":10},{"not_picked":["Alriune","Murderer","LittleHelper"],"picked":"Singing Bowl","floor":11},{"not_picked":["HeroicMonk","WallGazer"],"picked":"LongBird","floor":11},{"not_picked":["Intimidate","Clash"],"picked":"Rupture","floor":11},{"not_picked":["CherryBlossoms","SpiderBud"],"picked":"PunishingBird","floor":14},{"not_picked":["conspire:Charge","Massacre","StuffTheSpire:TitanForm"],"picked":"SKIP","floor":14},{"not_picked":["CrumblingArmor","Murderer","CherryBlossoms"],"picked":"Singing Bowl","floor":16},{"not_picked":["conspire:HitWhereItHurts","conspire:Purge"],"picked":"Offering","floor":16},{"not_picked":["WallGazer","QueenOfHatred","Bloodbath"],"picked":"Singing Bowl","floor":18},{"not_picked":["Armaments"],"picked":"SKIP","floor":18},{"not_picked":["Murderer","Rudolta","BeautyBeast"],"picked":"Singing Bowl","floor":20},{"not_picked":["Sword Boomerang"],"picked":"SKIP","floor":20},{"not_picked":["OSAHOGD","Funeral","GalaxyChild"],"picked":"Singing Bowl","floor":23},{"not_picked":[],"picked":"Blood for Blood","floor":23},{"not_picked":["WhitesApple","MeatLantern","GalaxyChild"],"picked":"Singing Bowl","floor":28},{"not_picked":["Anger"],"picked":"SKIP","floor":28},{"not_picked":["VoidDream","SpiderBud","Murderer"],"picked":"Singing Bowl","floor":29},{"not_picked":["DespairKnight","LaLuna"],"picked":"BigBadWolf","floor":29},{"not_picked":["ReplayTheSpireMod:Chaos Vortex","hubris:Rewind"],"picked":"infinitespire:SevenWalls","floor":29},{"not_picked":["Intimidate"],"picked":"SKIP","floor":29},{"not_picked":["NothingThere","NakedNest","MeatLantern"],"picked":"Singing Bowl","floor":33},{"not_picked":["GalaxyChild","DreamingCurrent","ShyLook"],"picked":"Singing Bowl","floor":35},{"not_picked":["Feel No Pain"],"picked":"SKIP","floor":35},{"not_picked":["HappyTeddy","WallGazer"],"picked":"BigBird","floor":38},{"not_picked":["Clothesline+1"],"picked":"SKIP","floor":38},{"not_picked":["VoidDream","Wellcheers","Alriune"],"picked":"Singing Bowl","floor":40},{"not_picked":[],"picked":"Shrug It Off+1","floor":40},{"not_picked":["SilentOrchestra","RedShoes","DespairKnight"],"picked":"Singing Bowl","floor":42},{"not_picked":["BlueStar","HappyTeddy","LaLuna"],"picked":"Singing Bowl","floor":48},{"not_picked":["ReplayTheSpireMod:Strike From Hell"],"picked":"SKIP","floor":48}],"player_experience":1797974,"relics_obtained":[{"floor":6,"key":"MawBank"},{"floor":8,"key":"Pet Ghost"},{"floor":10,"key":"Replay:Baseball"},{"floor":14,"key":"CaptainsWheel"},{"floor":23,"key":"hubris:DuctTape"},{"floor":26,"key":"Art of War"},{"floor":29,"key":"infinitespire:Broken Mirror"},{"floor":40,"key":"StuffTheSpire:ForceGauntlet"},{"floor":42,"key":"vexMod:RedPlottingStone"},{"floor":43,"key":"King of Hearts"},{"floor":48,"key":"Regal Pillow"}],"event_choices":[{"damage_healed":0,"gold_gain":275,"player_choice":"Desecrate","damage_taken":0,"max_hp_gain":0,"max_hp_loss":0,"event_name":"Golden Shrine","floor":4,"gold_loss":0,"cards_obtained":["Regret"]},{"damage_healed":0,"gold_gain":0,"player_choice":"Punched","damage_taken":3,"max_hp_gain":0,"max_hp_loss":0,"event_name":"Designer","floor":21,"gold_loss":0},{"damage_healed":0,"gold_gain":0,"player_choice":"Ignored","damage_taken":0,"max_hp_gain":0,"max_hp_loss":0,"event_name":"betterNote:BetterNote","floor":22,"gold_loss":0,"cards_obtained":["Strike_P"]},{"damage_healed":0,"gold_gain":0,"player_choice":"Fight","damage_taken":0,"max_hp_gain":0,"max_hp_loss":0,"event_name":"Mysterious Sphere","floor":42,"gold_loss":0}],"is_beta":false,"boss_relics":[{"not_picked":["Snecko Heart","Sozu"],"picked":"Busted Crown"},{"not_picked":["Painkiller Herb","Tiny House"],"picked":"Replay:Wanted Poster"}],"items_purged_floors":[5,19,31,36,37],"is_endless":false,"potions_floor_spawned":[3,11,14,16,20,23,35,42],"killed_by":"conspire:OrnateMirror","ascension_level":5}}