{"host":"7l2t4psy44vpcd9q","time":1608572281,"event":{"mods":["AchievementEnabler","BaseMod","DeckTracker","Minty Spire (QoL Compilation)","SuperFastMode"],"gold_per_floor":[209,209,209,219,239,239,272,282,306,306,322,343,343,356,356,435,435,454,230,145,162,174,174,189,189,212,115,115,128,138,152,152,152,152],"floor_reached":33,"playtime":1493,"items_purged":[],"score":489,"play_id":"d9523c4e-f2b3-477d-88fe-6e6d4a50d67b","local_time":"20201222023801","is_ascension_mode":true,"campfire_choices":[{"data":"Lockon","floor":6,"key":"SMITH"},{"floor":10,"key":"REST"},{"floor":15,"key":"REST"},{"data":"Hologram","floor":23,"key":"SMITH"},{"floor":25,"key":"REST"},{"floor":32,"key":"REST"}],"circlet_count":0,"master_deck":["AscendersBane","Strike_B","Strike_B","Defend_B","Defend_B","Defend_B+1","Zap+1","Dualcast","Cold Snap","Lockon+1","Compile Driver","Sweeping Beam","Conserve Battery","Skim","Core Surge","Double Energy+1","Seek+1","Thunder Strike+1","Auto Shields","Hologram+1","Self Repair","Glacier","Coolheaded"],"relics":["Cracked Core","Akabeko","Pen Nib","Odd Mushroom","Astrolabe","Centennial Puzzle","Orichalcum","Dream Catcher","NlothsMask"],"acts_visited":["Exordium","TheCity"],"potions_floor_usage":[7,12,16,16,24,24,29,30,31],"damage_taken":[{"damage":1,"enemies":"Small Slimes","floor":1,"turns":3},{"damage":0,"enemies":"2 Louse","floor":4,"turns":3},{"damage":0,"enemies":"Cultist","floor":5,"turns":3},{"damage":11,"enemies":"Lagavulin","floor":7,"turns":6},{"damage":14,"enemies":"3 Louse","floor":8,"turns":2},{"damage":9,"enemies":"Exordium Wildlife","floor":11,"turns":3},{"damage":0,"enemies":"The Mushroom Lair","floor":12,"turns":2},{"damage":0,"enemies":"Looter","floor":14,"turns":3},{"damage":29,"enemies":"Slime Boss","floor":16,"turns":10},{"damage":13,"enemies":"Shell Parasite","floor":18,"turns":5},{"damage":8,"enemies":"3 Byrds","floor":21,"turns":4},{"damage":5,"enemies":"Snecko","floor":22,"turns":4},{"damage":0,"enemies":"Snake Plant","floor":24,"turns":2},{"damage":21,"enemies":"Shelled Parasite and Fungi","floor":29,"turns":5},{"damage":5,"enemies":"Cultist and Chosen","floor":30,"turns":7},{"damage":9,"enemies":"Snake Plant","floor":31,"turns":2},{"damage":63,"enemies":"Automaton","floor":33,"turns":6}],"seed_played":"-4038910338802754786","potions_obtained":[{"floor":1,"key":"FearPotion"},{"floor":8,"key":"EssenceOfSteel"},{"floor":11,"key":"Explosive Potion"},{"floor":12,"key":"SkillPotion"},{"floor":18,"key":"Fire Potion"},{"floor":29,"key":"Dexterity Potion"},{"floor":30,"key":"AttackPotion"}],"is_trial":false,"path_per_floor":["M","?","$","M","M","R","E","M","T","R","M","?","?","M","R","B",null,"M","$","?","M","M","R","M","R","T","$","?","M","M","M","R","B"],"character_chosen":"DEFECT","items_purchased":["Centennial Puzzle","Swift Potion","Self Repair","SpeedPotion"],"campfire_rested":4,"item_purchase_floors":[19,19,27,27],"current_hp_per_floor":[63,42,42,42,42,42,31,17,17,38,29,29,29,29,50,21,59,46,46,46,38,33,33,33,54,54,54,54,40,42,40,61,0,0],"gold":152,"neow_bonus":"HUNDRED_GOLD","is_daily":false,"chose_seed":false,"campfire_upgraded":2,"win_rate":0.0,"timestamp":1608572281,"path_taken":["M","?","$","M","M","R","E","M","T","R","M","?","?","M","R","BOSS","M","$","?","M","M","R","M","R","T","$","?","M","M","?","R","BOSS"],"items_purchased_type":["Relic","Potion","Card","Potion"],"build_version":"2020-12-13","purchased_purges":0,"victory":false,"max_hp_per_floor":[71,71,71,71,71,71,71,71,71,71,71,71,71,71,71,71,71,71,71,71,71,71,71,71,71,71,71,71,71,71,71,71,71,71],"card_choices":[{"not_picked":["Lockon","Conserve Battery"],"picked":"Cold Snap","floor":1},{"not_picked":["Genetic Algorithm","Reinforced Body"],"picked":"Lockon","floor":4},{"not_picked":["Go for the Eyes","Turbo"],"picked":"Compile Driver","floor":5},{"not_picked":["Melter","Multi-Cast"],"picked":"Sweeping Beam","floor":7},{"not_picked":["Recycle","Sweeping Beam","Barrage"],"picked":"SKIP","floor":8},{"not_picked":["Beam Cell","Redo"],"picked":"Conserve Battery","floor":11},{"not_picked":["Cold Snap","Leap"],"picked":"Skim","floor":14},{"not_picked":["Reboot","Thunder Strike"],"picked":"Core Surge","floor":16},{"not_picked":["Gash","Recycle"],"picked":"Auto Shields","floor":18},{"not_picked":["Steam Power+1","Rebound"],"picked":"Hologram","floor":21},{"not_picked":["Gash","Compile Driver","Reprogram"],"picked":"SKIP","floor":22},{"not_picked":["Rebound","Gash","Steam"],"picked":"SKIP","floor":24},{"not_picked":["Self Repair","Hello World","Thunder Strike"],"picked":"SKIP","floor":29},{"not_picked":["Beam Cell","Steam","Redo"],"picked":"SKIP","floor":30},{"not_picked":["Hologram","Consume"],"picked":"Glacier","floor":31},{"not_picked":["Hello World","Rebound"],"picked":"Coolheaded","floor":32}],"player_experience":1120730,"relics_obtained":[{"floor":7,"key":"Akabeko"},{"floor":9,"key":"Pen Nib"},{"floor":12,"key":"Odd Mushroom"},{"floor":26,"key":"Dream Catcher"}],"event_choices":[{"damage_healed":0,"gold_gain":0,"player_choice":"Entered Light","damage_taken":21,"max_hp_gain":0,"max_hp_loss":0,"event_name":"Shining Light","floor":2,"gold_loss":0,"cards_upgraded":["Defend_B","Zap"]},{"damage_healed":0,"gold_gain":0,"player_choice":"Fought Mushrooms","damage_taken":0,"max_hp_gain":0,"max_hp_loss":0,"event_name":"Mushrooms","floor":12,"gold_loss":0},{"damage_healed":0,"gold_gain":0,"player_choice":"Fled","damage_taken":0,"max_hp_gain":0,"max_hp_loss":0,"event_name":"Scrap Ooze","floor":13,"gold_loss":0},{"damage_healed":0,"gold_gain":0,"player_choice":"Obtained Relic","damage_taken":0,"relics_obtained":["Orichalcum"],"max_hp_gain":0,"max_hp_loss":0,"event_name":"Addict","floor":20,"gold_loss":85},{"damage_healed":0,"gold_gain":0,"player_choice":"Trade","damage_taken":0,"relics_obtained":["NlothsMask"],"max_hp_gain":0,"max_hp_loss":0,"event_name":"FaceTrader","floor":28,"gold_loss":0}],"is_beta":false,"boss_relics":[{"not_picked":["Inserter","Cursed Key"],"picked":"Astrolabe"}],"items_purged_floors":[],"is_endless":false,"potions_floor_spawned":[1,8,11,12,18,29,30],"killed_by":"Automaton","ascension_level":19}}