{"host":"17j25xn3vk5d1e3v","time":1608576557,"event":{"mods":["AchievementEnabler","Act Like it!","BaseMod","GifTheSpireLib","Hermit","HexUI Lib","Hubris","Minty Spire (QoL Compilation)","Replay The Spire","StSLib"],"gold_per_floor":[112,122,38,57,70,96,96],"floor_reached":6,"playtime":172,"items_purged":[],"score":53,"play_id":"3608a747-28de-4b87-9d58-1e873efe4ba4","local_time":"20201221194917","is_ascension_mode":true,"campfire_choices":[],"circlet_count":0,"master_deck":["Loop","Strike_B+1","Strike_B","Strike_B","Strike_B+1","Defend_B","Defend_B","Defend_B","Defend_B","Zap","Dualcast","Coolheaded","Auto Shields","ReplayTheSpireMod:System Scan","White Noise","Rip and Tear"],"relics":["Cracked Core","Whetstone","Blood Vial","hubris:TinFlute"],"acts_visited":["Exordium"],"potions_floor_usage":[],"damage_taken":[{"damage":0,"enemies":"Cultist","floor":1,"turns":3},{"damage":0,"enemies":"2 Louse","floor":2,"turns":2},{"damage":7,"enemies":"Jaw Worm","floor":4,"turns":2},{"damage":19,"enemies":"3 Louse","floor":5,"turns":3},{"damage":23,"enemies":"Lagavulin","floor":6,"turns":8}],"seed_played":"-8259529323719834308","potions_obtained":[{"floor":4,"key":"Energy Potion"},{"floor":6,"key":"Fire Potion"}],"is_trial":false,"path_per_floor":["M","M","?","M","M","E"],"character_chosen":"DEFECT","items_purchased":[],"campfire_rested":0,"item_purchase_floors":[],"current_hp_per_floor":[75,75,75,68,51,30,30],"gold":96,"neow_bonus":"RANDOM_COMMON_RELIC","is_daily":false,"chose_seed":false,"campfire_upgraded":0,"win_rate":0.0,"timestamp":1608576557,"path_taken":["M","?","?","M","?","E"],"items_purchased_type":[],"build_version":"2020-12-13","purchased_purges":0,"victory":false,"max_hp_per_floor":[75,75,75,75,75,75,75],"card_choices":[{"not_picked":["ReplayTheSpireMod:System Scan","Hologram"],"picked":"Coolheaded","floor":1},{"not_picked":["Conserve Battery","Beam Cell"],"picked":"Auto Shields","floor":2},{"not_picked":["Go for the Eyes","Steam"],"picked":"ReplayTheSpireMod:System Scan","floor":4},{"not_picked":["Sweeping Beam","Redo"],"picked":"White Noise","floor":5},{"not_picked":["Coolheaded","Sweeping Beam"],"picked":"Rip and Tear","floor":6}],"player_experience":189310,"relics_obtained":[{"floor":6,"key":"hubris:TinFlute"}],"event_choices":[{"damage_healed":0,"gold_gain":0,"player_choice":"Paid Gold","damage_taken":0,"relics_obtained":["Blood Vial"],"max_hp_gain":0,"max_hp_loss":0,"event_name":"WeMeetAgain","floor":3,"gold_loss":84}],"is_beta":false,"boss_relics":[],"items_purged_floors":[],"is_endless":false,"potions_floor_spawned":[4,6],"killed_by":"Lagavulin","ascension_level":2}}