{"host":"r53pw7z744tg3fxg","time":1608589397,"event":{"mods":["AchievementEnabler","BaseMod","Colored Map","Colored Powertips","Highlight Path","Minty Spire (QoL Compilation)","Quick Restart","Transform Curses"],"gold_per_floor":[128,152,182,213,242,280,292,333,369,407,419,448,460,507,519,626,638,660,28,43,43,70,98,113,145,197,207,207,207,307,15,15,15,15],"floor_reached":33,"playtime":1664,"items_purged":[],"score":412,"play_id":"891b1ce7-3e97-4e10-bfdb-2e885472f24f","local_time":"20201221152317","is_ascension_mode":true,"campfire_choices":[{"floor":7.0,"key":"REST"},{"floor":11.0,"key":"REST"},{"data":"ForeignInfluence","floor":15.0,"key":"SMITH"},{"floor":29,"key":"REST"},{"data":"ClearTheMind","floor":32,"key":"SMITH"}],"circlet_count":0,"master_deck":["Strike_P","Strike_P","Strike_P","Strike_P","Defend_P","Defend_P+1","Defend_P","Defend_P","Eruption+1","Vigilance+1","FollowUp+1","FearNoEvil","CutThroughFate","PathToVictory","EmptyBody","BowlingBash+1","Sanctity+1","ForeignInfluence+1","SpiritShield","Consecrate","LessonLearned+1","ClearTheMind+1","Halt","Prostrate","Tantrum+1","Ragnarok"],"relics":["PureWater","MawBank","InkBottle","Odd Mushroom","Damaru","Tiny Chest","Strawberry","Black Star","Sling","Anchor","War Paint","Nunchaku","Centennial Puzzle","Art of War","Whetstone","Orichalcum","Ancient Tea Set","Juzu Bracelet"],"acts_visited":["Exordium","TheCity"],"potions_floor_usage":[27,33],"damage_taken":[{"damage":4.0,"enemies":"2 Louse","floor":1.0,"turns":3.0},{"damage":0.0,"enemies":"Small Slimes","floor":2.0,"turns":3.0},{"damage":0.0,"enemies":"Cultist","floor":3.0,"turns":2.0},{"damage":6.0,"enemies":"2 Fungi Beasts","floor":4.0,"turns":3.0},{"damage":11.0,"enemies":"Lots of Slimes","floor":5.0,"turns":4.0},{"damage":30.0,"enemies":"Lagavulin","floor":6.0,"turns":4.0},{"damage":9.0,"enemies":"The Mushroom Lair","floor":8.0,"turns":4.0},{"damage":22.0,"enemies":"3 Sentries","floor":10.0,"turns":6.0},{"damage":3.0,"enemies":"Red Slaver","floor":12.0,"turns":4.0},{"damage":20.0,"enemies":"Lagavulin","floor":14.0,"turns":5.0},{"damage":19.0,"enemies":"Hexaghost","floor":16.0,"turns":10.0},{"damage":6.0,"enemies":"Spheric Guardian","floor":18.0,"turns":3.0},{"damage":32.0,"enemies":"3 Byrds","floor":20.0,"turns":5.0},{"damage":2.0,"enemies":"Gremlin Leader","floor":23.0,"turns":4.0},{"damage":23.0,"enemies":"3 Cultists","floor":24.0,"turns":7.0},{"damage":18.0,"enemies":"Book of Stabbing","floor":25.0,"turns":6.0},{"damage":3,"enemies":"Centurion and Healer","floor":27,"turns":5},{"damage":65,"enemies":"Automaton","floor":33,"turns":8}],"seed_played":"-8837685640542176502","potions_obtained":[{"floor":2.0,"key":"FairyPotion"},{"floor":4.0,"key":"BlessingOfTheForge"},{"floor":5.0,"key":"Fire Potion"},{"floor":14.0,"key":"BlessingOfTheForge"},{"floor":16.0,"key":"Explosive Potion"},{"floor":24.0,"key":"FearPotion"},{"floor":25.0,"key":"ColorlessPotion"}],"is_trial":false,"path_per_floor":["M","M","M","M","M","E","R","?","T","E","R","M","?","E","R","B",null,"M","$","M","?","T","E","M","E","T","M","?","R","?","$","R","B"],"character_chosen":"WATCHER","items_purchased":["Sling","Anchor","War Paint","LessonLearned","ClearTheMind","Juzu Bracelet","Ragnarok"],"campfire_rested":3,"item_purchase_floors":[19,19,19,19,19,31,31],"current_hp_per_floor":[61,61,61,55,44,14,35,26,26,4,25,22,22,9,9,13,63,57,57,25,79,79,77,54,36,36,33,33,56,56,56,56,0,0],"gold":15,"neow_bonus":"RANDOM_COMMON_RELIC","is_daily":false,"chose_seed":false,"campfire_upgraded":2,"win_rate":0.0,"timestamp":1608589397,"path_taken":["M","M","M","M","M","E","R","?","T","E","R","M","?","E","R","BOSS","M","?","M","?","?","E","M","E","T","M","?","R","?","$","R","BOSS"],"items_purchased_type":["Relic","Relic","Relic","Card","Card","Relic","Card"],"build_version":"2020-12-13","purchased_purges":0,"victory":false,"max_hp_per_floor":[72,72,72,72,72,72,72,72,72,72,72,72,72,79,79,79,79,79,79,79,79,79,79,79,79,79,79,79,79,79,79,79,79,79],"card_choices":[{"not_picked":["FlurryOfBlows","CutThroughFate"],"picked":"FollowUp","floor":1.0},{"not_picked":["MentalFortress","WindmillStrike"],"picked":"FearNoEvil","floor":2.0},{"not_picked":["InnerPeace","MentalFortress"],"picked":"CutThroughFate","floor":3.0},{"not_picked":["Crescendo","Wallop"],"picked":"PathToVictory","floor":4.0},{"not_picked":["LikeWater","Pray","Worship"],"picked":"SKIP","floor":5.0},{"not_picked":["Crescendo","JustLucky"],"picked":"EmptyBody","floor":6.0},{"not_picked":["DeusExMachina","Meditate"],"picked":"BowlingBash","floor":8.0},{"not_picked":["Pray","EmptyBody"],"picked":"Swivel","floor":10.0},{"not_picked":["FlyingSleeves","Vengeance"],"picked":"Sanctity","floor":12.0},{"not_picked":["EmptyFist","SignatureMove"],"picked":"ForeignInfluence","floor":14.0},{"not_picked":["Devotion","Blasphemy"],"picked":"SpiritShield","floor":16.0},{"not_picked":["CrushJoints+1","FlyingSleeves+1"],"picked":"Consecrate","floor":18.0},{"not_picked":["SashWhip","ClearTheMind"],"picked":"Halt","floor":20.0},{"not_picked":["Protect+1","BowlingBash","CutThroughFate"],"picked":"SKIP","floor":23.0},{"not_picked":["Swivel","CrushJoints+1"],"picked":"Prostrate","floor":24.0},{"not_picked":["EmptyFist","Halt","ClearTheMind"],"picked":"SKIP","floor":25.0},{"not_picked":["FlurryOfBlows","Study"],"picked":"Tantrum+1","floor":27}],"player_experience":1136195,"relics_obtained":[{"floor":6.0,"key":"InkBottle"},{"floor":8.0,"key":"Odd Mushroom"},{"floor":9.0,"key":"Damaru"},{"floor":10.0,"key":"Tiny Chest"},{"floor":14.0,"key":"Strawberry"},{"floor":22.0,"key":"Nunchaku"},{"floor":23.0,"key":"Centennial Puzzle"},{"floor":23.0,"key":"Art of War"},{"floor":25.0,"key":"Whetstone"},{"floor":25.0,"key":"Orichalcum"},{"floor":26.0,"key":"Ancient Tea Set"}],"event_choices":[{"damage_healed":0.0,"max_hp_gain":0.0,"max_hp_loss":0.0,"gold_gain":0.0,"event_name":"Mushrooms","player_choice":"Fought Mushrooms","floor":8.0,"gold_loss":0.0,"damage_taken":0.0},{"damage_healed":0.0,"max_hp_gain":0.0,"max_hp_loss":0.0,"gold_gain":0.0,"event_name":"Accursed Blacksmith","player_choice":"Forge","floor":13.0,"gold_loss":0.0,"damage_taken":0.0,"cards_upgraded":["Eruption"]},{"cards_removed":["Swivel"],"damage_healed":54.0,"max_hp_gain":0.0,"max_hp_loss":0.0,"gold_gain":0.0,"event_name":"Bonfire Elementals","player_choice":"Offered Uncommon","floor":21.0,"gold_loss":0.0,"damage_taken":0.0},{"damage_healed":0,"gold_gain":0,"player_choice":"Ignored","damage_taken":0,"max_hp_gain":0,"max_hp_loss":0,"event_name":"Beggar","floor":28,"gold_loss":0},{"damage_healed":0,"gold_gain":100,"player_choice":"Pray","damage_taken":0,"max_hp_gain":0,"max_hp_loss":0,"event_name":"Golden Shrine","floor":30,"gold_loss":0}],"is_beta":false,"boss_relics":[{"not_picked":["Sozu","VioletLotus"],"picked":"Black Star"}],"items_purged_floors":[],"is_endless":false,"potions_floor_spawned":[2,4,5,14,16,24,25],"killed_by":"Automaton","ascension_level":7}}