{"host":"so6fnfq7th6ki9q5","time":1608521357,"event":{"mods":["AchievementEnabler","BaseMod","Colored Map","Colored Powertips","Minty Spire (QoL Compilation)","Quick Restart","StSLib"],"gold_per_floor":[118,118,118,118,118,154,168,11,35,69,88,109,109,133,133,258,258,278,301,179,179,179,179,6,6,6,6,6],"floor_reached":27,"playtime":993,"items_purged":["Strike_G","Strike_G"],"score":289,"play_id":"a37f9465-892c-49c2-ac55-09b120e70e3b","local_time":"20201220212917","is_ascension_mode":true,"campfire_choices":[{"data":"Bane","floor":13,"key":"SMITH"},{"data":"Bane","floor":15,"key":"SMITH"},{"data":"Bullet Time","floor":23,"key":"SMITH"},{"data":"Catalyst","floor":25,"key":"SMITH"}],"circlet_count":0,"master_deck":["Strike_G","Strike_G","Strike_G","Defend_G","Defend_G","Defend_G","Defend_G","Defend_G","Survivor","Neutralize","Bouncing Flask+1","Deadly Poison","Bane+1","Bane+1","Bane","Bullet Time+1","Catalyst+1","Prepared","Deadly Poison","Footwork"],"relics":["Ring of the Snake","NeowsBlessing","Golden Idol","Gremlin Horn","Medical Kit","Ancient Tea Set","Paper Crane","Anchor","Black Star","Spirit Poop","Frozen Egg 2"],"acts_visited":["Exordium","TheCity"],"potions_floor_usage":[10,12],"damage_taken":[{"damage":0,"enemies":"Jaw Worm","floor":1,"turns":1},{"damage":0,"enemies":"Lagavulin","floor":6,"turns":3},{"damage":0,"enemies":"2 Louse","floor":7,"turns":1},{"damage":27,"enemies":"3 Sentries","floor":10,"turns":7},{"damage":0,"enemies":"Cultist","floor":11,"turns":3},{"damage":11,"enemies":"Large Slime","floor":12,"turns":6},{"damage":33,"enemies":"The Guardian","floor":16,"turns":10},{"damage":2,"enemies":"Chosen","floor":18,"turns":4},{"damage":7,"enemies":"2 Thieves","floor":19,"turns":3},{"damage":70,"enemies":"Book of Stabbing","floor":27,"turns":6}],"seed_played":"1027661902451699270","potions_obtained":[{"floor":6,"key":"SkillPotion"},{"floor":10,"key":"Energy Potion"},{"floor":16,"key":"Fire Potion"}],"is_trial":false,"path_per_floor":["M","?","?","?","?","E","M","$","T","E","M","M","R","T","R","B",null,"M","M","$","?","?","R","$","R","T","E"],"character_chosen":"THE_SILENT","items_purchased":["Medical Kit","Deadly Poison","Footwork"],"campfire_rested":0,"item_purchase_floors":[8,20,24],"current_hp_per_floor":[70,70,70,75,75,75,75,75,75,48,48,37,37,37,37,4,75,73,66,66,66,66,66,66,66,66,0,0],"gold":6,"neow_bonus":"THREE_ENEMY_KILL","is_daily":false,"chose_seed":false,"campfire_upgraded":4,"win_rate":0.0,"timestamp":1608521357,"path_taken":["M","?","?","?","?","E","M","$","T","E","M","M","R","?","R","BOSS","M","M","$","?","?","R","$","R","T","E"],"items_purchased_type":["Relic","Card","Card"],"build_version":"2020-12-13","purchased_purges":2,"victory":false,"max_hp_per_floor":[70,70,70,75,75,75,75,75,75,75,75,75,75,75,75,75,75,75,75,75,75,75,75,75,75,75,75,75],"card_choices":[{"not_picked":["Outmaneuver","Accuracy"],"picked":"Bouncing Flask","floor":1},{"not_picked":["Skewer","Heel Hook"],"picked":"Deadly Poison","floor":6},{"not_picked":["Flechettes","Eviscerate"],"picked":"Bane","floor":7},{"not_picked":["Backflip","Skewer"],"picked":"Bane","floor":10},{"not_picked":["Blade Dance","Slice","Flying Knee"],"picked":"SKIP","floor":11},{"not_picked":["Acrobatics","Endless Agony"],"picked":"Bane","floor":12},{"not_picked":["Night Terror","Unload"],"picked":"Bullet Time","floor":16},{"not_picked":["Bouncing Flask","Quick Slash"],"picked":"Catalyst","floor":18},{"not_picked":["Predator","Backflip"],"picked":"Prepared","floor":19}],"player_experience":282042,"relics_obtained":[{"floor":6,"key":"Gremlin Horn"},{"floor":9,"key":"Ancient Tea Set"},{"floor":10,"key":"Paper Crane"},{"floor":14,"key":"Anchor"},{"floor":26,"key":"Frozen Egg 2"}],"event_choices":[{"damage_healed":0,"gold_gain":0,"player_choice":"Leave","damage_taken":0,"max_hp_gain":0,"max_hp_loss":0,"event_name":"The Cleric","floor":2,"gold_loss":0},{"damage_healed":0,"gold_gain":0,"player_choice":"Grow","damage_taken":0,"max_hp_gain":0,"max_hp_loss":0,"event_name":"Living Wall","floor":3,"gold_loss":0,"cards_upgraded":["Bouncing Flask"]},{"damage_healed":0,"gold_gain":0,"player_choice":"Donut","damage_taken":0,"max_hp_gain":5,"max_hp_loss":0,"event_name":"Big Fish","floor":4,"gold_loss":0},{"damage_healed":0,"gold_gain":0,"player_choice":"Take Wound","damage_taken":0,"relics_obtained":["Golden Idol"],"max_hp_gain":0,"max_hp_loss":0,"event_name":"Golden Idol","floor":5,"gold_loss":0,"cards_obtained":["Injury"]},{"damage_healed":0,"gold_gain":0,"player_choice":"Ignored","damage_taken":0,"max_hp_gain":0,"max_hp_loss":0,"event_name":"Vampires","floor":21,"gold_loss":0},{"cards_removed":["Injury"],"damage_healed":0,"gold_gain":0,"player_choice":"Offered Curse","damage_taken":0,"relics_obtained":["Spirit Poop"],"max_hp_gain":0,"max_hp_loss":0,"event_name":"Bonfire Elementals","floor":22,"gold_loss":0}],"is_beta":false,"boss_relics":[{"not_picked":["Ring of the Serpent","HoveringKite"],"picked":"Black Star"}],"items_purged_floors":[20,24],"is_endless":false,"potions_floor_spawned":[6,10,16],"killed_by":"Book of Stabbing","ascension_level":4}}