{"host":"2lrkmsuh7nz013qb","time":1608543103,"event":{"mods":["BaseMod","Colored Map","DeckTracker","Minty Spire (QoL Compilation)","SuperFastMode","everything is the same but u backflip on backflip"],"gold_per_floor":[119,69,83,99,109,139,169,199,226,243,86,86,115,133,133,235,235,255,255,255,28,45,45,73,73,151,161,161,161,161],"floor_reached":29,"playtime":1050,"items_purged":["Strike_B","Defend_B"],"score":355,"play_id":"841bdc1d-41dd-4a16-b3ad-d8e01c882a7c","local_time":"20201221183143","is_ascension_mode":true,"campfire_choices":[{"data":"Sunder","floor":12.0,"key":"SMITH"},{"data":"Chaos","floor":15.0,"key":"SMITH"},{"data":"Chaos","floor":23,"key":"SMITH"},{"data":"Lockon","floor":25,"key":"SMITH"}],"circlet_count":0,"master_deck":["Strike_B","Strike_B","Defend_B","Defend_B","Zap","Dualcast","Rip and Tear","Sunder+1","Tempest","Self Repair","Ball Lightning","Heatsinks","Glacier","Capacitor","Chaos+1","Electrodynamics","Chaos+1","Lockon+1","Cold Snap","Coolheaded"],"relics":["Cracked Core","Potion Belt","Bag of Preparation","MealTicket","Lantern","Inserter","Akabeko"],"acts_visited":["Exordium","TheCity"],"potions_floor_usage":[24,27,29,29],"damage_taken":[{"damage":2.0,"enemies":"Jaw Worm","floor":1.0,"turns":3.0},{"damage":2.0,"enemies":"Small Slimes","floor":3.0,"turns":2.0},{"damage":0.0,"enemies":"Cultist","floor":4.0,"turns":2.0},{"damage":12.0,"enemies":"Looter","floor":5.0,"turns":3.0},{"damage":35.0,"enemies":"Lagavulin","floor":6.0,"turns":5.0},{"damage":10.0,"enemies":"3 Sentries","floor":8.0,"turns":4.0},{"damage":2.0,"enemies":"2 Fungi Beasts","floor":10.0,"turns":3.0},{"damage":20.0,"enemies":"Lagavulin","floor":13.0,"turns":4.0},{"damage":15.0,"enemies":"Lots of Slimes","floor":14.0,"turns":3.0},{"damage":7.0,"enemies":"Hexaghost","floor":16.0,"turns":9.0},{"damage":7.0,"enemies":"Chosen","floor":18.0,"turns":4.0},{"damage":18,"enemies":"2 Thieves","floor":22,"turns":4},{"damage":20,"enemies":"Slavers","floor":24,"turns":3},{"damage":0,"enemies":"Centurion and Healer","floor":27,"turns":4},{"damage":25,"enemies":"Colosseum Slavers","floor":28,"turns":6},{"damage":44,"enemies":"Gremlin Leader","floor":29,"turns":4}],"seed_played":"-4325974918898572648","potions_obtained":[{"floor":1.0,"key":"Energy Potion"},{"floor":3.0,"key":"SkillPotion"},{"floor":4.0,"key":"FairyPotion"},{"floor":5.0,"key":"PowerPotion"},{"floor":10.0,"key":"LiquidBronze"},{"floor":22,"key":"LiquidMemories"},{"floor":24,"key":"Dexterity Potion"}],"is_trial":false,"path_per_floor":["M","?","M","M","M","E","?","E","T","M","$","R","E","M","R","B",null,"M","?","?","$","M","R","E","R","T","M","?","E"],"character_chosen":"DEFECT","items_purchased":["Capacitor","BlessingOfTheForge","DistilledChaos"],"campfire_rested":0,"item_purchase_floors":[11,21,21],"current_hp_per_floor":[66,66,64,64,52,24,24,21,21,26,41,41,28,20,20,13,60,60,60,60,75,64,64,51,51,51,58,40,0,0],"gold":161,"neow_bonus":"REMOVE_CARD","is_daily":false,"chose_seed":false,"campfire_upgraded":4,"win_rate":0.0,"timestamp":1608543103,"path_taken":["M","?","M","M","M","E","?","E","T","M","$","R","E","M","R","BOSS","M","?","?","$","M","R","E","R","T","M","?","E"],"items_purchased_type":["Card","Potion","Potion"],"build_version":"2020-12-13","purchased_purges":2,"victory":false,"max_hp_per_floor":[75,75,75,75,75,75,75,75,75,75,75,75,75,75,75,75,75,75,75,75,75,75,75,75,75,75,75,75,75,75],"card_choices":[{"not_picked":["Undo","Barrage"],"picked":"Rip and Tear","floor":1.0},{"not_picked":["Rebound","Loop"],"picked":"Sunder","floor":3.0},{"not_picked":["Steam Power","Stack"],"picked":"Tempest","floor":4.0},{"not_picked":["Compile Driver","Reinforced Body"],"picked":"Self Repair","floor":5.0},{"not_picked":["Rebound","Reboot"],"picked":"Ball Lightning","floor":6.0},{"not_picked":["Skim","Steam Power"],"picked":"Heatsinks","floor":8.0},{"not_picked":["Redo","Tempest"],"picked":"Glacier","floor":10.0},{"not_picked":["Recycle","Redo"],"picked":"Chaos","floor":13.0},{"not_picked":["Steam Power","Rebound","Doom and Gloom"],"picked":"SKIP","floor":14.0},{"not_picked":["Meteor Strike","All For One"],"picked":"Electrodynamics","floor":16.0},{"not_picked":["Streamline","Go for the Eyes+1"],"picked":"Chaos","floor":18.0},{"not_picked":["Rip and Tear+1","Leap"],"picked":"Lockon","floor":22},{"not_picked":["Beam Cell","Compile Driver"],"picked":"Cold Snap","floor":24},{"not_picked":["Aggregate","Streamline"],"picked":"Coolheaded","floor":27}],"player_experience":681972,"relics_obtained":[{"floor":6.0,"key":"Potion Belt"},{"floor":8.0,"key":"Bag of Preparation"},{"floor":9.0,"key":"MealTicket"},{"floor":13.0,"key":"Lantern"},{"floor":24,"key":"Akabeko"}],"event_choices":[{"cards_removed":["Defend_B"],"damage_healed":0.0,"max_hp_gain":0.0,"max_hp_loss":0.0,"gold_gain":0.0,"event_name":"The Cleric","player_choice":"Card Removal","floor":2.0,"gold_loss":50.0,"damage_taken":0.0},{"damage_healed":0.0,"max_hp_gain":0.0,"max_hp_loss":0.0,"gold_gain":30.0,"event_name":"Dead Adventurer","player_choice":"Searched \u00271\u0027 times","floor":7.0,"gold_loss":0.0,"damage_taken":0.0},{"damage_healed":0,"gold_gain":0,"player_choice":"Ignored","damage_taken":0,"max_hp_gain":0,"max_hp_loss":0,"event_name":"Cursed Tome","floor":19,"gold_loss":0},{"damage_healed":0,"gold_gain":0,"player_choice":"Ignored","damage_taken":0,"max_hp_gain":0,"max_hp_loss":0,"event_name":"Ghosts","floor":20,"gold_loss":0},{"damage_healed":0,"gold_gain":0,"player_choice":"Fight","damage_taken":0,"max_hp_gain":0,"max_hp_loss":0,"event_name":"Colosseum","floor":28,"gold_loss":0},{"damage_healed":0,"gold_gain":0,"player_choice":"Fled From Nobs","damage_taken":0,"max_hp_gain":0,"max_hp_loss":0,"event_name":"Colosseum","floor":28,"gold_loss":0}],"is_beta":false,"boss_relics":[{"not_picked":["Busted Crown","SacredBark"],"picked":"Inserter"}],"items_purged_floors":[11,21],"is_endless":false,"potions_floor_spawned":[1,3,4,5,10,22,24],"killed_by":"Gremlin Leader","ascension_level":7}}