{"host":"81h68oe4mr04pk3r","time":1608539680,"event":{"mods":["Act Like it!","Aspiration","BaseMod","BetterRewards","Colored Map","Colored Powertips","Conspire","Downfall","Hermit","Hubris","Infinite Spire","Jorbs\u0027s Wanderer Trilogy","Koishi","Lobotomy","LobotomyExtend","Marisa????????","Minty Spire (QoL Compilation)","Quick Restart","Reimu??????","Remilia??????","Replay The Spire","StSLib","The Bug Knight","The Construct","The Cursed","The Disciple","The Servant 0.9.4"],"gold_per_floor":[118,92,102,102,102,127,127,137,218,218,218,235,255,265,265,367,367,384,398,415,434,434,434,434,434],"floor_reached":24,"playtime":9993,"items_purged":[],"score":200,"play_id":"0d25f31a-0e30-4a63-9617-b9190fa45d8e","local_time":"20201221003440","is_ascension_mode":false,"campfire_choices":[{"floor":7,"key":"REST"},{"data":"NonDirectionalLaser","floor":11,"key":"SMITH"},{"data":"ReplayTheSpireMod:Chaos Vortex","floor":15,"key":"SMITH"},{"floor":23,"key":"REST"}],"circlet_count":0,"master_deck":["Strike_MRS","Strike_MRS","Strike_MRS","Defend_MRS","Defend_MRS","Defend_MRS","Defend_MRS","MasterSpark","UpSweep","PowerUp","NonDirectionalLaser+1","Outmaneuver","ReplayTheSpireMod:Chaos Vortex+1","CutThroughFate","JustLucky","ChargeUpSpray","EarthLightRay","MagicAbsorber+1","PowerUp","AsteroidBelt","PowerUp"],"relics":["MiniHakkero","aspiration:Nostalgia","Replay:M_StaffOfTheSnake","LetterFromLob","Pantograph","hubris:DeckOfHolding","Empty Cage"],"acts_visited":["Exordium","TheCity"],"potions_floor_usage":[16,24,24,24],"damage_taken":[{"damage":2,"enemies":"2 Louse","floor":1,"turns":2},{"damage":0,"enemies":"Small Slimes","floor":3,"turns":2},{"damage":4,"enemies":"3 Sentries","floor":6,"turns":8},{"damage":0,"enemies":"Cultist","floor":8,"turns":2},{"damage":16,"enemies":"Lots of Slimes","floor":12,"turns":3},{"damage":0,"enemies":"Gremlin Gang","floor":13,"turns":3},{"damage":0,"enemies":"2 Fungi Beasts","floor":14,"turns":2},{"damage":1,"enemies":"Hexaghost","floor":16,"turns":9},{"damage":1,"enemies":"3 Byrds","floor":18,"turns":6},{"damage":19,"enemies":"2 Thieves","floor":19,"turns":4},{"damage":17,"enemies":"3 Cultists","floor":20,"turns":6},{"damage":11,"enemies":"Snake Plant","floor":21,"turns":5},{"damage":61,"enemies":"Book of Stabbing","floor":24,"turns":8}],"seed_played":"2441079490016986183","potions_obtained":[{"floor":3,"key":"hexamod:EctoCoolerPotion"},{"floor":8,"key":"ColorlessPotion"},{"floor":12,"key":"ColorlessPotion"},{"floor":16,"key":"BottledSpark"}],"is_trial":false,"path_per_floor":["M","$","M","?","?","E","R","M","T","M","R","M","M","M","R","B",null,"M","M","M","M","?","R","E"],"character_chosen":"MARISA","items_purchased":["NonDirectionalLaser"],"campfire_rested":2,"item_purchase_floors":[2],"current_hp_per_floor":[73,73,73,54,62,58,75,75,75,75,75,59,59,59,59,74,75,74,55,42,35,35,57,0,0],"gold":434,"neow_bonus":"NOSTALGIA","is_daily":false,"chose_seed":false,"campfire_upgraded":2,"win_rate":0.0,"timestamp":1608539680,"path_taken":["M","$","M","?","?","E","R","M","T","M","R","M","M","M","R","BOSS","M","M","M","M","?","R","E"],"items_purchased_type":["Card"],"build_version":"2020-12-13","purchased_purges":0,"victory":false,"max_hp_per_floor":[75,75,75,75,75,75,75,75,75,75,75,75,75,75,75,75,75,75,75,75,75,75,75,75,75],"card_choices":[{"not_picked":["GrandCross","Well Laid Plans"],"picked":"PowerUp","floor":1},{"not_picked":["Nirvana","WitchOfGreed"],"picked":"Outmaneuver","floor":3},{"not_picked":["ReplayTheSpireMod:??????????????????????","infinitespire:UltimateForm"],"picked":"ReplayTheSpireMod:Chaos Vortex","floor":4},{"not_picked":["Acrobatics","SuperNova"],"picked":"CutThroughFate","floor":6},{"not_picked":["DarkSpark","GrandCross"],"picked":"JustLucky","floor":8},{"not_picked":["AlicesGift","IllusionStar"],"picked":"ChargeUpSpray","floor":12},{"not_picked":["ThirdEye","DarkSpark"],"picked":"GrandCross","floor":13},{"not_picked":["DC","UnstableBomb"],"picked":"EarthLightRay","floor":14},{"not_picked":["EnergyFlow","Acceleration"],"picked":"MagicAbsorber+1","floor":18},{"not_picked":["DC+1","GalacticHalo+1"],"picked":"PowerUp","floor":19},{"not_picked":["StarlightTyphoon+1","GrandCross+1"],"picked":"AsteroidBelt","floor":20},{"not_picked":["WitchOfGreed","SprinkleStarSeal","MagicAbsorber"],"picked":"SKIP","floor":21}],"player_experience":138519,"relics_obtained":[{"floor":1,"key":"LetterFromLob"},{"floor":6,"key":"Pantograph"},{"floor":9,"key":"hubris:DeckOfHolding"}],"event_choices":[{"damage_healed":0,"gold_gain":0,"player_choice":"Copied","damage_taken":0,"max_hp_gain":0,"max_hp_loss":0,"event_name":"Duplicator","floor":22,"gold_loss":0,"cards_obtained":["PowerUp"]}],"is_beta":false,"boss_relics":[{"not_picked":["ReplayTheSpireMod:DimensionalGlitch","Replay:Drink Me"],"picked":"Empty Cage"}],"items_purged_floors":[],"is_endless":false,"potions_floor_spawned":[3,8,12,13,14,16,19,21],"killed_by":"Book of Stabbing","ascension_level":0}}