{"host":"40ttcv3g5w633xb3","time":1608557994,"event":{"mods":["AchievementEnabler","Act Like it!","Ascension Reborn","Aspiration","BaseMod","Beaked The Cultist","BetterRewards","Challenge The Spire","Clawfect","Colored Map","Colored Powertips","Conspire","Custom Start","Downfall","Elementarium","Emptier Cage","Energized Spire","Gensokyo","GifTheSpireLib","GungeonMod","Halation","Hallownest","Hermit","Highlight Path","Hubris","HumanHunterMod(????mod)","Humility","Infinite Spire","Jedi Mod","KomeijiMod","Marisa????????","Marked Mod","Minty Spire (QoL Compilation)","MostiFishMod","Pale of the Ancients","Permanent Neow","Quarter Circle Forward PUNCH!","Quick Restart","Random Character Button","Rare Cards Sparkle","Relic Stats","Replay The Spire","Shade Mod","Spicy Shops","Spikes Relics","StSLib","Stuff the Spire","SuperFastMode","The Edgeheg","The Hierophant","The Jungle","The Necromancer","The Problem Sleuth","TheArtist","Trackpad","Wandering Minibosses","vexMod","yUi"],"gold_per_floor":[479,479,497,519,531,572,572,610,610,37,59,59,33,56,56,214,214,236,236,236,236,249,249],"floor_reached":22,"playtime":770,"items_purged":["Regret"],"score":50,"play_id":"09b1b066-839a-420c-a5d6-bd969c0f5258","local_time":"20201221133954","is_ascension_mode":true,"campfire_choices":[{"data":"StuffTheSpire:DoubleShiv","floor":12,"key":"SMITH"},{"floor":15,"key":"DIG"}],"circlet_count":0,"master_deck":["Strike_G+1","Strike_G+1","Strike_G+1","Strike_G+1","Strike_G+1","Defend_G+1","Defend_G+1","Defend_G+1","Defend_G+1","Defend_G+1","Survivor+1","Neutralize+1","Backstab+1","Blade Dance+1","Blade Dance+1","Dagger Throw","Noxious Fumes","hubris:Sniper","StuffTheSpire:DoubleShiv+1","Deflect","Dash+1","Finisher+1","Footwork+1","MostiFishMod:FrostNova","Hidden Blade+1","A Thousand Cuts+1","Draining Mist+1"],"relics":["Ring of the Snake","DaveBox","FeatherPendant","Old Coin","Question Card","Replay:Ringing Soul","halation:IllGainedPizza","vexMod:ScavengeHelm","Molten Egg 2","Frozen Egg 2","Gremlin Horn","aspiration:StickyExplosives_weak","Lizard Tail","ImportantClient","hubris:BlackHole","hubris:ToyBattleship","infinitespire:Beetle Shell","jedi:cryingmask","Matryoshka"],"acts_visited":["Exordium","TheCity"],"potions_floor_usage":[],"damage_taken":[{"damage":0,"enemies":"2 Louse","floor":1,"turns":1},{"damage":0,"enemies":"Cultist","floor":3,"turns":1},{"damage":0,"enemies":"Small Slimes","floor":4,"turns":1},{"damage":0,"enemies":"3 Louse","floor":5,"turns":1},{"damage":0,"enemies":"Lagavulin","floor":6,"turns":1},{"damage":0,"enemies":"3 Sentries","floor":8,"turns":2},{"damage":0,"enemies":"2 Fungi Beasts","floor":11,"turns":1},{"damage":0,"enemies":"Looter","floor":14,"turns":1},{"damage":27,"enemies":"The Guardian","floor":16,"turns":3},{"damage":0,"enemies":"conspire:FuzzyDice","floor":18,"turns":1},{"damage":0,"enemies":"3 Byrds","floor":22,"turns":1}],"seed_played":"-4832205271343549064","potions_obtained":[{"floor":1,"key":"Swift Potion"},{"floor":3,"key":"Guardian:BlockOnCardUsePotion"},{"floor":3,"key":"AttackPotion"}],"is_trial":false,"path_per_floor":["M","?","M","M","M","E","?","E","T","$","M","R","$","M","R_BF","B",null,"M","?","?","T","M"],"character_chosen":"THE_SILENT","items_purchased":["Frozen Egg 2","Gremlin Horn","Dash+1","Finisher+1","Footwork+1","Hidden Blade+1"],"campfire_rested":0,"item_purchase_floors":[10,10,10,10,10,13],"current_hp_per_floor":[74,74,74,74,74,77,77,80,80,83,86,86,89,89,89,72,96,99,102,102,102,102,102],"gold":249,"neow_bonus":"RANDOM_EVENT","is_daily":false,"chose_seed":false,"campfire_upgraded":1,"win_rate":0.0,"timestamp":1608557994,"path_taken":["M","?","?","M","M","E","?","E","T","$","M","R","$","M","R_BF","BOSS","M","?","?","?","?"],"items_purchased_type":["Relic","Relic","Card","Card","Card","Card"],"build_version":"2020-12-13","purchased_purges":1,"victory":false,"max_hp_per_floor":[74,74,74,74,74,77,77,80,80,83,86,86,89,89,89,96,96,99,102,102,102,102,102],"relic_stats":{"Lizard Tail":0,"Gremlin Horn":[4,4],"counters":[11,14],"Question Card":15,"obtain_stats":[{"DaveBox":0,"Gremlin Horn":10,"vexMod:ScavengeHelm":9,"halation:IllGainedPizza":8,"DemoMod:GlassGuonStoneRelic":3,"infinitespire:Beetle Shell":19,"Frozen Egg 2":10,"Question Card":1,"Old Coin":0,"aspiration:StickyExplosives_weak":15,"hubris:BlackHole":17,"Replay:Ringing Soul":6,"Lizard Tail":16,"Matryoshka":21,"FeatherPendant":0,"Molten Egg 2":9,"jedi:cryingmask":21,"hubris:ToyBattleship":18,"Ring of the Snake":0,"ImportantClient":16},{"DaveBox":0,"Gremlin Horn":6,"vexMod:ScavengeHelm":6,"halation:IllGainedPizza":6,"DemoMod:GlassGuonStoneRelic":2,"infinitespire:Beetle Shell":10,"Frozen Egg 2":6,"Question Card":1,"Old Coin":0,"aspiration:StickyExplosives_weak":8,"hubris:BlackHole":9,"Replay:Ringing Soul":5,"Lizard Tail":9,"Matryoshka":10,"FeatherPendant":0,"Molten Egg 2":6,"jedi:cryingmask":10,"hubris:ToyBattleship":10,"Ring of the Snake":0,"ImportantClient":9},{"DaveBox":0,"Gremlin Horn":7,"vexMod:ScavengeHelm":7,"halation:IllGainedPizza":7,"DemoMod:GlassGuonStoneRelic":2,"infinitespire:Beetle Shell":13,"Frozen Egg 2":7,"Question Card":1,"Old Coin":0,"aspiration:StickyExplosives_weak":9,"hubris:BlackHole":12,"Replay:Ringing Soul":5,"Lizard Tail":12,"Matryoshka":13,"FeatherPendant":0,"Molten Egg 2":7,"jedi:cryingmask":13,"hubris:ToyBattleship":13,"Ring of the Snake":0,"ImportantClient":12}],"Ring of the Snake":[22]},"card_choices":[{"not_picked":["Predator","Prepared"],"picked":"Backstab+1","floor":1},{"not_picked":["Acrobatics","jedi:collectorvenom","StuffTheSpire:Injection"],"picked":"Blade Dance+1","floor":3},{"not_picked":["StuffTheSpire:Python","Concentrate","Bane"],"picked":"Blade Dance+1","floor":4},{"not_picked":["StuffTheSpire:Fury","hubris:SlightOfHand","Hidden Blade"],"picked":"Dagger Throw","floor":5},{"not_picked":["Atom Bomb","Tactician","jedi:pocketpoison"],"picked":"Noxious Fumes","floor":6},{"not_picked":["Concentrate","Deflect","Underhanded Strike"],"picked":"hubris:Sniper","floor":6},{"not_picked":["ReplayTheSpireMod:Speed Training","Dagger Spray+1","Backflip"],"picked":"StuffTheSpire:DoubleShiv","floor":8},{"not_picked":["MostiFishMod:ThornCasing+1","Outmaneuver","MostiFishMod:InvigoratingSolution"],"picked":"Deflect","floor":8},{"not_picked":["Storm of Steel","Outmaneuver","Deflect"],"picked":"MostiFishMod:FrostNova","floor":11},{"not_picked":["jedi:pocketpoison","hubris:SlightOfHand+1","Bane+1","Underhanded Strike+1"],"picked":"SKIP","floor":14},{"not_picked":["MostiFishMod:UniGreen","Burst","Envenom+1"],"picked":"A Thousand Cuts+1","floor":16},{"not_picked":["hubris:SlightOfHand","StuffTheSpire:Python+1","Deflect+1"],"picked":"Draining Mist+1","floor":18}],"player_experience":318352,"relics_obtained":[{"floor":1,"key":"Question Card"},{"floor":6,"key":"Replay:Ringing Soul"},{"floor":8,"key":"halation:IllGainedPizza"},{"floor":9,"key":"vexMod:ScavengeHelm"},{"floor":9,"key":"Molten Egg 2"},{"floor":15,"key":"aspiration:StickyExplosives_weak"},{"floor":16,"key":"Lizard Tail"},{"floor":16,"key":"ImportantClient"},{"floor":18,"key":"hubris:ToyBattleship"},{"floor":21,"key":"jedi:cryingmask"},{"floor":21,"key":"Matryoshka"}],"event_choices":[{"damage_healed":0,"gold_gain":0,"player_choice":"Box","damage_taken":0,"relics_obtained":["Old Coin"],"max_hp_gain":0,"max_hp_loss":0,"event_name":"Big Fish","floor":0,"gold_loss":0,"cards_obtained":["Regret"]},{"damage_healed":0,"gold_gain":0,"player_choice":"Ignored","damage_taken":0,"max_hp_gain":0,"max_hp_loss":0,"event_name":"NoteForYourself","floor":2,"gold_loss":0},{"damage_healed":0,"gold_gain":0,"player_choice":"Ignored","damage_taken":0,"max_hp_gain":0,"max_hp_loss":0,"event_name":"Liars Game","floor":7,"gold_loss":0}],"is_beta":false,"boss_relics":[{"not_picked":["energizedSpire:EnergizedDie","vexMod:FluxCapacitor"],"picked":"hubris:BlackHole"}],"items_purged_floors":[10],"is_endless":false,"potions_floor_spawned":[3,4,18],"killed_by":"3 Byrds","ascension_level":-20}}