{"host":"x1qj4d8ympd5jdqh","time":1608551451,"event":{"mods":["AchievementEnabler","AlwaysNeverKeys","BaseMod","Colored Map","Custom Start","DeckTracker","Highlight Path","Minty Spire (QoL Compilation)","StSLib","SuperFastMode"],"gold_per_floor":[110,127,277,287,124,124,156,156,182,199,222,222,241,273,273,344,344,354,365,26,26,26,61,78,78,124,134,134,167,117,152,152,152,152],"floor_reached":33,"playtime":788,"items_purged":["Doubt","Strike_R"],"score":726,"play_id":"19198783-1952-445e-9b6a-42e3352f4f2c","local_time":"20201221205051","is_ascension_mode":true,"campfire_choices":[{"data":"Inflame","floor":6.0,"key":"SMITH"},{"data":"Perfected Strike","floor":12.0,"key":"SMITH"},{"data":"Bash","floor":15.0,"key":"SMITH"},{"floor":25.0,"key":"REST"},{"floor":28.0,"key":"REST"},{"data":"Bludgeon","floor":32,"key":"SMITH"}],"circlet_count":0,"master_deck":["AscendersBane","Strike_R","Strike_R","Strike_R","Strike_R","Defend_R","Defend_R","Defend_R","Defend_R","Bash+1","Anger","Inflame+1","Perfected Strike+1","Impervious","Body Slam","Bludgeon+1","Power Through","Seeing Red","Battle Trance","Pommel Strike"],"relics":["Burning Blood","MealTicket","Happy Flower","Ancient Tea Set","Omamori","Pear","Cursed Key","Membership Card","PreservedInsect","Matryoshka","White Beast Statue","Pen Nib","Smiling Mask","Juzu Bracelet"],"acts_visited":["Exordium","TheCity"],"potions_floor_usage":[31,33,33],"damage_taken":[{"damage":9.0,"enemies":"Small Slimes","floor":1.0,"turns":4.0},{"damage":9.0,"enemies":"2 Louse","floor":2.0,"turns":4.0},{"damage":9.0,"enemies":"Jaw Worm","floor":4.0,"turns":4.0},{"damage":45.0,"enemies":"3 Sentries","floor":7.0,"turns":11.0},{"damage":5.0,"enemies":"Large Slime","floor":10.0,"turns":5.0},{"damage":0.0,"enemies":"2 Fungi Beasts","floor":13.0,"turns":2.0},{"damage":0.0,"enemies":"Gremlin Nob","floor":14.0,"turns":3.0},{"damage":12.0,"enemies":"Slime Boss","floor":16.0,"turns":6.0},{"damage":30.0,"enemies":"Shell Parasite","floor":18.0,"turns":4.0},{"damage":22.0,"enemies":"2 Thieves","floor":19.0,"turns":3.0},{"damage":3.0,"enemies":"Gremlin Leader","floor":23.0,"turns":2.0},{"damage":36.0,"enemies":"Shelled Parasite and Fungi","floor":24.0,"turns":5.0},{"damage":19.0,"enemies":"Snake Plant","floor":27.0,"turns":2.0},{"damage":5.0,"enemies":"Book of Stabbing","floor":29.0,"turns":3.0},{"damage":0,"enemies":"Gremlin Leader","floor":31,"turns":3},{"damage":42,"enemies":"Champ","floor":33,"turns":5}],"seed_played":"4730364591879264527","potions_obtained":[{"floor":1.0,"key":"FearPotion"},{"floor":10.0,"key":"AttackPotion"},{"floor":16.0,"key":"Fruit Juice"},{"floor":24.0,"key":"LiquidMemories"},{"floor":27.0,"key":"Weak Potion"},{"floor":29.0,"key":"FearPotion"},{"floor":31,"key":"Strength Potion"}],"is_trial":false,"path_per_floor":["M","M","?","M","$","R","E","?","T","M","T","R","M","E","R","B",null,"M","M","$","?","?","E","M","R","T","M","R","E","?","E","R","B"],"character_chosen":"IRONCLAD","items_purchased":["Inflame","Membership Card","PreservedInsect","Power Through"],"campfire_rested":2,"item_purchase_floors":[5,20,20,20],"current_hp_per_floor":[65,62,62,59,74,74,35,35,35,36,36,36,42,58,58,52,77,58,42,57,57,38,41,11,38,38,25,52,53,53,59,59,17,17],"gold":152,"neow_bonus":"RANDOM_COMMON_RELIC","is_daily":false,"chose_seed":false,"campfire_upgraded":4,"win_rate":0.0,"timestamp":1608551451,"path_taken":["M","M","?","M","$","R","E","?","T","M","?","R","M","E","R","BOSS","M","M","$","?","?","E","M","R","T","?","R","E","?","E","R","BOSS"],"items_purchased_type":["Card","Relic","Relic","Card"],"build_version":"2020-12-13","purchased_purges":2,"victory":false,"max_hp_per_floor":[75,75,75,75,75,75,75,75,75,75,75,75,75,85,85,85,85,90,90,90,90,90,90,90,90,90,90,90,90,90,90,90,90,90],"card_choices":[{"not_picked":["Dual Wield","Clothesline","Perfected Strike"],"picked":"SKIP","floor":1.0},{"not_picked":["Disarm","Body Slam"],"picked":"Anger","floor":2.0},{"not_picked":["Feel No Pain","Heavy Blade","Flex"],"picked":"SKIP","floor":4.0},{"not_picked":["Intimidate","Searing Blow"],"picked":"Perfected Strike","floor":7.0},{"not_picked":["Burning Pact","Thunderclap","True Grit"],"picked":"SKIP","floor":10.0},{"not_picked":["Shrug It Off","Iron Wave"],"picked":"Impervious","floor":13.0},{"not_picked":["Seeing Red","Flex"],"picked":"Body Slam","floor":14.0},{"not_picked":["Reaper","Demon Form"],"picked":"Bludgeon","floor":16.0},{"not_picked":["Flex","Clash","Anger"],"picked":"SKIP","floor":18.0},{"not_picked":["Anger","Whirlwind","Bludgeon"],"picked":"SKIP","floor":19.0},{"not_picked":["Flex","Iron Wave"],"picked":"Seeing Red","floor":23.0},{"not_picked":["Metallicize","Sentinel","Headbutt"],"picked":"SKIP","floor":24.0},{"not_picked":["Entrench","Flex"],"picked":"Battle Trance","floor":27.0},{"not_picked":["Armaments","Carnage","Havoc"],"picked":"SKIP","floor":29.0},{"not_picked":["Headbutt","Power Through"],"picked":"Pommel Strike","floor":31}],"player_experience":1259656,"relics_obtained":[{"floor":7.0,"key":"Happy Flower"},{"floor":9.0,"key":"Ancient Tea Set"},{"floor":11.0,"key":"Omamori"},{"floor":14.0,"key":"Pear"},{"floor":23.0,"key":"Matryoshka"},{"floor":26.0,"key":"White Beast Statue"},{"floor":26.0,"key":"Pen Nib"},{"floor":29.0,"key":"Smiling Mask"},{"floor":31,"key":"Juzu Bracelet"}],"event_choices":[{"damage_healed":0.0,"max_hp_gain":0.0,"max_hp_loss":0.0,"gold_gain":150.0,"event_name":"Liars Game","player_choice":"AGREE","floor":3.0,"gold_loss":0.0,"damage_taken":0.0,"cards_obtained":["Doubt"]},{"damage_healed":0.0,"max_hp_gain":0.0,"max_hp_loss":0.0,"gold_gain":0.0,"event_name":"Dead Adventurer","player_choice":"Searched \u00270\u0027 times","floor":8.0,"gold_loss":0.0,"damage_taken":0.0},{"damage_healed":0.0,"max_hp_gain":0.0,"max_hp_loss":0.0,"gold_gain":0.0,"event_name":"Ghosts","player_choice":"Ignored","floor":21.0,"gold_loss":0.0,"damage_taken":0.0},{"damage_healed":0.0,"max_hp_gain":0.0,"max_hp_loss":0.0,"gold_gain":0.0,"event_name":"Knowing Skull","player_choice":"POTION POTION ","floor":22.0,"potions_obtained":["SneckoOil","ElixirPotion"],"gold_loss":0.0,"damage_taken":19.0,"cards_obtained":[]},{"damage_healed":0.0,"max_hp_gain":0.0,"max_hp_loss":0.0,"gold_gain":0.0,"event_name":"The Joust","player_choice":"Bet on Murderer","floor":30.0,"gold_loss":50.0,"damage_taken":0.0}],"is_beta":false,"boss_relics":[{"not_picked":["Ectoplasm","Empty Cage"],"picked":"Cursed Key"}],"items_purged_floors":[5,20],"is_endless":false,"potions_floor_spawned":[1,10,16,24,27,29,31],"killed_by":"Champ","ascension_level":20}}