{"host":"f6xgumyvn8a66tyr","time":1608525480,"event":{"mods":["BaseMod","Card Forge","ChefMod","Downfall","Hermit","Infinite Spire","Jedi Mod","Marisa????????","Melee Mod","Minty Spire (QoL Compilation)","Replay The Spire","Small Relic Pack","Spicy Shops","StSLib","The Bladedancer","The Marked","The Runesmith","The Servant 0.9.4","TheSwordswoman","Waifu the Spire","WarShipGirlsR/????R mod"],"gold_per_floor":[115,38,38,55,55,83,83,83,96,96,143,143,162,162,178,158,158,253,303,315,315,333,93,151,151,165,194,194,194,194,194,213,213],"floor_reached":32,"playtime":2123,"items_purged":[],"score":238,"play_id":"35f5d5c0-dad1-4d6c-a9b7-7c796c5a019d","local_time":"20201220233800","is_ascension_mode":false,"campfire_choices":[{"data":"RefractionSpark","floor":12,"key":"SMITH"},{"floor":17,"key":"REST"},{"data":"PulseMagic","floor":25,"key":"SMITH"},{"floor":31,"key":"REST"}],"circlet_count":0,"master_deck":["Strike_MRS","Strike_MRS","Strike_MRS","Strike_MRS","Defend_MRS+1","Defend_MRS","Defend_MRS","Defend_MRS","MasterSpark","UpSweep","PowerUp+1","RefractionSpark+1","Decay","OrrerysSun+1","LuminesStrike","MysteriousBeam","PulseMagic+1","GalacticHalo","BinaryStars","PowerUp","Singularity","TreasureHunter","SporeBomb+1","OneTimeOff+1","GalacticHalo+1"],"relics":["MiniHakkero","Hammer of Thor","Seething Fire","Anvil of the Gods","HandDrill","ReplayFunnel","Prayer Wheel","War Paint","relicPack:OneForAll","Tiny House","ReplayTheSpireMod:Ring of Exchange","Ring of Peace","Toxic Egg 2","jedi:archwizardhat","Red Mask","infinitespire:PuzzleCube","Pet Ghost"],"acts_visited":["Exordium","TheCity"],"potions_floor_usage":[6,15,18,18,27,27],"damage_taken":[{"damage":0,"enemies":"Cultist","floor":1,"turns":3},{"damage":0,"enemies":"Small Slimes","floor":4,"turns":3},{"damage":35,"enemies":"Lagavulin","floor":6,"turns":6},{"damage":2,"enemies":"2 Louse","floor":9,"turns":3},{"damage":12,"enemies":"2 Fungi Beasts","floor":13,"turns":3},{"damage":20,"enemies":"Exordium Thugs","floor":15,"turns":4},{"damage":2,"enemies":"Slime Boss","floor":18,"turns":6},{"damage":17,"enemies":"3 Byrds","floor":20,"turns":8},{"damage":7,"enemies":"2 Thieves","floor":22,"turns":4},{"damage":32,"enemies":"Snecko","floor":26,"turns":9},{"damage":28,"enemies":"Masked Bandits","floor":27,"turns":6},{"damage":6,"enemies":"Snake Plant","floor":32,"turns":5}],"seed_played":"2137730681411348113","potions_obtained":[{"floor":4,"key":"LiquidMemories"},{"floor":6,"key":"Weak Potion"},{"floor":13,"key":"SteroidPotion"},{"floor":15,"key":"Elixir"},{"floor":16,"key":"Adrenaline Potion"},{"floor":19,"key":"SmokeBomb"},{"floor":24,"key":"Ancient Potion"},{"floor":26,"key":"Strength Potion"}],"is_trial":false,"path_per_floor":["M","$","?","M","?","E","PTL","PTL","M","?","T","R","M","?","M","?","R","B",null,"M","?","M","$","?","R","M","?","T","T","?","R","M"],"character_chosen":"MARISA","items_purchased":["HandDrill","Toxic Egg 2"],"campfire_rested":2,"item_purchase_floors":[2,23],"current_hp_per_floor":[82,82,82,82,82,47,47,47,45,45,45,45,33,33,13,13,37,35,87,70,70,63,63,63,63,31,3,3,3,3,29,23,23],"gold":213,"neow_bonus":"TEN_PERCENT_HP_BONUS","is_daily":false,"chose_seed":false,"campfire_upgraded":2,"win_rate":0.0,"timestamp":1608525480,"path_taken":["M","$","?","M","?","E","PTL","PTL","?","?","T","R","M","?","M","?","R","BOSS","M","?","M","$","?","R","?","?","T","?","?","R","M"],"items_purchased_type":["Relic","Relic"],"build_version":"2020-12-13","purchased_purges":0,"victory":false,"max_hp_per_floor":[82,82,82,82,82,82,82,82,82,82,82,82,82,82,82,82,82,82,87,87,87,87,87,87,87,87,87,87,87,87,87,87,87],"card_choices":[{"not_picked":["Acceleration","SprinkleStarSeal"],"picked":"PowerUp","floor":1},{"not_picked":["WitchLeyline","ShootTheMoon"],"picked":"RefractionSpark","floor":4},{"not_picked":["GrandCross","MachineGunSpark"],"picked":"OrrerysSun","floor":6},{"not_picked":["GravityBeat","OrrerysSun"],"picked":"LuminesStrike","floor":9},{"not_picked":["UnstableBomb","GravityBeat"],"picked":"MysteriousBeam","floor":13},{"not_picked":["6A","Acceleration"],"picked":"PulseMagic","floor":13},{"not_picked":["MagicAbsorber","MachineGunSpark"],"picked":"GalacticHalo","floor":15},{"not_picked":["UnstableBomb","GravityBeat","IllusionStar"],"picked":"SKIP","floor":15},{"not_picked":["UnstableBomb","GravityBeat","IllusionStar"],"picked":"SKIP","floor":15},{"not_picked":["BigCrunch","TreasureHunter"],"picked":"BinaryStars","floor":18},{"not_picked":["ShootingEcho","LuminesStrike"],"picked":"PowerUp","floor":19},{"not_picked":["WitchLeyline+1","GalacticHalo+1"],"picked":"Singularity","floor":20},{"not_picked":["GravityBeat","ShootingEcho"],"picked":"TreasureHunter","floor":20},{"not_picked":["ChargeUpSpray","ShootingEcho","WitchOfGreed"],"picked":"SKIP","floor":22},{"not_picked":["DC","GalacticHalo","IllusionStar+1"],"picked":"SKIP","floor":22},{"not_picked":["GalacticHalo+1","MagicAbsorber+1"],"picked":"SporeBomb+1","floor":24},{"not_picked":["WitchOfGreed","IllusionStar+1"],"picked":"OneTimeOff+1","floor":26},{"not_picked":["SporeBomb+1","SuperPerseids+1"],"picked":"GalacticHalo+1","floor":26},{"not_picked":["UnstableBomb+1","FairyDestructionRay+1","6A"],"picked":"SKIP","floor":32},{"not_picked":["MysteriousBeam","ChargeUpSpray+1","SporeBomb+1"],"picked":"SKIP","floor":32}],"player_experience":247995,"relics_obtained":[{"floor":6,"key":"ReplayFunnel"},{"floor":10,"key":"Prayer Wheel"},{"floor":11,"key":"War Paint"},{"floor":21,"key":"ReplayTheSpireMod:Ring of Exchange"},{"floor":21,"key":"Ring of Peace"},{"floor":24,"key":"jedi:archwizardhat"},{"floor":27,"key":"Red Mask"},{"floor":28,"key":"infinitespire:PuzzleCube"},{"floor":29,"key":"Pet Ghost"}],"event_choices":[{"damage_healed":0,"gold_gain":0,"player_choice":"Ignored","damage_taken":0,"max_hp_gain":0,"max_hp_loss":0,"event_name":"Golden Wing","floor":3,"gold_loss":0},{"damage_healed":0,"gold_gain":0,"player_choice":"Cursed","damage_taken":0,"max_hp_gain":0,"max_hp_loss":0,"event_name":"Wheel of Change","floor":5,"gold_loss":0,"cards_obtained":["Decay"]},{"damage_healed":0,"gold_gain":0,"player_choice":"Bought 1 Potion","damage_taken":0,"max_hp_gain":0,"max_hp_loss":0,"event_name":"The Woman in Blue","floor":16,"gold_loss":0},{"damage_healed":0,"gold_gain":0,"player_choice":"Fought Bandits","damage_taken":0,"max_hp_gain":0,"max_hp_loss":0,"event_name":"Masked Bandits","floor":27,"gold_loss":0}],"is_beta":false,"boss_relics":[{"not_picked":["jedi:battlestandard","SlaversCollar"],"picked":"Tiny House"}],"items_purged_floors":[],"is_endless":false,"potions_floor_spawned":[4,6,13,15,26],"killed_by":"Snake Plant","ascension_level":0}}