{"host":"g462bm4kxxqxmkbv","time":1608577116,"event":{"mods":["2.2 Compatiblity","Act Like it!","Aspiration","Bard","BaseMod","Better Note","Better Third Choice","Better Vampires","Colored Map","Conspire","Dio Mod","Downfall","Hallownest","Hermit","Hero for Fun","Hubris","Infinite Spire","Minty Spire (QoL Compilation)","Permanent Neow","Quick Restart","Rare Cards Sparkle","Replay The Spire","Shop Mod","Small Relic Pack","Spicy Shops","StSLib","The Bladedancer","The Bug Knight","The Cursed","The Disciple","The Druid","The Exalted","The Hierophant","The Judge","The Jungle","The Kombatant","The Necromancer","The Sage","The Servant 0.9.4","The Valiant","The Wild Card"],"gold_per_floor":[115,78,78,78,97,125,125,143,143,143,153,153,102,122,122,220,220,191,131,131,141,159,159,45,45,72,172,172,204,223,223,223,320,320,335,345,358,358,369,369,404,404,429,429,429,128,128,142,142,142,142,142,38,71,71],"floor_reached":56,"playtime":4693,"items_purged":[],"score":993,"play_id":"79893d35-a480-46ce-bace-875b32c1e779","local_time":"20201222015836","is_ascension_mode":false,"campfire_choices":[{"floor":7,"key":"RECALL"},{"floor":10,"key":"REST"},{"data":"PatternShift","floor":15,"key":"SMITH"},{"floor":23,"key":"REST"},{"data":"Keepsakes","floor":25,"key":"SMITH"},{"floor":28,"key":"REST"},{"floor":32,"key":"REST"},{"floor":40,"key":"REST"},{"data":"Demon Form","floor":42,"key":"SMITH"},{"data":"Echoward","floor":44,"key":"SMITH"},{"data":"LockedLightning","floor":47,"key":"SMITH"},{"floor":49,"key":"REST"},{"data":"Echoward","floor":52,"key":"SMITH"}],"circlet_count":0,"master_deck":["Strike_Br","Strike_Br","Strike_Br","Strike_Br","Defend_Br","Defend_Br+1","Defend_Br","Defend_Br","SecondHand+1","PatternShift+1","ExoVibe","ReapSow+27","Replay:Fractal Strike","Echoward+1","Echoward+1","Goo","RageCommand","ResonantCall","ResonantCall","SlimeSpray","LockedTurtyl","Break","Slimebound:MassFeed+1","SlimeSpray","BackFourSeconds","HandsUpB+1","Keepsakes+1","HandsUpB","BackFourSeconds","LockedLightning+1","infinitespire:Gouge","Parity","infinitespire:TheBestDefense","Flay","WatchCommand+1","infinitespire:Starlight","infinitespire:DeathsTouch","hubris:InfiniteBlow","Analog","Demon Form+1","Parasite","LockedAnchor+1","PrimeTime+1"],"relics":["Chronometer","WarPaint?","Regal Pillow","Lizard Tail","Bromod:ArcaneDeflection","aspiration:DSix","BlueBox","SlaversCollar","Du-Vu Doll","aspiration:IroncladSkillbook","Torii","Honey Jar","Bromod:ArcaneMomentum","Blood Vial","hubris:EmptyBottle","infinitespire:Lucky Rock","Replay:Rubber Ducky"],"acts_visited":["Exordium","TheCity","TheBeyond","TheEnding"],"potions_floor_usage":[16,18,18,27,27,50,50,54,54,54,55,55,55,55,55],"damage_taken":[{"damage":0,"enemies":"Small Slimes","floor":1,"turns":5},{"damage":0,"enemies":"Jaw Worm","floor":5,"turns":3},{"damage":3,"enemies":"Gremlin Nob","floor":6,"turns":10},{"damage":0,"enemies":"2 Louse","floor":8,"turns":3},{"damage":0,"enemies":"Blue Slaver","floor":11,"turns":3},{"damage":21,"enemies":"Lots of Slimes","floor":14,"turns":5},{"damage":21,"enemies":"Hexaghost","floor":16,"turns":15},{"damage":3,"enemies":"2 Thieves","floor":18,"turns":5},{"damage":27,"enemies":"Snake Plant","floor":21,"turns":9},{"damage":9,"enemies":"conspire:HollyBat","floor":22,"turns":9},{"damage":0,"enemies":"Colosseum Slavers","floor":27,"turns":4},{"damage":52,"enemies":"Colosseum Nobs","floor":27,"turns":9},{"damage":14,"enemies":"conspire:Head Lice","floor":29,"turns":7},{"damage":6,"enemies":"Centurion and Healer","floor":30,"turns":6},{"damage":58,"enemies":"hubris:MusketHawk","floor":33,"turns":6},{"damage":21,"enemies":"3 Darklings","floor":35,"turns":6},{"damage":6,"enemies":"Orb Walker","floor":36,"turns":4},{"damage":15,"enemies":"Jaw Worm Horde","floor":37,"turns":6},{"damage":45,"enemies":"Spire Growth","floor":39,"turns":7},{"damage":48,"enemies":"Nemesis","floor":41,"turns":9},{"damage":16,"enemies":"Writhing Mass","floor":48,"turns":6},{"damage":4,"enemies":"Jotaro","floor":50,"turns":7},{"damage":77,"enemies":"Shield and Spear","floor":54,"turns":6},{"damage":50,"enemies":"The Heart","floor":55,"turns":9}],"seed_played":"7468142049216811737","potions_obtained":[{"floor":5,"key":"SpeedPotion"},{"floor":14,"key":"FearPotion"},{"floor":16,"key":"Fire Potion"},{"floor":18,"key":"hexamod:EctoCoolerPotion"},{"floor":21,"key":"Swift Potion"},{"floor":29,"key":"WardPotion"},{"floor":37,"key":"WardPotion"},{"floor":41,"key":"Explosive Potion"},{"floor":54,"key":"Slimebound:ThreeZeroPotion"}],"is_trial":false,"path_per_floor":["M","$","?","?","M","E","R","M","T","R","M","?","$","M","R","B",null,"M","?","?","M","M","R","$","R","T","?","R","E","M","AVR","R","B",null,"M","M","M","AVR","M","R","E","R","T","R","?","$","R","M","R","B",null,"R","$","E","B",null],"character_chosen":"CHRONO_CLASS","items_purchased":["ReapSow+1","ResonantCall","HandsUpB+1","Keepsakes","hubris:EmptyBottle","infinitespire:Lucky Rock","Cursed Concoction"],"campfire_rested":6,"item_purchase_floors":[2,13,24,24,46,46,53],"current_hp_per_floor":[65,65,49,49,49,46,46,46,46,65,65,65,65,44,44,29,65,65,65,65,42,33,68,68,68,68,33,71,57,51,51,77,35,77,66,64,61,61,46,77,77,77,77,77,77,77,77,65,77,77,77,77,77,44,34],"gold":71,"neow_bonus":"UPGRADE_CARD","is_daily":false,"chose_seed":false,"campfire_upgraded":6,"win_rate":0.0,"timestamp":1608577116,"path_taken":["M","$","?","?","M","E","R","M","T","R","M","?","?","?","R","BOSS","M","?","?","?","M","R","$","R","T","?","R","E","M","AVR","R","BOSS","M","M","M","AVR","M","R","E","R","T","R","?","$","R","M","R","BOSS","R","$","E","BOSS"],"items_purchased_type":["Card","Card","Card","Card","Relic","Relic","Potion"],"build_version":"2020-12-13","purchased_purges":0,"victory":true,"max_hp_per_floor":[65,65,65,65,65,65,65,65,65,65,65,65,65,65,65,65,65,65,65,65,69,69,69,69,69,69,77,77,77,77,77,77,77,77,77,77,77,77,77,77,77,77,77,77,77,77,77,77,77,77,77,77,77,81,81],"card_choices":[{"not_picked":["HandsUpB","LockedBlood"],"picked":"ExoVibe","floor":1},{"not_picked":["infinitespire:Menacing","infinitespire:Gouge"],"picked":"Replay:Fractal Strike","floor":3},{"not_picked":["Parity","AlternateTimeline"],"picked":"Echoward","floor":5},{"not_picked":["CrunchTime","BlueShift"],"picked":"Echoward","floor":6},{"not_picked":["CrunchTime","Parity"],"picked":"Goo","floor":8},{"not_picked":["FormalWear","Backlash"],"picked":"RageCommand","floor":11},{"not_picked":["Cuckoo","LockedMedicine"],"picked":"LockedBlood","floor":14},{"not_picked":["LockedLightning","MasterKey"],"picked":"Echonomics","floor":16},{"not_picked":["Echoward","WindUp+1"],"picked":"SlimeSpray","floor":18},{"not_picked":["TiringSlam","LockedBlood"],"picked":"SlimeSpray","floor":21},{"not_picked":["Echoward+1","ResonantCall"],"picked":"BackFourSeconds","floor":22},{"not_picked":["Engulf","CrunchTime"],"picked":"HandsUpB","floor":27},{"not_picked":["Echoward","LockedWhetstone"],"picked":"BackFourSeconds","floor":29},{"not_picked":["LockedBlood","FormalWear+1"],"picked":"Parity","floor":30},{"not_picked":["OverTime","LockedBell"],"picked":"Flay","floor":33},{"not_picked":["PrimeTime+1","Tempo+1","Ghostly Armor"],"picked":"WatchCommand+1","floor":35},{"not_picked":["LockedScales","Pommel Strike+1","Headbutt","Iron Wave+1"],"picked":"SKIP","floor":36},{"not_picked":["Wild Strike","ReplayTheSpireMod:Strike From Hell+1","Facsimile+1","Iron Wave+1"],"picked":"SKIP","floor":37},{"not_picked":["Feel No Pain","Run Through","Power Through+1","Armaments"],"picked":"Analog","floor":39},{"not_picked":["LockedBlood","OldTimer","Warcry","Bloodletting+1"],"picked":"Demon Form","floor":41},{"not_picked":["LockedScales","Uppercut+1","Iron Wave","Searing Blow+1"],"picked":"LockedAnchor+1","floor":48},{"not_picked":["EscortCommand","True Grit+1","HandsUpB+1","Metallicize"],"picked":"PrimeTime+1","floor":54}],"player_experience":443335,"relics_obtained":[{"floor":6,"key":"Regal Pillow"},{"floor":9,"key":"Lizard Tail"},{"floor":27,"key":"Bromod:ArcaneDeflection"},{"floor":27,"key":"aspiration:DSix"},{"floor":29,"key":"BlueBox"},{"floor":41,"key":"Bromod:ArcaneMomentum"},{"floor":43,"key":"Blood Vial"},{"floor":54,"key":"Replay:Rubber Ducky"}],"event_choices":[{"damage_healed":0,"gold_gain":0,"cards_transformed":["Echonomics","LockedBlood"],"player_choice":"Transformed Cards","damage_taken":0,"max_hp_gain":0,"max_hp_loss":0,"event_name":"Designer","floor":19,"gold_loss":60,"cards_obtained":["LockedTurtyl","Break"]},{"cards_removed":["ResonantCall"],"damage_healed":0,"gold_gain":0,"player_choice":"Take \u0026 Give","damage_taken":0,"max_hp_gain":0,"max_hp_loss":0,"event_name":"betterNote:BetterNote","floor":20,"gold_loss":0,"cards_obtained":["Slimebound:MassFeed"]},{"damage_healed":0,"gold_gain":0,"player_choice":"Fight","damage_taken":0,"max_hp_gain":0,"max_hp_loss":0,"event_name":"Colosseum","floor":27,"gold_loss":0},{"damage_healed":0,"gold_gain":0,"player_choice":"Fought Nobs","damage_taken":0,"max_hp_gain":0,"max_hp_loss":0,"event_name":"Colosseum","floor":27,"gold_loss":0},{"damage_healed":0,"gold_gain":0,"player_choice":"Ignored","damage_taken":0,"max_hp_gain":0,"max_hp_loss":0,"event_name":"Mysterious Sphere","floor":45,"gold_loss":0}],"is_beta":false,"boss_relics":[{"not_picked":["hubris:RunicObelisk","Painkiller Herb","Replay:Ancient Bell"]},{"not_picked":["aspiration:FutureDiary","Replay:Fungal Core"],"picked":"aspiration:IroncladSkillbook"}],"items_purged_floors":[],"is_endless":false,"potions_floor_spawned":[5,14,16,18,21,29,37,41,54],"ascension_level":0}}