{"host":"wppa8gky53tnknhf","time":1608588538,"event":{"mods":["AchievementEnabler","Act Like it!","BaseMod","Better Third Choice","BetterRewards","Card Forge","Colored Powertips","Energized Spire","Hubris","Infinite Spire","Marked Mod","Minty Spire (QoL Compilation)","Permanent Neow","Quick Restart","Rare Cards Sparkle","Relic Stats","Remove Card Discount Mod","Replay The Spire","Spikes Relics","Spire Birthday Party","StSLib"],"gold_per_floor":[117,128,141,141,159,159,188,199,199,211,245,245,276,289,289,389,389,404,404,419,419,419,445,445,415,415,441,455,455,455,468,468,563,563,581,581,581],"floor_reached":36,"playtime":1516,"items_purged":[],"score":705,"play_id":"645f5627-48be-4365-be61-a6408193c6bb","local_time":"20201221220858","is_ascension_mode":true,"campfire_choices":[{"floor":6,"key":"DIG"},{"floor":12,"key":"RECALL"},{"floor":15,"key":"DIG"},{"floor":24,"key":"DIG"},{"floor":30,"key":"DIG"},{"floor":32,"key":"DIG"}],"circlet_count":0,"master_deck":["Strike_R+1","Strike_R+1","Strike_R+1","Strike_R+1","Defend_R+1","Defend_R+1","Defend_R+1","Defend_R+1","Defend_R+1","Clothesline+1","Run Through+1","Bash+1","Sword Boomerang+1","ReplayTheSpireMod:Muscle Training+1","Heavy Blade+1","Sword Boomerang+1","Clothesline+1","Perfected Strike+1","Barricade+1","Pummel","Infernal Blade","Sword Boomerang+1","Pot Of Greed","Pot Of Greed","Metallicize+1","Flame Barrier","Pot Of Greed","Twin Strike","hubris:StunningStrike","Clash"],"relics":["Burning Blood","Hammer of Thor","Seething Fire","Anvil of the Gods","Shovel","Strange Spoon","hubris:GlazedTorus","Replay:Wax Seal","infinitespire:ShieldingShard","Replay:Ringing Soul","Replay:Arrowhead","ReplayTheSpireMod:Ninjato","hubris:Backtick","hubris:IronBody","hubris:Towel","MiniBlackHole","Durian","Rawhide","Grinning Jar","hubris:PeanutButter"],"acts_visited":["Exordium","TheCity","TheBeyond"],"potions_floor_usage":[7,7,10,16,23,27,27,35],"damage_taken":[{"damage":0,"enemies":"Cultist","floor":1,"turns":2},{"damage":0,"enemies":"2 Louse","floor":2,"turns":3},{"damage":0,"enemies":"Jaw Worm","floor":3,"turns":3},{"damage":0,"enemies":"Looter","floor":5,"turns":3},{"damage":0,"enemies":"Gremlin Nob","floor":7,"turns":3},{"damage":0,"enemies":"3 Louse","floor":8,"turns":4},{"damage":5,"enemies":"Large Slime","floor":10,"turns":5},{"damage":0,"enemies":"Replay:BlueRogue","floor":11,"turns":4},{"damage":17,"enemies":"Gremlin Nob","floor":13,"turns":4},{"damage":10,"enemies":"Exordium Thugs","floor":14,"turns":4},{"damage":11,"enemies":"Slime Boss","floor":16,"turns":7},{"damage":12,"enemies":"Shell Parasite","floor":18,"turns":7},{"damage":1,"enemies":"Spheric Guardian","floor":20,"turns":5},{"damage":47,"enemies":"Slavers","floor":23,"turns":5},{"damage":26,"enemies":"Gremlin Leader","floor":27,"turns":9},{"damage":0,"enemies":"Cultist and Chosen","floor":28,"turns":5},{"damage":0,"enemies":"Centurion and Healer","floor":31,"turns":7},{"damage":26,"enemies":"Collector","floor":33,"turns":12},{"damage":10,"enemies":"3 Darklings","floor":35,"turns":7},{"damage":53,"enemies":"infinitespire:Three Voidlings","floor":36,"turns":6},{"damage":99,"enemies":"Nightmare_Alpha","floor":36,"turns":15}],"seed_played":"6862026756007174804","potions_obtained":[{"floor":1,"key":"GamblersBrew"},{"floor":3,"key":"LifebloodPotion"},{"floor":5,"key":"SteroidPotion"},{"floor":8,"key":"AttackPotion"},{"floor":14,"key":"SteroidPotion"},{"floor":18,"key":"AttackPotion"},{"floor":25,"key":"Block Potion"},{"floor":25,"key":"Block Potion"},{"floor":31,"key":"ElixirPotion"},{"floor":33,"key":"Block Potion"},{"floor":35,"key":"BlessingOfTheForge"}],"is_trial":false,"path_per_floor":["M","M","M","?","M","R","E","M","T","M","E","R","E","M","R","B",null,"M","$","M","?","?","E","R","?","T","E","M","AVR","R","M","R","B",null,"M","?"],"character_chosen":"IRONCLAD","items_purchased":["Shovel","Strange Spoon"],"campfire_rested":0,"item_purchase_floors":[0,0],"current_hp_per_floor":[80,80,80,80,80,80,80,80,80,80,83,83,75,74,74,72,92,89,89,97,97,97,64,64,64,64,47,56,56,56,65,65,48,118,117,0,0],"gold":581,"neow_bonus":"","is_daily":false,"chose_seed":false,"campfire_upgraded":0,"win_rate":0.0,"timestamp":1608588538,"path_taken":["M","M","M","?","M","R","E","M","T","M","E","R","E","M","R","BOSS","M","$","M","?","?","E","R","?","T","E","M","AVR","R","?","R","BOSS","M","?"],"items_purchased_type":["Relic","Relic"],"build_version":"2020-12-13","purchased_purges":0,"victory":false,"max_hp_per_floor":[80,80,80,80,80,80,80,80,80,80,83,83,86,89,89,92,92,95,95,98,98,98,106,106,106,106,109,112,112,112,115,115,118,118,121,121,121],"relic_stats":{"Strange Spoon":[10],"Shovel":5,"counters":[51,263],"obtain_stats":[{"Gremlin Horn":5,"Rawhide":26,"Hammer of Thor":0,"Burning Blood":0,"Replay:Rubber Ducky":24,"Replay:Ringing Soul":11,"Shovel":0,"infinitespire:ShieldingShard":7,"hubris:Backtick":17,"MiniBlackHole":22,"hubris:IronBody":17,"energizedSpire:HugeHouse":17,"Replay:Wax Seal":11,"LugNut":6,"hubris:GlazedTorus":0,"hubris:MobiusCoin":54,"ReplayTheSpireMod:Ninjato":15,"Eternal Feather":30,"PreservedInsect":30,"Seething Fire":0,"hubris:Towel":21,"Replay:Arrowhead":13,"Strange Spoon":0,"Anvil of the Gods":0,"MutagenicStrength":22,"Bronze Scales":53,"Molten Egg 2":46,"hubris:PeanutButter":29,"Garlic":27,"Durian":23,"Grinning Jar":27,"FossilizedHelix":41},{"Gremlin Horn":3,"Rawhide":44,"Hammer of Thor":0,"Burning Blood":0,"Replay:Rubber Ducky":13,"Replay:Ringing Soul":38,"Shovel":30,"infinitespire:ShieldingShard":35,"hubris:Backtick":41,"MiniBlackHole":43,"hubris:IronBody":41,"energizedSpire:HugeHouse":9,"Replay:Wax Seal":6,"LugNut":4,"hubris:GlazedTorus":30,"hubris:MobiusCoin":29,"ReplayTheSpireMod:Ninjato":40,"Eternal Feather":15,"PreservedInsect":15,"Seething Fire":0,"hubris:Towel":43,"Replay:Arrowhead":39,"Strange Spoon":30,"Anvil of the Gods":0,"MutagenicStrength":12,"Bronze Scales":28,"Molten Egg 2":25,"hubris:PeanutButter":46,"Garlic":14,"Durian":44,"Grinning Jar":45,"FossilizedHelix":21},{"Gremlin Horn":10,"Rawhide":202,"Hammer of Thor":0,"Burning Blood":0,"Replay:Rubber Ducky":55,"Replay:Ringing Soul":170,"Shovel":143,"infinitespire:ShieldingShard":157,"hubris:Backtick":185,"MiniBlackHole":197,"hubris:IronBody":185,"energizedSpire:HugeHouse":39,"Replay:Wax Seal":20,"LugNut":14,"hubris:GlazedTorus":143,"hubris:MobiusCoin":138,"ReplayTheSpireMod:Ninjato":178,"Eternal Feather":61,"PreservedInsect":61,"Seething Fire":0,"hubris:Towel":197,"Replay:Arrowhead":174,"Strange Spoon":143,"Anvil of the Gods":0,"MutagenicStrength":50,"Bronze Scales":130,"Molten Egg 2":112,"hubris:PeanutButter":216,"Garlic":58,"Durian":202,"Grinning Jar":211,"FossilizedHelix":92}],"Burning Blood":207},"card_choices":[{"not_picked":["ReplayTheSpireMod:Limb From Limb","Wild Strike","ReplayTheSpireMod:Strike From Hell"],"picked":"SKIP","floor":1},{"not_picked":["Sentinel","ReplayTheSpireMod:Stacked"],"picked":"Clothesline","floor":2},{"not_picked":["Flex","Whirlwind"],"picked":"Run Through","floor":3},{"not_picked":["Uppercut","True Grit"],"picked":"Sword Boomerang","floor":5},{"not_picked":["Massacre","Brutality"],"picked":"ReplayTheSpireMod:Muscle Training","floor":7},{"not_picked":["Fire Breathing","Anger"],"picked":"Heavy Blade","floor":8},{"not_picked":["True Grit","Warcry","Replay:Undeath\u0027s Touch"],"picked":"SKIP","floor":10},{"not_picked":["Evolve","Flame Barrier"],"picked":"Sword Boomerang","floor":11},{"not_picked":["Havoc","Fire Breathing"],"picked":"Clothesline","floor":13},{"not_picked":["hubris:ReadiedAction","Warcry"],"picked":"Perfected Strike","floor":14},{"not_picked":["Replay:Many Hands","Immolate"],"picked":"Barricade","floor":16},{"not_picked":["Sever Soul+1","Feel No Pain"],"picked":"Pummel","floor":18},{"not_picked":["hubris:SharpeningStone","Twin Strike"],"picked":"Infernal Blade","floor":20},{"not_picked":["Havoc+1","Warcry+1"],"picked":"Sword Boomerang+1","floor":23},{"not_picked":["Flame Barrier","Flex"],"picked":"Metallicize+1","floor":27},{"not_picked":["Clothesline","Double Tap"],"picked":"Flame Barrier","floor":28},{"not_picked":["Burning Pact+1","Combust+1"],"picked":"Twin Strike","floor":31},{"not_picked":["Corruption","Replay:Many Hands"],"picked":"hubris:StunningStrike","floor":33},{"not_picked":["ReplayTheSpireMod:LeadingStrike","Ghostly Armor+1"],"picked":"Clash","floor":35}],"player_experience":673387,"relics_obtained":[{"floor":6,"key":"Replay:Wax Seal"},{"floor":7,"key":"infinitespire:ShieldingShard"},{"floor":11,"key":"Replay:Ringing Soul"},{"floor":13,"key":"Replay:Arrowhead"},{"floor":15,"key":"ReplayTheSpireMod:Ninjato"},{"floor":23,"key":"Durian"},{"floor":26,"key":"Rawhide"},{"floor":27,"key":"Grinning Jar"}],"event_choices":[{"damage_healed":0,"gold_gain":0,"player_choice":"Bought 2 Potions","damage_taken":0,"max_hp_gain":0,"max_hp_loss":0,"event_name":"The Woman in Blue","floor":25,"gold_loss":0}],"is_beta":false,"boss_relics":[{"not_picked":["energizedSpire:EnergizedDie","Snecko Eye"],"picked":"hubris:Backtick"},{"not_picked":["energizedSpire:RedRose","Astrolabe","energizedSpire:StickyHand"]}],"items_purged_floors":[],"is_endless":false,"potions_floor_spawned":[1,3,5,8,14,18,31,33,35,36],"killed_by":"Nightmare_Alpha","ascension_level":1}}