{"host":"ki5kvxn974a96omm","time":1608564322,"event":{"mods":["BaseMod","Better Altar","Better Match","Better Note","Better Sensory Stone","Better Skull","Colored Map","Colored Powertips","Highlight Path","Minty Spire (QoL Compilation)","Random Character Button","Relic Sorter","StSLib"],"gold_per_floor":[115,165,183,183,195,195,230,302,302,327,19,48,48,73,73,153,153,177,177,46,55,64,64,99,99,122,122,122,140,158,158,158,239,239,268,37,58,112,112,155,174,174,174,191,191,219,33,55,55,55,55,55,55,92,92],"floor_reached":56,"playtime":4344,"items_purged":["Strike_B","Lockon","Meteor Strike"],"score":1953,"play_id":"b3113ad4-2bad-470c-a8ca-46923078d256","local_time":"20201221102522","is_ascension_mode":true,"campfire_choices":[{"data":"Zap","floor":6.0,"key":"SMITH"},{"data":"Defragment","floor":13.0,"key":"SMITH"},{"data":"Sweeping Beam","floor":15.0,"key":"SMITH"},{"data":"Hologram","floor":23.0,"key":"SMITH"},{"data":"Go for the Eyes","floor":25.0,"key":"SMITH"},{"data":"Buffer","floor":27.0,"key":"SMITH"},{"data":"Echo Form","floor":32.0,"key":"SMITH"},{"data":"Seek","floor":42.0,"key":"SMITH"},{"data":"Panacea","floor":45.0,"key":"SMITH"},{"floor":49.0,"key":"RECALL"},{"data":"Loop","floor":52.0,"key":"SMITH"}],"circlet_count":0,"master_deck":["AscendersBane","Defend_B","Defend_B+1","Zap+1","Dualcast","Compile Driver","BootSequence","Go for the Eyes+1","Defragment+1","Gash","Sweeping Beam+1","Defragment","Leap","Panacea+1","Buffer+1","FTL","Biased Cognition","Coolheaded+1","Impatience","Hologram+1","Echo Form+1","Glacier","Leap+1","All For One","Seek+1","Beam Cell","Flash of Steel","Turbo","Hologram","Conserve Battery+1","Loop+1","Gash","Coolheaded"],"relics":["Cracked Core","CeramicFish","MealTicket","Pear","SacredBark","War Paint","Coffee Dripper","Lizard Tail","Gambling Chip","Bronze Scales","Strawberry","Orichalcum"],"acts_visited":["Exordium","TheCity","TheBeyond","TheEnding"],"potions_floor_usage":[55],"damage_taken":[{"damage":2.0,"enemies":"Jaw Worm","floor":1.0,"turns":3.0},{"damage":1.0,"enemies":"Cultist","floor":3.0,"turns":3.0},{"damage":0.0,"enemies":"2 Louse","floor":5.0,"turns":2.0},{"damage":10.0,"enemies":"Lagavulin","floor":7.0,"turns":7.0},{"damage":19.0,"enemies":"3 Sentries","floor":8.0,"turns":8.0},{"damage":0.0,"enemies":"2 Fungi Beasts","floor":10.0,"turns":3.0},{"damage":6.0,"enemies":"Looter","floor":12.0,"turns":3.0},{"damage":3.0,"enemies":"Blue Slaver","floor":14.0,"turns":4.0},{"damage":20.0,"enemies":"Hexaghost","floor":16.0,"turns":9.0},{"damage":7.0,"enemies":"Shell Parasite","floor":18.0,"turns":4.0},{"damage":16.0,"enemies":"Book of Stabbing","floor":24.0,"turns":5.0},{"damage":0.0,"enemies":"3 Byrds","floor":28.0,"turns":2.0},{"damage":5.0,"enemies":"3 Cultists","floor":30.0,"turns":6.0},{"damage":13.0,"enemies":"Champ","floor":33.0,"turns":10.0},{"damage":0.0,"enemies":"Orb Walker","floor":35.0,"turns":4.0},{"damage":3.0,"enemies":"3 Darklings","floor":37.0,"turns":7.0},{"damage":14.0,"enemies":"2 Orb Walkers","floor":38.0,"turns":8.0},{"damage":0.0,"enemies":"Giant Head","floor":40.0,"turns":8.0},{"damage":0.0,"enemies":"4 Shapes","floor":41.0,"turns":7.0},{"damage":0.0,"enemies":"Spire Growth","floor":44.0,"turns":4.0},{"damage":0.0,"enemies":"Nemesis","floor":46.0,"turns":9.0},{"damage":3.0,"enemies":"3 Darklings","floor":48.0,"turns":5.0},{"damage":16.0,"enemies":"Donu and Deca","floor":50.0,"turns":10.0},{"damage":41.0,"enemies":"Shield and Spear","floor":54.0,"turns":9.0},{"damage":33,"enemies":"The Heart","floor":55,"turns":12}],"seed_played":"2387639051936383938","potions_obtained":[{"floor":5.0,"key":"FocusPotion"},{"floor":7.0,"key":"SpeedPotion"},{"floor":14.0,"key":"Energy Potion"},{"floor":16.0,"key":"EntropicBrew"},{"floor":24.0,"key":"SmokeBomb"},{"floor":35.0,"key":"BlessingOfTheForge"},{"floor":46.0,"key":"SkillPotion"}],"is_trial":false,"path_per_floor":["M","?","M","?","M","R","E","?","T","M","$","M","R","M","R","B",null,"M","?","$","?","?","R","E","R","T","R","M","?","M","?","R","B",null,"M","$","M","?","?","E","M","R","T","M","R","E","$","M","R","B",null,"R","$","E","B",null],"character_chosen":"DEFECT","items_purchased":["Defragment","Leap","Panacea","Lockon","Impatience","Hologram","SteroidPotion","Flash of Steel","Loop"],"campfire_rested":0,"item_purchase_floors":[11,11,11,11,20,20,36,36,47],"current_hp_per_floor":[62,56,55,48,48,48,38,19,29,29,44,38,38,35,35,15,59,52,52,67,49,49,49,33,33,33,33,33,33,28,28,28,15,59,59,74,71,57,57,57,57,57,57,57,57,64,77,74,74,58,72,72,77,36,3],"gold":92,"neow_bonus":"REMOVE_TWO","is_daily":false,"chose_seed":false,"campfire_upgraded":10,"win_rate":0.0,"timestamp":1608564322,"path_taken":["M","?","?","?","M","R","E","?","T","M","$","M","R","M","R","BOSS","M","?","$","?","?","R","E","R","T","R","M","?","M","?","R","BOSS","M","$","M","?","?","E","M","R","T","M","R","E","$","M","R","BOSS","R","$","E","BOSS"],"items_purchased_type":["Card","Card","Card","Card","Card","Card","Potion","Card","Card"],"build_version":"2020-12-13","purchased_purges":3,"victory":true,"max_hp_per_floor":[64,64,64,64,64,64,64,64,74,74,74,74,74,74,74,74,74,74,74,74,74,74,74,74,74,74,74,74,74,74,74,74,74,74,74,74,74,74,70,70,70,70,70,70,70,77,77,77,77,77,77,77,77,77,77],"card_choices":[{"not_picked":["Coolheaded","Reinforced Body"],"picked":"Compile Driver","floor":1.0},{"not_picked":["Force Field","Steam"],"picked":"BootSequence","floor":3.0},{"not_picked":["Coolheaded","Fission"],"picked":"Go for the Eyes","floor":5.0},{"not_picked":["Turbo","Steam"],"picked":"Defragment","floor":7.0},{"not_picked":["Cold Snap","Redo"],"picked":"Gash","floor":8.0},{"not_picked":["Auto Shields","Stack"],"picked":"Sweeping Beam","floor":10.0},{"not_picked":["Stack","Tempest"],"picked":"Buffer","floor":12.0},{"not_picked":["Ball Lightning","Beam Cell"],"picked":"FTL","floor":14.0},{"not_picked":["Electrodynamics","Core Surge"],"picked":"Biased Cognition","floor":16.0},{"not_picked":["Rebound","Scrape"],"picked":"Coolheaded","floor":18.0},{"not_picked":["Aggregate","Streamline"],"picked":"Leap+1","floor":24.0},{"not_picked":["Blizzard","Darkness","Consume"],"picked":"SKIP","floor":30.0},{"not_picked":["Fission","Multi-Cast"],"picked":"Seek","floor":33.0},{"not_picked":["Coolheaded","Chill"],"picked":"Beam Cell","floor":35.0},{"not_picked":["Barrage","Leap"],"picked":"Turbo","floor":37.0},{"not_picked":["Steam","Conserve Battery"],"picked":"Hologram","floor":38.0},{"not_picked":["Streamline","Meteor Strike"],"picked":"Conserve Battery+1","floor":40.0},{"not_picked":["Beam Cell","Aggregate","Rebound"],"picked":"SKIP","floor":41.0},{"not_picked":["Genetic Algorithm","Rip and Tear","Lockon"],"picked":"SKIP","floor":44.0},{"not_picked":["Go for the Eyes","Streamline","Conserve Battery"],"picked":"SKIP","floor":46.0},{"not_picked":["Self Repair+1","Stack"],"picked":"Gash","floor":48.0},{"not_picked":["Static Discharge","Rainbow"],"picked":"Coolheaded","floor":54.0}],"player_experience":1631372,"relics_obtained":[{"floor":7.0,"key":"CeramicFish"},{"floor":8.0,"key":"MealTicket"},{"floor":9.0,"key":"Pear"},{"floor":24.0,"key":"War Paint"},{"floor":38.0,"key":"Lizard Tail"},{"floor":40.0,"key":"Gambling Chip"},{"floor":43.0,"key":"Bronze Scales"},{"floor":46.0,"key":"Strawberry"},{"floor":54.0,"key":"Orichalcum"}],"event_choices":[{"damage_healed":0.0,"max_hp_gain":0.0,"max_hp_loss":0.0,"gold_gain":50.0,"event_name":"FaceTrader","player_choice":"Touch","floor":2.0,"gold_loss":0.0,"damage_taken":6.0},{"cards_removed":["Strike_B"],"damage_healed":0.0,"max_hp_gain":0.0,"max_hp_loss":0.0,"gold_gain":0.0,"event_name":"Golden Wing","player_choice":"Card Removal","floor":4.0,"gold_loss":0.0,"damage_taken":7.0},{"damage_healed":0.0,"max_hp_gain":0.0,"max_hp_loss":0.0,"gold_gain":0.0,"event_name":"Dead Adventurer","player_choice":"Searched \u00271\u0027 times","floor":8.0,"gold_loss":0.0,"damage_taken":0.0},{"damage_healed":0.0,"max_hp_gain":0.0,"max_hp_loss":0.0,"gold_gain":0.0,"event_name":"Ghosts","player_choice":"Ignored","floor":19.0,"gold_loss":0.0,"damage_taken":0.0},{"damage_healed":0.0,"max_hp_gain":0.0,"max_hp_loss":18.0,"gold_gain":2.0,"event_name":"betterStone:BetterStone","player_choice":"2","floor":21.0,"gold_loss":0.0,"damage_taken":0.0},{"damage_healed":0.0,"max_hp_gain":0.0,"max_hp_loss":0.0,"gold_gain":0.0,"event_name":"The Library","player_choice":"Read","floor":22.0,"gold_loss":0.0,"damage_taken":0.0,"cards_obtained":["Glacier"]},{"damage_healed":0.0,"max_hp_gain":0.0,"max_hp_loss":0.0,"gold_gain":0.0,"cards_transformed":["Strike_B","Defend_B"],"event_name":"Drug Dealer","player_choice":"Became Test Subject","floor":29.0,"gold_loss":0.0,"damage_taken":0.0,"cards_obtained":["Meteor Strike","All For One"]},{"damage_healed":0.0,"max_hp_gain":0.0,"max_hp_loss":0.0,"gold_gain":0.0,"event_name":"Cursed Tome","player_choice":"Ignored","floor":31.0,"gold_loss":0.0,"damage_taken":0.0},{"damage_healed":0.0,"max_hp_gain":0.0,"max_hp_loss":0.0,"gold_gain":0.0,"event_name":"Mysterious Sphere","player_choice":"Fight","floor":38.0,"gold_loss":0.0,"damage_taken":0.0},{"damage_healed":0.0,"max_hp_gain":0.0,"max_hp_loss":4.0,"gold_gain":0.0,"event_name":"Winding Halls","player_choice":"Max HP","floor":39.0,"gold_loss":0.0,"damage_taken":0.0}],"is_beta":false,"boss_relics":[{"not_picked":["Runic Dome","Ectoplasm"],"picked":"SacredBark"},{"not_picked":["Sozu","Calling Bell"],"picked":"Coffee Dripper"}],"items_purged_floors":[11,36,47],"is_endless":false,"potions_floor_spawned":[5,7,14,16,24,28,35,46],"ascension_level":15}}