{"host":"rgcz6yx3duq0lh14","time":1608579342,"event":{"mods":["ATMod(à¢‡ıMod)","AchievementEnabler","Act Like it!","Aspiration","Astrologer","BaseMod","CapriCore","Chen","Colored Map","Decade(â§è¨ñæ)","Friendly Minions","Gensokyo","GungeonMod","Hallownest","Hermit","Jedi Mod","KinomotoSakuraMod(ñÿîVñ{?)","Koishi","Luminous","Mari Mod (Legacy)","Mari\u0027s V1 Patch","MarisaÅiñ∂âJÅ@ñÇóùçπÅj","Minty Spire (QoL Compilation)","MostiFishMod","Pale of the Ancients","Permanent Neow","Prisma Mod","Quick Restart","RemiliaÅiÂQïƒ‰ª?Åj","Replay The Spire","Robot Space Explorer","RumiaBox-òIïƒ?ìIê_îÈ·¥éq","Spicy Shops","StSLib","The Animator","The Bug Knight","The Cursed","The Dragon Tamer","The Gatherer","The Immortal","The Mystic","The Poker Player","The Runesmith","The Senshi","The Servant 0.9.4","TheWitcher","YoumuÅiç∞ÈÆódöÎÅj","Åy?ï˚ìÒéü?çÏÅzî™â]éámod","Åy?ï®?îvÅzREMEMod"],"gold_per_floor":[112,3,3,3,3,13,23,23,55,72,72,72,98,98,98,198,198,271,271,285,304,319,319,330,330,355,355,355,385,635,434,454,486,486,709,709,728,740,752,632,317,317,317,345,345,378,424,443,457,457,186,218,218,289,289,289,15,50,50],"floor_reached":60,"playtime":3159,"items_purged":["astrologer:Death","astrologer:RejectReality"],"score":2695,"play_id":"46ab2a16-c75b-443b-a1d9-df81f1eeca00","local_time":"20201222033542","is_ascension_mode":true,"campfire_choices":[{"data":"AT_ShrugMaster","floor":8,"key":"SMITH"},{"data":"astrologer:NeutronStar","floor":14,"key":"SMITH"},{"data":"astrologer:Retelling","floor":17,"key":"SMITH"},{"data":"astrologer:Trine","floor":25,"key":"SMITH"},{"data":"astrologer:TheHangedMan","floor":27,"key":"SMITH"},{"data":"astrologer:Alignment","floor":34,"key":"SMITH"},{"data":"astrologer:Fate","floor":45,"key":"SMITH"},{"floor":53,"key":"RECALL"},{"floor":56,"key":"DIG"}],"circlet_count":0,"master_deck":["AscendersBane","AT_ShrugMaster+1","astrologer:Nova+1","astrologer:Retelling+1","astrologer:LonelyStar","astrologer:FrozenStar","astrologer:NeutronStar+1","astrologer:TheHangedMan+1","astrologer:Trine+1","astrologer:Justice+1","astrologer:TheHierophant","astrologer:ReadTheStars+1","astrologer:TheMagician","astrologer:Fate+1","astrologer:Alignment+1","astrologer:TheSun","astrologer:CometStrike+1","MostiFishMod:EE1D","MostiFishMod:EE1D","MostiFishMod:EE1D","astrologer:StarOfCourage","Gensokyo:CustomPotion","Gensokyo:SevenSchoolMysteries","astrologer:FadingStar+1","astrologer:SolarFlare","Gensokyo:SummonJeweledCobra","astrologer:Moonlight+1","astrologer:SolarFlare","astrologer:Prismatic","MostiFishMod:SparklingWater","astrologer:TheHermit"],"relics":["astrologer:SkyMirror","DaveBox","AT_ATBox","REME_ComplimentaryCards","RhineCircuit","DemoMod:GlassGuonStoneRelic","Question Card","Gensokyo:Companionship","Bag of Marbles","AT_RedTearstoneRing","Replay:Bottled Flurry","BirthdayGift-Icosahedron","Quantum Egg","GodSword1","AT_SunfireAegis","AT_Kusabimaru","SumBook","DianPoetry","Art of War","EE1DDrone","DemoMod:SuperHotWatch","Mirror","Shovel","Oddly Smooth Stone","REME_HandOfSuture","SnafuTest:CatRelic","DemoMod:RingOfEthereal","DemoMod:MeltedRock","aspiration:FrozenJewel","AT_BellowingDragoncrestRing"],"acts_visited":["Gensokyo:Gensokyo","Gensokyo:Gensokyoer","Gensokyo:Gensokyoest","TheEnding"],"potions_floor_usage":[13,18,59,59],"damage_taken":[{"damage":6,"enemies":"Gensokyo:Gryphon","floor":1,"turns":4},{"damage":0,"enemies":"Gensokyo:Python","floor":6,"turns":5},{"damage":0,"enemies":"Gensokyo:3_Fairies","floor":7,"turns":5},{"damage":0,"enemies":"Gensokyo:Mamizou","floor":9,"turns":6},{"damage":0,"enemies":"Gensokyo:2_Rabbits","floor":10,"turns":4},{"damage":0,"enemies":"Gensokyo:Cirno","floor":13,"turns":6},{"damage":0,"enemies":"Gensokyo:Reimu","floor":18,"turns":7},{"damage":0,"enemies":"Gensokyo:2_Gloops","floor":20,"turns":2},{"damage":0,"enemies":"Gensokyo:3_Dogs","floor":21,"turns":3},{"damage":0,"enemies":"Gensokyo:Wraith","floor":22,"turns":4},{"damage":0,"enemies":"Gensokyo:Swordslinger","floor":24,"turns":3},{"damage":0,"enemies":"Gensokyo:Tenshi","floor":26,"turns":3},{"damage":0,"enemies":"Gensokyo:Koishi","floor":29,"turns":4},{"damage":0,"enemies":"Gensokyo:Slime_Group","floor":32,"turns":3},{"damage":0,"enemies":"Gensokyo:Reisen","floor":33,"turns":4},{"damage":0,"enemies":"Gensokyo:Eternal_Rivals","floor":35,"turns":3},{"damage":0,"enemies":"Gensokyo:3_Bats","floor":37,"turns":2},{"damage":0,"enemies":"Gensokyo:AncientGuardian","floor":38,"turns":2},{"damage":0,"enemies":"Gensokyo:Sharpion","floor":39,"turns":2},{"damage":0,"enemies":"Gensokyo:Marisa","floor":44,"turns":3},{"damage":0,"enemies":"Gensokyo:Doremy","floor":46,"turns":3},{"damage":0,"enemies":"Gensokyo:Dusk_and_Dawn","floor":48,"turns":3},{"damage":0,"enemies":"Gensokyo:4_Bats","floor":49,"turns":2},{"damage":0,"enemies":"Gensokyo:Marisa","floor":52,"turns":3},{"damage":0,"enemies":"Gensokyo:Shinki","floor":54,"turns":6},{"damage":0,"enemies":"Shield and Spear","floor":58,"turns":3},{"damage":0,"enemies":"The Heart","floor":59,"turns":4}],"seed_played":"7783842643361313407","potions_obtained":[{"floor":6,"key":"PowerPotion"},{"floor":10,"key":"Dexterity Potion"},{"floor":21,"key":"SteroidPotion"},{"floor":32,"key":"Weak Potion"},{"floor":37,"key":"Dexterity Potion"},{"floor":46,"key":"DistilledChaos"},{"floor":54,"key":"jedi:StrikingPotion"},{"floor":58,"key":"Elixir"}],"is_trial":false,"path_per_floor":["M","COS","PTL","PTL","?","M","M","R","E","M","T","?","E","R","T","?","R","B",null,"M","M","M","?","M","R","E","R","T","E","?","COS","M","E","R","B",null,"M","M","M","?","COS","PTL","PTL","E","R","E","T","M","M","?","$","E","R","B",null,"R","$","E","B",null],"character_chosen":"ASTROLOGER","items_purchased":["astrologer:SolarFlare","astrologer:Prismatic","REME_HandOfSuture","MostiFishMod:SparklingWater"],"campfire_rested":0,"item_purchase_floors":[51,51,51,57],"current_hp_per_floor":[57,57,57,57,50,50,50,50,50,50,50,50,50,50,50,50,50,50,65,66,67,68,65,65,65,65,65,65,65,62,62,62,62,62,62,62,62,62,62,62,62,62,62,62,62,62,62,62,62,62,62,62,62,62,62,62,62,62,62],"gold":50,"neow_bonus":"REMOVE_CARD","is_daily":false,"chose_seed":false,"campfire_upgraded":7,"win_rate":0.0,"timestamp":1608579342,"path_taken":["M","COS","PTL","PTL","?","M","?","R","E","?","T","?","E","R","?","?","R","BOSS","M","M","?","?","M","R","E","R","T","E","?","COS","?","E","R","BOSS","M","?","?","?","COS","PTL","PTL","E","R","E","T","?","M","?","?","E","R","BOSS","R","$","E","BOSS"],"items_purchased_type":["Card","Card","Relic","Card"],"build_version":"2020-12-13","purchased_purges":2,"victory":true,"max_hp_per_floor":[70,70,70,70,70,70,70,70,70,70,70,70,70,70,70,70,70,70,70,70,70,70,65,65,65,65,65,65,65,62,62,62,62,62,62,62,62,62,62,62,62,62,62,62,62,62,62,62,62,62,62,62,62,62,62,62,62,62,62],"card_choices":[{"not_picked":["astrologer:Opposition","astrologer:SpaceDust"],"picked":"astrologer:Retelling","floor":1},{"not_picked":["astrologer:BlackHole","astrologer:TheStar","astrologer:Cataclysm"],"picked":"astrologer:LonelyStar","floor":6},{"not_picked":["astrologer:Glimpse","astrologer:CosmicExpanse","astrologer:Stardust"],"picked":"astrologer:FrozenStar","floor":7},{"not_picked":["astrologer:TheHermit","astrologer:Stardust","astrologer:TheHighPriestess"],"picked":"astrologer:NeutronStar","floor":9},{"not_picked":["astrologer:TheHermit","astrologer:SolarFlare","astrologer:GlassStar","astrologer:SpaceDust"],"picked":"SKIP","floor":10},{"not_picked":["astrologer:Temperance","astrologer:Shine","astrologer:StarOfRegret"],"picked":"astrologer:TheHangedMan","floor":13},{"not_picked":["astrologer:HeatDeath","astrologer:WheelofFortune","astrologer:Death"],"picked":"astrologer:Trine","floor":18},{"not_picked":["astrologer:Eclipse","astrologer:Opposition","astrologer:StarOfChange","astrologer:SpaceDust"],"picked":"SKIP","floor":20},{"not_picked":["astrologer:MeteorShower","astrologer:Conjunction","astrologer:Radiance","astrologer:TheLovers"],"picked":"SKIP","floor":21},{"not_picked":["astrologer:Eclipse","astrologer:MeteorShower","astrologer:FrozenStar"],"picked":"astrologer:Justice+1","floor":22},{"not_picked":["astrologer:Radiance","astrologer:FrozenStar","astrologer:Conjunction"],"picked":"astrologer:TheHierophant","floor":24},{"not_picked":["astrologer:Premeditation","astrologer:Radiance","astrologer:CometStrike"],"picked":"astrologer:ReadTheStars+1","floor":26},{"not_picked":["astrologer:TheEmpress","astrologer:TheWorld","astrologer:StarOfRegret","astrologer:NeutronStar"],"picked":"SKIP","floor":29},{"not_picked":["astrologer:CrystalBall","astrologer:CometStrike","astrologer:ReadTheStars","astrologer:Still"],"picked":"SKIP","floor":32},{"not_picked":["astrologer:ReadTheStars+1","astrologer:Still","astrologer:Conjunction"],"picked":"astrologer:CometStrike+1","floor":33},{"not_picked":["astrologer:MeteorShower","astrologer:SpaceDust","astrologer:FrozenStar"],"picked":"astrologer:StarOfCourage","floor":37},{"not_picked":["astrologer:Glimpse+1","astrologer:SolarFlare","astrologer:TheDevil+1","astrologer:ReadTheStars"],"picked":"SKIP","floor":38},{"not_picked":["astrologer:MeteorShower","astrologer:SpaceDust","astrologer:ReadTheStars+1","astrologer:Radiance"],"picked":"SKIP","floor":39},{"not_picked":["astrologer:TheDevil","astrologer:Radiance","astrologer:TheTower"],"picked":"astrologer:FadingStar+1","floor":44},{"not_picked":["astrologer:CometStrike","astrologer:Trine","astrologer:TheLovers","astrologer:TheDevil"],"picked":"SKIP","floor":46},{"not_picked":["astrologer:Stardust","astrologer:Still","astrologer:Divination"],"picked":"astrologer:SolarFlare","floor":48},{"not_picked":["astrologer:Still+1","astrologer:SpaceDust","astrologer:Stardust+1"],"picked":"astrologer:Moonlight+1","floor":49},{"not_picked":["astrologer:SpaceDust","astrologer:TheHermit","astrologer:TheDevil","astrologer:Moonlight"],"picked":"SKIP","floor":52},{"not_picked":["astrologer:Stardust","astrologer:ReadTheStars","astrologer:TheHierophant"],"picked":"astrologer:TheHermit","floor":58}],"player_experience":943783,"relics_obtained":[{"floor":1,"key":"Question Card"},{"floor":9,"key":"Bag of Marbles"},{"floor":13,"key":"AT_RedTearstoneRing"},{"floor":15,"key":"Replay:Bottled Flurry"},{"floor":26,"key":"GodSword1"},{"floor":28,"key":"AT_SunfireAegis"},{"floor":29,"key":"AT_Kusabimaru"},{"floor":33,"key":"SumBook"},{"floor":44,"key":"Mirror"},{"floor":46,"key":"Shovel"},{"floor":47,"key":"Oddly Smooth Stone"},{"floor":52,"key":"SnafuTest:CatRelic"},{"floor":54,"key":"DemoMod:MeltedRock"},{"floor":56,"key":"aspiration:FrozenJewel"},{"floor":58,"key":"AT_BellowingDragoncrestRing"}],"event_choices":[],"is_beta":false,"boss_relics":[{"not_picked":["Replay:Bronze Core","aspiration:WatcherSkillbook"],"picked":"BirthdayGift-Icosahedron"},{"not_picked":["FixedStarFall","Painkiller Herb"],"picked":"EE1DDrone"}],"items_purged_floors":[51,57],"is_endless":false,"potions_floor_spawned":[6,10,21,32,37,46,48,52,54,58],"ascension_level":13}}