{"host":"fo1pcjb7ykmk7tjo","time":1608554610,"event":{"mods":["BaseMod","Colored Map","Downfall","Hermit","Hubris","Infinite Spire","Marisa????????","Minty Spire (QoL Compilation)","Replay The Spire","StSLib","The Disciple","The Servant 0.9.4"],"gold_per_floor":[112,112,37,37,56,56,67,67,67,92,104,116,116,129,129,228,228,241,241,241,255,255,255,274,274,304,324,324,338,338,338,338,372,372,473,473,493,493,291,291,24,38,38,38],"floor_reached":43,"playtime":1596,"items_purged":["Voices","hermit:Adapt","hermit:Purgatory+1","hermit:Malice+1"],"score":506,"play_id":"c807d9fa-f13f-493c-a5e2-98c8f5aa0b01","local_time":"20201221134330","is_ascension_mode":false,"campfire_choices":[{"data":"hermit:Maintenance","floor":6.0,"key":"SMITH"},{"data":"hermit:TakeCover","floor":8.0,"key":"SMITH"},{"data":"hermit:Shortfuse","floor":13.0,"key":"SMITH"},{"data":"hermit:Gestalt","floor":15.0,"key":"SMITH"},{"data":"infinitespire:Gouge","floor":25.0,"key":"SMITH"},{"data":"ReplayTheSpireMod:Black Plague","floor":34,"key":"SMITH"}],"circlet_count":0,"master_deck":["hermit:Strike_Hermit","hermit:Strike_Hermit","hermit:Strike_Hermit","hermit:Strike_Hermit","hermit:Defend_Hermit","hermit:Defend_Hermit","hermit:Defend_Hermit","hermit:Defend_Hermit","hermit:Covet+1","hermit:Maintenance+1","hermit:TakeCover+1","hermit:Shortfuse+1","infinitespire:Gouge+1","hermit:Enervate+1","hermit:BodyArmor+1","ReplayTheSpireMod:Black Plague+1","hermit:SprayPray+1","hubris:NaturalOne"],"relics":["hermit:Momento","NeowsBlessing","ReplayTheSpireMod:Ring of Exchange","Ring of Fury","hubris:CuriousFeather","Busted Crown","CultistMask","Sozu","Happy Flower","Pantograph","Replay:Bottled Steam","hubris:BottledHeart","hubris:Icosahedron","hubris:Zylophone","Astrolabe","Membership Card","Medical Kit","Singing Bowl"],"acts_visited":["Exordium","TheCity","TheBeyond"],"potions_floor_usage":[35],"damage_taken":[{"damage":0.0,"enemies":"2 Louse","floor":1.0,"turns":1.0},{"damage":0.0,"enemies":"Small Slimes","floor":5.0,"turns":1.0},{"damage":0.0,"enemies":"Cultist","floor":7.0,"turns":1.0},{"damage":9.0,"enemies":"Exordium Thugs","floor":11.0,"turns":6.0},{"damage":7.0,"enemies":"Red Slaver","floor":12.0,"turns":5.0},{"damage":1.0,"enemies":"2 Fungi Beasts","floor":14.0,"turns":4.0},{"damage":2.0,"enemies":"The Guardian","floor":16.0,"turns":12.0},{"damage":7.0,"enemies":"Shell Parasite","floor":18.0,"turns":6.0},{"damage":0.0,"enemies":"3 Byrds","floor":21.0,"turns":7.0},{"damage":1.0,"enemies":"Centurion and Healer","floor":24.0,"turns":5.0},{"damage":2.0,"enemies":"Replay:Snechameleon","floor":26.0,"turns":5.0},{"damage":1.0,"enemies":"Chosen and Byrds","floor":27.0,"turns":6.0},{"damage":0.0,"enemies":"Shelled Parasite and Fungi","floor":29.0,"turns":4.0},{"damage":0,"enemies":"Slavers","floor":33,"turns":6},{"damage":0,"enemies":"Collector","floor":35,"turns":9},{"damage":0,"enemies":"3 Shapes","floor":37,"turns":4},{"damage":0,"enemies":"3 Darklings","floor":42,"turns":4},{"damage":10,"enemies":"Giant Head","floor":43,"turns":6}],"seed_played":"7415028006214743969","potions_obtained":[{"floor":7.0,"key":"hermit:Tonic"},{"floor":12.0,"key":"BlessingOfTheForge"},{"floor":14.0,"key":"LiquidMemories"},{"floor":18.0,"key":"EssenceOfSteel"}],"is_trial":false,"path_per_floor":["M","?","$","?","M","R","M","R","T","T","M","M","R","M","R","B",null,"M","?","AVR","M","PTL","PTL","M","R","E","M","T","M","?","?","?","E","R","B",null,"M","?","$","?","$","M","E"],"character_chosen":"HERMIT","items_purchased":["Membership Card","Medical Kit","Singing Bowl"],"campfire_rested":0,"item_purchase_floors":[39,41,41],"current_hp_per_floor":[75,75,75,75,75,75,75,75,75,75,66,59,59,58,58,56,75,68,68,68,68,68,68,67,67,65,64,64,64,1,1,1,1,1,1,1,1,1,1,1,1,1,0,0],"gold":38,"neow_bonus":"THREE_ENEMY_KILL","is_daily":false,"chose_seed":false,"campfire_upgraded":6,"win_rate":0.0,"timestamp":1608554610,"path_taken":["M","?","$","?","M","R","?","R","T","?","M","M","R","?","R","BOSS","M","?","AVR","M","PTL","PTL","?","R","E","M","T","M","?","?","?","E","R","BOSS","M","?","$","?","$","M","E"],"items_purchased_type":["Relic","Relic","Relic"],"build_version":"2020-12-13","purchased_purges":4,"victory":false,"max_hp_per_floor":[75,75,75,75,75,75,75,75,75,75,75,75,75,75,75,75,75,75,75,75,75,75,75,75,75,75,75,75,75,1,1,1,1,1,1,1,1,1,1,1,1,1,1,1],"card_choices":[{"not_picked":["hermit:LowProfile","hermit:GoldenBullet"],"picked":"hermit:Maintenance","floor":1.0},{"not_picked":["hermit:CalledShot","hermit:EyeOfTheStorm"],"picked":"hermit:Gestalt","floor":5.0},{"not_picked":["hermit:ItchyTrigger","hermit:Manifest"],"picked":"hermit:TakeCover","floor":7.0},{"not_picked":["hermit:Horror","hermit:Manifest"],"picked":"hermit:BodyArmor","floor":11.0},{"not_picked":["hermit:GoldenBullet","hermit:HighCaliber"],"picked":"hermit:Shortfuse","floor":12.0},{"not_picked":["hermit:Misfire","hermit:HoleUp","hermit:Vantage"],"picked":"SKIP","floor":14.0},{"not_picked":["hermit:RoundhouseKick","hermit:FinalCanter"],"picked":"hermit:Adapt","floor":16.0},{"not_picked":["hermit:Cheat+1"],"picked":"SKIP","floor":18.0},{"not_picked":[],"picked":"hermit:Enervate+1","floor":21.0},{"not_picked":["hermit:Coalescence"],"picked":"SKIP","floor":24.0},{"not_picked":[],"picked":"hermit:BodyArmor+1","floor":26.0},{"not_picked":["hermit:Headshot+1"],"picked":"SKIP","floor":27.0},{"not_picked":["hermit:ItchyTrigger+1"],"picked":"SKIP","floor":29.0},{"not_picked":["ReplayTheSpireMod:Book of Names","ReplayTheSpireMod:Chaos Vortex"],"picked":"ReplayTheSpireMod:Black Plague","floor":31.0},{"not_picked":["hermit:Quickdraw"],"picked":"SKIP","floor":33},{"not_picked":["hermit:Gestalt"],"picked":"SKIP","floor":37},{"not_picked":["hermit:WideOpen"],"picked":"Singing Bowl","floor":42}],"player_experience":170518,"relics_obtained":[{"floor":2.0,"key":"ReplayTheSpireMod:Ring of Exchange"},{"floor":2.0,"key":"Ring of Fury"},{"floor":9.0,"key":"hubris:CuriousFeather"},{"floor":26.0,"key":"Pantograph"},{"floor":28.0,"key":"Replay:Bottled Steam"},{"floor":33,"key":"hubris:Zylophone"}],"event_choices":[{"damage_healed":0.0,"max_hp_gain":0.0,"max_hp_loss":0.0,"gold_gain":0.0,"event_name":"WeMeetAgain","player_choice":"Ignored","floor":4.0,"gold_loss":0.0,"damage_taken":0.0},{"damage_healed":0.0,"max_hp_gain":0.0,"max_hp_loss":0.0,"gold_gain":0.0,"event_name":"FaceTrader","player_choice":"Trade","floor":19.0,"gold_loss":0.0,"damage_taken":0.0,"relics_obtained":["CultistMask"]},{"damage_healed":0,"gold_gain":0,"player_choice":"Max HP","damage_taken":0,"max_hp_gain":0,"max_hp_loss":0,"event_name":"Winding Halls","floor":38,"gold_loss":0}],"is_beta":false,"boss_relics":[{"not_picked":["Replay:Ancient Bell","Abe\u0027s Treasure"],"picked":"Busted Crown"},{"not_picked":["Sling","ClockworkSouvenir"],"picked":"Astrolabe"}],"items_purged_floors":[3,20,39,41],"is_endless":false,"potions_floor_spawned":[7,12,14,18,27,29,35,37],"killed_by":"Giant Head","ascension_level":0}}