{"host":"9q5mrbx0edvw6ayb","time":1608524937,"event":{"mods":["BaseMod","Googly Eyes","Minty Spire (QoL Compilation)","StSLib","Waifu the Spire"],"gold_per_floor":[114,189,114,133,233,264,278,278,358,370,370,42,60,75,75,179,179,192,209,209,209,226,256,270,100,182,182,193,193,225,225,225,321,321,334,334,347,357,357,357,386,386,386,412,430,445,445,445],"floor_reached":47,"playtime":5779,"items_purged":["Strike_B","Defend_B"],"score":552,"play_id":"a350755e-0ff9-479f-abf2-6843b38f71d2","local_time":"20201220232857","is_ascension_mode":false,"campfire_choices":[{"floor":8,"key":"REST"},{"data":"Hologram","floor":15,"key":"SMITH"},{"data":"Rainbow","floor":27,"key":"SMITH"},{"data":"Biased Cognition","floor":29,"key":"SMITH"},{"data":"Biased Cognition","floor":32,"key":"SMITH"},{"data":"Multi-Cast","floor":40,"key":"SMITH"},{"data":"Chill","floor":42,"key":"SMITH"}],"circlet_count":0,"master_deck":["Strike_B","Strike_B","Strike_B","Defend_B","Zap","Dualcast","Electrodynamics","Ball Lightning","Hologram+1","Multi-Cast+1","Conserve Battery","Auto Shields","Conserve Battery","Biased Cognition+1","Conserve Battery+1","Chill+1","Glacier","Sweeping Beam+1","Rip and Tear+1","Rainbow+1","Biased Cognition+1","Creative AI+1","Amplify","CurseOfTheBell","Coolheaded+1","Heatsinks+1","BootSequence+1","Storm+1"],"relics":["Cracked Core","Toy Ornithopter","White Beast Statue","FossilizedHelix","Ice Cream","Black Star","HornCleat","Nunchaku","Unceasing Top","Meat on the Bone","Frozen Egg 2","Pear","Calling Bell","Centennial Puzzle","Ornamental Fan","Du-Vu Doll","Incense Burner","Girya","Kunai","Letter Opener","Eternal Feather","Orichalcum"],"acts_visited":["Exordium","TheCity","TheBeyond"],"potions_floor_usage":[13,16,18,19,22,23,23,23,24,28,30,33,33,37,38,41,44,44,45,47,47],"damage_taken":[{"damage":3,"enemies":"Jaw Worm","floor":1,"turns":3},{"damage":0,"enemies":"Cultist","floor":4,"turns":2},{"damage":23,"enemies":"Lagavulin","floor":6,"turns":6},{"damage":0,"enemies":"Small Slimes","floor":7,"turns":3},{"damage":2,"enemies":"Blue Slaver","floor":10,"turns":3},{"damage":0,"enemies":"Exordium Wildlife","floor":13,"turns":3},{"damage":0,"enemies":"Red Slaver","floor":14,"turns":4},{"damage":5,"enemies":"The Guardian","floor":16,"turns":14},{"damage":0,"enemies":"Spheric Guardian","floor":18,"turns":3},{"damage":0,"enemies":"2 Thieves","floor":19,"turns":3},{"damage":2,"enemies":"Centurion and Healer","floor":22,"turns":10},{"damage":77,"enemies":"Book of Stabbing","floor":23,"turns":10},{"damage":0,"enemies":"3 Cultists","floor":24,"turns":4},{"damage":0,"enemies":"Chosen and Byrds","floor":28,"turns":4},{"damage":0,"enemies":"Slavers","floor":30,"turns":4},{"damage":14,"enemies":"Automaton","floor":33,"turns":8},{"damage":0,"enemies":"Orb Walker","floor":35,"turns":4},{"damage":13,"enemies":"3 Darklings","floor":37,"turns":4},{"damage":8,"enemies":"Spire Growth","floor":38,"turns":6},{"damage":39,"enemies":"Nemesis","floor":41,"turns":9},{"damage":39,"enemies":"Reptomancer","floor":44,"turns":5},{"damage":0,"enemies":"Sphere and 2 Shapes","floor":45,"turns":4},{"damage":8,"enemies":"Maw","floor":46,"turns":9},{"damage":70,"enemies":"Giant Head","floor":47,"turns":9}],"seed_played":"-8882100501041974124","potions_obtained":[{"floor":1,"key":"SpeedPotion"},{"floor":6,"key":"FairyPotion"},{"floor":10,"key":"Strength Potion"},{"floor":13,"key":"Dexterity Potion"},{"floor":14,"key":"EssenceOfDarkness"},{"floor":16,"key":"EntropicBrew"},{"floor":18,"key":"ColorlessPotion"},{"floor":19,"key":"LiquidMemories"},{"floor":22,"key":"Block Potion"},{"floor":23,"key":"FearPotion"},{"floor":24,"key":"Weak Potion"},{"floor":28,"key":"ColorlessPotion"},{"floor":30,"key":"SneckoOil"},{"floor":31,"key":"ColorlessPotion"},{"floor":33,"key":"EssenceOfDarkness"},{"floor":35,"key":"FearPotion"},{"floor":37,"key":"EssenceOfSteel"},{"floor":38,"key":"Block Potion"},{"floor":41,"key":"Dexterity Potion"},{"floor":44,"key":"Explosive Potion"},{"floor":45,"key":"SteroidPotion"},{"floor":46,"key":"Dexterity Potion"}],"is_trial":false,"path_per_floor":["M","?","$","M","?","E","M","R","T","M","T","$","M","M","R","B",null,"M","M","?","?","M","E","M","$","T","R","M","R","E","?","R","B",null,"M","T","M","M","?","R","E","R","T","E","M","M","E"],"character_chosen":"DEFECT","items_purchased":["Ice Cream","Conserve Battery","Rainbow"],"campfire_rested":1,"item_purchase_floors":[12,12,25],"current_hp_per_floor":[51,44,44,44,44,21,21,43,43,41,41,41,46,46,46,46,75,75,75,75,75,73,32,37,37,37,37,42,42,57,57,57,53,85,85,85,72,69,69,69,47,47,47,30,47,51,0,0],"gold":445,"neow_bonus":"THREE_RARE_CARDS","is_daily":false,"chose_seed":false,"campfire_upgraded":6,"win_rate":0.0,"timestamp":1608524937,"path_taken":["M","?","$","?","?","E","M","R","T","?","?","$","M","M","R","BOSS","M","?","?","?","M","E","M","?","T","R","?","R","E","?","R","BOSS","M","?","M","M","?","R","E","R","T","E","?","M","E"],"items_purchased_type":["Relic","Card","Card"],"build_version":"2020-12-13","purchased_purges":2,"victory":false,"max_hp_per_floor":[75,75,75,75,75,75,75,75,75,75,75,75,75,75,75,75,75,75,75,75,75,75,75,75,75,75,75,75,75,85,85,85,85,85,85,85,85,85,85,85,85,85,85,85,85,85,85,85],"card_choices":[{"not_picked":["Seek","Buffer"],"picked":"Electrodynamics","floor":0},{"not_picked":["Chaos","Leap"],"picked":"Ball Lightning","floor":1},{"not_picked":["Hello World","Stack"],"picked":"Hologram","floor":4},{"not_picked":["FTL","Consume"],"picked":"Multi-Cast","floor":6},{"not_picked":["Coolheaded","Leap"],"picked":"Conserve Battery","floor":7},{"not_picked":["Aggregate","Gash"],"picked":"Auto Shields","floor":10},{"not_picked":["Barrage","Go for the Eyes","Stack"],"picked":"SKIP","floor":13},{"not_picked":["Steam","Redo","Barrage"],"picked":"SKIP","floor":14},{"not_picked":["Amplify","All For One"],"picked":"Biased Cognition","floor":16},{"not_picked":["Compile Driver","Gash"],"picked":"Conserve Battery+1","floor":18},{"not_picked":["Steam+1","Streamline+1","Cold Snap"],"picked":"SKIP","floor":19},{"not_picked":["Chill+1","Conserve Battery+1"],"picked":"Sweeping Beam+1","floor":22},{"not_picked":["Hello World","Redo+1"],"picked":"Rip and Tear+1","floor":23},{"not_picked":["Cold Snap","Gash","Go for the Eyes"],"picked":"SKIP","floor":24},{"not_picked":["Darkness","Redo"],"picked":"Biased Cognition","floor":28},{"not_picked":["Leap","Storm+1"],"picked":"Creative AI+1","floor":30},{"not_picked":["Multi-Cast","All For One"],"picked":"Amplify","floor":33},{"not_picked":["Reinforced Body","Sweeping Beam","Gash"],"picked":"SKIP","floor":35},{"not_picked":["Streamline+1","Ball Lightning"],"picked":"Coolheaded+1","floor":37},{"not_picked":["Ball Lightning+1","Compile Driver+1"],"picked":"Heatsinks+1","floor":38},{"not_picked":["Go for the Eyes+1","Compile Driver","Doom and Gloom+1"],"picked":"SKIP","floor":41},{"not_picked":["Gash","Fission"],"picked":"BootSequence+1","floor":44},{"not_picked":["Hologram+1","Doom and Gloom+1"],"picked":"Storm+1","floor":45},{"not_picked":["Hologram","Sweeping Beam+1","Compile Driver"],"picked":"SKIP","floor":46}],"player_experience":18234,"relics_obtained":[{"floor":6,"key":"Toy Ornithopter"},{"floor":9,"key":"White Beast Statue"},{"floor":11,"key":"FossilizedHelix"},{"floor":23,"key":"Nunchaku"},{"floor":23,"key":"Unceasing Top"},{"floor":26,"key":"Meat on the Bone"},{"floor":30,"key":"Frozen Egg 2"},{"floor":30,"key":"Pear"},{"floor":34,"key":"Centennial Puzzle"},{"floor":34,"key":"Ornamental Fan"},{"floor":34,"key":"Du-Vu Doll"},{"floor":36,"key":"Incense Burner"},{"floor":41,"key":"Girya"},{"floor":41,"key":"Kunai"},{"floor":43,"key":"Letter Opener"},{"floor":44,"key":"Eternal Feather"},{"floor":44,"key":"Orichalcum"}],"event_choices":[{"damage_healed":0,"gold_gain":75,"player_choice":"Touch","damage_taken":7,"max_hp_gain":0,"max_hp_loss":0,"event_name":"FaceTrader","floor":2,"gold_loss":0},{"damage_healed":0,"gold_gain":100,"player_choice":"Pray","damage_taken":0,"max_hp_gain":0,"max_hp_loss":0,"event_name":"Golden Shrine","floor":5,"gold_loss":0},{"damage_healed":0,"gold_gain":0,"cards_transformed":["Defend_B","Defend_B"],"player_choice":"Became Test Subject","damage_taken":0,"max_hp_gain":0,"max_hp_loss":0,"event_name":"Drug Dealer","floor":20,"gold_loss":0,"cards_obtained":["Chill","Glacier"]},{"damage_healed":0,"gold_gain":0,"player_choice":"Opened","damage_taken":0,"relics_obtained":["HornCleat"],"max_hp_gain":0,"max_hp_loss":0,"event_name":"The Mausoleum","floor":21,"gold_loss":0},{"damage_healed":0,"gold_gain":0,"player_choice":"Got Potions","damage_taken":0,"max_hp_gain":0,"max_hp_loss":0,"event_name":"Lab","floor":31,"gold_loss":0},{"damage_healed":0,"gold_gain":0,"player_choice":"Ignored","damage_taken":0,"max_hp_gain":0,"max_hp_loss":0,"event_name":"NoteForYourself","floor":39,"gold_loss":0}],"is_beta":false,"boss_relics":[{"not_picked":["Philosopher\u0027s Stone","Busted Crown"],"picked":"Black Star"},{"not_picked":["FrozenCore","Runic Pyramid"],"picked":"Calling Bell"}],"items_purged_floors":[3,25],"is_endless":false,"potions_floor_spawned":[1,6,10,13,14,16,18,19,22,23,24,28,30,33,35,37,38,41,44,45,46],"killed_by":"Giant Head","ascension_level":0}}