{"host":"ormi09wwzv7sq47a","time":1608582465,"event":{"mods":["2.2 Compatiblity","AchievementEnabler","Act Like it!","BaseMod","Bestiary","Better Note","Better Sensory Stone","Better Skull","Better Vampires","Colored Map","Colored Powertips","Curses Come First","DeckTracker","Downfall","Highlight Path","Minty Spire (QoL Compilation)","Permanent Neow","Quick Restart","Rare Cards Sparkle","Relic Stats","Shop Mod","StSLib","The Jungle"],"gold_per_floor":[111,111,91,16,35,64,64,83,83,83,83,118,68,68,68,68],"floor_reached":14,"playtime":478,"items_purged":["Slimebound:Strike_Slimebound"],"score":134,"play_id":"a567f0b5-5410-4ab7-9982-0e43c9104caa","local_time":"20201221182745","is_ascension_mode":true,"campfire_choices":[{"data":"Slimebound:DuplicatedForm","floor":7,"key":"SMITH"},{"data":"Slimebound:FirmFortitude","floor":13,"key":"SMITH"}],"circlet_count":0,"master_deck":["Slimebound:Strike_Slimebound","Slimebound:Tackle","Slimebound:Defend_Slimebound","Slimebound:Defend_Slimebound","Slimebound:Defend_Slimebound","Slimebound:Defend_Slimebound","Slimebound:Split","Slimebound:CorrosiveSpit","Slimebound:FirmFortitude+1","Slimebound:DuplicatedForm+1","Slimebound:Prepare","Slimebound:DisruptingSlam","Slimebound:ViciousTackle"],"relics":["Slimebound:AbsorbEndCombat","Anchor","Slimebound:MaxSlimesRelic","Gambling Chip","Slimebound:GreedOozeRelic","Bottled Tornado"],"acts_visited":["Exordium"],"potions_floor_usage":[6,6,12],"damage_taken":[{"damage":5,"enemies":"Cultist","floor":1,"turns":4},{"damage":0,"enemies":"2 Louse","floor":5,"turns":3},{"damage":14,"enemies":"3 Sentries","floor":6,"turns":5},{"damage":5,"enemies":"Small Slimes","floor":8,"turns":3},{"damage":43,"enemies":"Gremlin Nob","floor":12,"turns":5},{"damage":37,"enemies":"Lagavulin","floor":14,"turns":4}],"seed_played":"6808121185015241114","potions_obtained":[{"floor":3,"key":"EssenceOfSteel"},{"floor":5,"key":"sneckomod:MuddlingPotion"},{"floor":6,"key":"Ancient Potion"},{"floor":8,"key":"SkillPotion"}],"is_trial":false,"path_per_floor":["M","?","?","$","M","E","R","M","T","?","?","E","R","E"],"character_chosen":"SLIMEBOUND","items_purchased":[],"campfire_rested":0,"item_purchase_floors":[],"current_hp_per_floor":[57,50,50,50,58,50,50,53,53,53,53,33,33,0,0,0],"gold":68,"neow_bonus":"RANDOM_COMMON_RELIC","is_daily":false,"chose_seed":false,"campfire_upgraded":2,"win_rate":0.0,"timestamp":1608582465,"path_taken":["M","?","?","$","?","E","R","M","T","?","?","E","R","E"],"items_purchased_type":[],"build_version":"2020-12-13","purchased_purges":1,"victory":false,"max_hp_per_floor":[60,60,60,60,60,60,60,60,60,60,60,60,60,60,60,60],"relic_stats":{"counters":[6,23],"Gambling Chip":[0],"obtain_stats":[{"Slimebound:GreedOozeRelic":11,"Anchor":0,"Slimebound:MaxSlimesRelic":6,"Gambling Chip":9,"Slimebound:AbsorbEndCombat":0,"Bottled Tornado":12},{"Slimebound:GreedOozeRelic":4,"Anchor":0,"Slimebound:MaxSlimesRelic":3,"Gambling Chip":4,"Slimebound:AbsorbEndCombat":0,"Bottled Tornado":5},{"Slimebound:GreedOozeRelic":15,"Anchor":0,"Slimebound:MaxSlimesRelic":12,"Gambling Chip":15,"Slimebound:AbsorbEndCombat":0,"Bottled Tornado":19}]},"card_choices":[{"not_picked":["Slimebound:SplitLeeching","Slimebound:ComboTackle"],"picked":"Slimebound:FirmFortitude","floor":1},{"not_picked":["Slimebound:PressTheAttack","Slimebound:Dissolve"],"picked":"Slimebound:DuplicatedForm","floor":5},{"not_picked":["Slimebound:PressTheAttack","Slimebound:LeechingTouch"],"picked":"Slimebound:Prepare","floor":6},{"not_picked":["Slimebound:SplitMire","Slimebound:SplitLeeching"],"picked":"Slimebound:DisruptingSlam","floor":8},{"not_picked":["Slimebound:GoopSpray","Slimebound:GrowthPunch"],"picked":"Slimebound:ViciousTackle","floor":12}],"player_experience":712297,"relics_obtained":[{"floor":6,"key":"Slimebound:MaxSlimesRelic"},{"floor":9,"key":"Gambling Chip"},{"floor":12,"key":"Bottled Tornado"}],"event_choices":[{"cards_removed":["Slimebound:Strike_Slimebound"],"damage_healed":0,"gold_gain":0,"player_choice":"Card Removal","damage_taken":7,"max_hp_gain":0,"max_hp_loss":0,"event_name":"Golden Wing","floor":2,"gold_loss":0},{"damage_healed":0,"gold_gain":0,"player_choice":"Bought 1 Potion","damage_taken":0,"max_hp_gain":0,"max_hp_loss":0,"event_name":"The Woman in Blue","floor":3,"gold_loss":0},{"damage_healed":0,"gold_gain":0,"player_choice":"Ignored","damage_taken":0,"max_hp_gain":0,"max_hp_loss":0,"event_name":"Liars Game","floor":10,"gold_loss":0}],"is_beta":false,"boss_relics":[],"items_purged_floors":[4],"is_endless":false,"potions_floor_spawned":[5,6,8],"killed_by":"Lagavulin","ascension_level":8}}