{"host":"1tkoe3l8wf0xx8if","time":1608573517,"event":{"mods":["AchievementEnabler","BaseMod","Colored Map","Minty Spire (QoL Compilation)","Quick Restart","StSLib","SuperFastMode"],"gold_per_floor":[15,29,47,58,133,133,159,176,176,176,190,217,217,217,217,316,316,334,316,316,316],"floor_reached":20,"playtime":858,"items_purged":[],"score":270,"play_id":"8bcb283c-c00c-46d7-8283-caa0733aa1f5","local_time":"20201222025837","is_ascension_mode":true,"campfire_choices":[{"data":"Neutralize","floor":6.0,"key":"SMITH"},{"data":"Dash","floor":13.0,"key":"SMITH"},{"data":"Terror","floor":15.0,"key":"SMITH"}],"circlet_count":0,"master_deck":["Strike_G","Strike_G","Strike_G","Strike_G","Defend_G","Defend_G","Defend_G","Defend_G","Defend_G","Survivor","Neutralize+1","Well Laid Plans","Dash+1","Escape Plan","Dagger Spray","Deadly Poison","Terror+1","PiercingWail","Leg Sweep","Prepared","Wraith Form v2","Blur","Heel Hook"],"relics":["Ring of the Snake","Ice Cream","Omamori","Prayer Wheel","Tingsha","Coffee Dripper"],"acts_visited":["Exordium","TheCity"],"potions_floor_usage":[16,20],"damage_taken":[{"damage":2.0,"enemies":"Jaw Worm","floor":1.0,"turns":5.0},{"damage":6.0,"enemies":"Small Slimes","floor":2.0,"turns":4.0},{"damage":0.0,"enemies":"2 Louse","floor":3.0,"turns":3.0},{"damage":2.0,"enemies":"2 Fungi Beasts","floor":4.0,"turns":4.0},{"damage":27.0,"enemies":"3 Sentries","floor":7.0,"turns":9.0},{"damage":4.0,"enemies":"Blue Slaver","floor":8.0,"turns":4.0},{"damage":0.0,"enemies":"Looter","floor":11.0,"turns":2.0},{"damage":3.0,"enemies":"Gremlin Nob","floor":12.0,"turns":4.0},{"damage":30,"enemies":"Slime Boss","floor":16,"turns":10},{"damage":17,"enemies":"Spheric Guardian","floor":18,"turns":6},{"damage":3,"enemies":"2 Thieves","floor":19,"turns":4},{"damage":48,"enemies":"Masked Bandits","floor":20,"turns":3}],"seed_played":"3915347361550332722","potions_obtained":[{"floor":1.0,"key":"Regen Potion"},{"floor":4.0,"key":"SneckoOil"},{"floor":8.0,"key":"SkillPotion"},{"floor":11.0,"key":"SneckoOil"},{"floor":18,"key":"SpeedPotion"}],"is_trial":false,"path_per_floor":["M","M","M","M","?","R","E","M","T","?","M","E","R","?","R","B",null,"M","M","?"],"character_chosen":"THE_SILENT","items_purchased":[],"campfire_rested":0,"item_purchase_floors":[],"current_hp_per_floor":[61,55,55,53,42,42,30,26,26,26,26,23,23,40,40,10,55,38,35,0,0],"gold":316,"neow_bonus":"ONE_RARE_RELIC","is_daily":false,"chose_seed":false,"campfire_upgraded":3,"win_rate":0.0,"timestamp":1608573517,"path_taken":["M","M","M","M","?","R","E","M","T","?","M","E","R","?","R","BOSS","M","M","?"],"items_purchased_type":[],"build_version":"2020-12-13","purchased_purges":0,"victory":false,"max_hp_per_floor":[70,70,70,70,70,70,70,70,70,70,70,70,70,70,70,70,70,70,70,70,70],"card_choices":[{"not_picked":["Sucker Punch","Deflect"],"picked":"Well Laid Plans","floor":1.0},{"not_picked":["Infinite Blades","Backflip"],"picked":"Dash","floor":2.0},{"not_picked":["Skewer","Underhanded Strike"],"picked":"Escape Plan","floor":3.0},{"not_picked":["Accuracy","Heel Hook"],"picked":"Dagger Spray","floor":4.0},{"not_picked":["Setup","Distraction"],"picked":"Deadly Poison","floor":7.0},{"not_picked":["Predator","Backflip"],"picked":"Terror","floor":8.0},{"not_picked":["Underhanded Strike","Bane"],"picked":"Leg Sweep","floor":11.0},{"not_picked":["Night Terror","Deadly Poison","Calculated Gamble"],"picked":"SKIP","floor":11.0},{"not_picked":["Cloak And Dagger","Bane"],"picked":"Prepared","floor":12.0},{"not_picked":["Unload","Tools of the Trade"],"picked":"Wraith Form v2","floor":16},{"not_picked":["PiercingWail","Expertise"],"picked":"Blur","floor":18},{"not_picked":["Predator","Calculated Gamble+1","Dodge and Roll"],"picked":"SKIP","floor":18},{"not_picked":["Poisoned Stab","Concentrate"],"picked":"Heel Hook","floor":19},{"not_picked":["PiercingWail","Leg Sweep","Accuracy"],"picked":"SKIP","floor":19}],"player_experience":299077,"relics_obtained":[{"floor":7.0,"key":"Omamori"},{"floor":9.0,"key":"Prayer Wheel"},{"floor":12.0,"key":"Tingsha"}],"event_choices":[{"damage_healed":0.0,"max_hp_gain":0.0,"max_hp_loss":0.0,"gold_gain":75.0,"event_name":"World of Goop","player_choice":"Gather Gold","floor":5.0,"gold_loss":0.0,"damage_taken":11.0},{"damage_healed":0.0,"max_hp_gain":0.0,"max_hp_loss":0.0,"gold_gain":0.0,"cards_transformed":["Strike_G"],"event_name":"Living Wall","player_choice":"Change","floor":10.0,"gold_loss":0.0,"damage_taken":0.0,"cards_obtained":["PiercingWail"]},{"damage_healed":17.0,"max_hp_gain":0.0,"max_hp_loss":0.0,"gold_gain":0.0,"event_name":"Mushrooms","player_choice":"Healed and dodged fight","floor":14.0,"gold_loss":0.0,"damage_taken":0.0,"cards_obtained":["Parasite"]},{"damage_healed":0,"gold_gain":0,"player_choice":"Fought Bandits","damage_taken":0,"max_hp_gain":0,"max_hp_loss":0,"event_name":"Masked Bandits","floor":20,"gold_loss":0}],"is_beta":false,"boss_relics":[{"not_picked":["Velvet Choker","Empty Cage"],"picked":"Coffee Dripper"}],"items_purged_floors":[],"is_endless":false,"potions_floor_spawned":[1,4,8,11,18],"killed_by":"Masked Bandits","ascension_level":9}}