{"host":"vyt5ne9ydo1z9gg1","time":1608538987,"event":{"mods":["BaseMod","Curses Come First","DeckTracker","GifTheSpireLib","Minty Spire (QoL Compilation)","StSLib"],"gold_per_floor":[112,112,127,137,155,155,181,181,181,197,208,221,221,221,221,341,341,362,378,378,398,20,20,53,76,76,76,95,119,119,163,163,288,288,304,324,344,57,57,57,76,97,97,97,197,222,222,241,241,241,241],"floor_reached":50,"playtime":2541,"items_purged":["Writhe","Strike_G"],"score":641,"play_id":"5c087a5e-7019-4c6c-975c-0933de3c998f","local_time":"20201221192307","is_ascension_mode":true,"campfire_choices":[{"floor":6.0,"key":"REST"},{"floor":8.0,"key":"REST"},{"floor":15.0,"key":"REST"},{"data":"After Image","floor":23,"key":"SMITH"},{"data":"Footwork","floor":27,"key":"SMITH"},{"data":"Survivor","floor":30,"key":"SMITH"},{"data":"Blade Dance","floor":32,"key":"SMITH"},{"data":"PiercingWail","floor":40,"key":"SMITH"},{"data":"Backflip","floor":44,"key":"SMITH"},{"data":"Neutralize","floor":47,"key":"SMITH"},{"data":"Sucker Punch","floor":49,"key":"SMITH"}],"circlet_count":0,"master_deck":["Strike_G","Strike_G","Strike_G","Strike_G","Defend_G","Defend_G","Defend_G","Defend_G","Defend_G","Survivor+1","Neutralize+1","All Out Attack","Infinite Blades","Blade Dance+1","Infinite Blades","Footwork+1","Sucker Punch+1","After Image+1","Heel Hook","PiercingWail+1","Finisher+1","Choke+1","Blade Dance","Dash+1","Glass Knife+1","Footwork+1","Blur+1","Quick Slash+1","Writhe","Backflip+1","Blur+1","Dash+1"],"relics":["Ring of the Snake","Bag of Marbles","Question Card","Ginger","Golden Idol","Sozu","Calipers","Nunchaku","Lee\u0027s Waffle","Lizard Tail","Mercury Hourglass","Molten Egg 2","Coffee Dripper","Membership Card","Pen Nib","Toxic Egg 2"],"acts_visited":["Exordium","TheCity","TheBeyond"],"potions_floor_usage":[21],"damage_taken":[{"damage":0.0,"enemies":"Small Slimes","floor":1.0,"turns":4.0},{"damage":16.0,"enemies":"Jaw Worm","floor":3.0,"turns":6.0},{"damage":0.0,"enemies":"2 Louse","floor":4.0,"turns":2.0},{"damage":18.0,"enemies":"Exordium Wildlife","floor":5.0,"turns":5.0},{"damage":36.0,"enemies":"Gremlin Nob","floor":7.0,"turns":4.0},{"damage":3.0,"enemies":"Blue Slaver","floor":10.0,"turns":4.0},{"damage":0.0,"enemies":"Large Slime","floor":11.0,"turns":5.0},{"damage":7.0,"enemies":"Red Slaver","floor":12.0,"turns":5.0},{"damage":18.0,"enemies":"Slime Boss","floor":16.0,"turns":7.0},{"damage":2,"enemies":"Chosen","floor":18,"turns":5},{"damage":17,"enemies":"Spheric Guardian","floor":19,"turns":5},{"damage":9,"enemies":"Snecko","floor":21,"turns":7},{"damage":14,"enemies":"Book of Stabbing","floor":24,"turns":5},{"damage":5,"enemies":"Centurion and Healer","floor":25,"turns":6},{"damage":0,"enemies":"Chosen and Byrds","floor":28,"turns":5},{"damage":0,"enemies":"Gremlin Leader","floor":31,"turns":5},{"damage":46,"enemies":"Champ","floor":33,"turns":12},{"damage":0,"enemies":"Orb Walker","floor":35,"turns":2},{"damage":26,"enemies":"3 Shapes","floor":36,"turns":4},{"damage":28,"enemies":"Spire Growth","floor":37,"turns":4},{"damage":19,"enemies":"Maw","floor":41,"turns":6},{"damage":6,"enemies":"Sphere and 2 Shapes","floor":42,"turns":6},{"damage":5,"enemies":"Jaw Worm Horde","floor":46,"turns":5},{"damage":0,"enemies":"Maw","floor":48,"turns":7},{"damage":54,"enemies":"Time Eater","floor":50,"turns":9}],"seed_played":"-8245460650117361742","potions_obtained":[{"floor":3.0,"key":"Swift Potion"},{"floor":10.0,"key":"CunningPotion"},{"floor":11.0,"key":"Strength Potion"},{"floor":12.0,"key":"Block Potion"},{"floor":16.0,"key":"SteroidPotion"}],"is_trial":false,"path_per_floor":["M","?","M","M","M","R","E","R","T","M","M","M","?","?","R","B",null,"M","M","?","M","$","R","E","M","T","R","M","T","R","E","R","B",null,"M","M","M","$","?","R","M","M","T","R","?","M","R","M","R","B"],"character_chosen":"THE_SILENT","items_purchased":["Nunchaku","Lee\u0027s Waffle","Membership Card","Pen Nib","Quick Slash+1"],"campfire_rested":3,"item_purchase_floors":[22,22,38,38,38],"current_hp_per_floor":[77,82,66,66,48,72,36,60,60,57,57,50,43,43,65,47,69,67,50,50,41,83,83,69,64,64,64,64,64,64,64,64,18,67,67,41,13,13,34,34,15,9,9,9,9,4,4,4,4,0,0],"gold":241,"neow_bonus":"TEN_PERCENT_HP_BONUS","is_daily":false,"chose_seed":false,"campfire_upgraded":8,"win_rate":0.0,"timestamp":1608538987,"path_taken":["M","?","M","M","M","R","E","R","T","M","M","M","?","?","R","BOSS","M","M","?","M","$","R","E","M","T","R","M","?","R","E","R","BOSS","M","M","M","$","?","R","M","M","T","R","?","M","R","M","R","BOSS"],"items_purchased_type":["Relic","Relic","Relic","Relic","Card"],"build_version":"2020-12-13","purchased_purges":2,"victory":false,"max_hp_per_floor":[77,82,82,82,82,82,82,82,82,82,82,82,82,76,76,76,76,76,76,76,76,83,83,83,83,83,83,83,83,83,83,83,83,83,83,83,83,83,83,83,83,83,83,83,83,83,83,83,83,83,83],"card_choices":[{"not_picked":["Deflect","Quick Slash"],"picked":"All Out Attack","floor":1.0},{"not_picked":["Dagger Spray","Cloak And Dagger","Deflect"],"picked":"SKIP","floor":3.0},{"not_picked":["Backflip","Sucker Punch"],"picked":"Infinite Blades","floor":4.0},{"not_picked":["Bane","Deadly Poison"],"picked":"Blade Dance","floor":5.0},{"not_picked":["Phantasmal Killer","Cloak And Dagger"],"picked":"Infinite Blades","floor":7.0},{"not_picked":["Concentrate","Well Laid Plans","Setup"],"picked":"Footwork","floor":10.0},{"not_picked":["Dodge and Roll","Skewer","Underhanded Strike","Bouncing Flask"],"picked":"SKIP","floor":11.0},{"not_picked":["Heel Hook","Deflect","Dagger Spray"],"picked":"Sucker Punch","floor":12.0},{"not_picked":["Bullet Time","Phantasmal Killer","Wraith Form v2"],"picked":"After Image","floor":16.0},{"not_picked":["Deflect+1","Sucker Punch","Poisoned Stab"],"picked":"Heel Hook","floor":18},{"not_picked":["Escape Plan","Quick Slash","Poisoned Stab+1"],"picked":"PiercingWail","floor":19},{"not_picked":["Underhanded Strike","Cloak And Dagger","All Out Attack"],"picked":"Finisher+1","floor":21},{"not_picked":["Quick Slash","Predator","Bouncing Flask"],"picked":"Choke+1","floor":24},{"not_picked":["Predator","Dash+1","Quick Slash","Acrobatics"],"picked":"SKIP","floor":25},{"not_picked":["Backflip","All Out Attack+1","Unload"],"picked":"Blade Dance","floor":28},{"not_picked":["Dodge and Roll","Backflip","Cloak And Dagger"],"picked":"Dash+1","floor":31},{"not_picked":["Tools of the Trade","Night Terror","Phantasmal Killer"],"picked":"Glass Knife+1","floor":33},{"not_picked":["Bouncing Flask+1","Deadly Poison+1","Eviscerate+1","Tactician+1"],"picked":"SKIP","floor":35},{"not_picked":["Bouncing Flask","Riddle With Holes+1","Sucker Punch+1"],"picked":"Footwork+1","floor":36},{"not_picked":["Poisoned Stab+1","Masterful Stab+1","Slice+1"],"picked":"Blur+1","floor":37},{"not_picked":["Sucker Punch+1","Flechettes+1","Flying Knee+1","Deflect"],"picked":"SKIP","floor":41},{"not_picked":["Venomology","Underhanded Strike+1","Catalyst+1"],"picked":"Backflip","floor":42},{"not_picked":["Dagger Throw+1","Deadly Poison+1","Setup+1"],"picked":"Blur+1","floor":46},{"not_picked":["Footwork+1","Backstab+1","Flechettes+1"],"picked":"Dash+1","floor":48}],"player_experience":98676,"relics_obtained":[{"floor":7.0,"key":"Bag of Marbles"},{"floor":9.0,"key":"Question Card"},{"floor":24,"key":"Lizard Tail"},{"floor":26,"key":"Mercury Hourglass"},{"floor":31,"key":"Molten Egg 2"},{"floor":43,"key":"Toxic Egg 2"}],"event_choices":[{"damage_healed":0.0,"max_hp_gain":5.0,"max_hp_loss":0.0,"gold_gain":0.0,"event_name":"Big Fish","player_choice":"Donut","floor":2.0,"gold_loss":0.0,"damage_taken":0.0},{"damage_healed":0.0,"max_hp_gain":0.0,"max_hp_loss":0.0,"gold_gain":0.0,"event_name":"Scrap Ooze","player_choice":"Success","floor":13.0,"gold_loss":0.0,"damage_taken":7.0,"relics_obtained":["Ginger"]},{"damage_healed":0.0,"max_hp_gain":0.0,"max_hp_loss":6.0,"gold_gain":0.0,"event_name":"Golden Idol","player_choice":"Lose Max HP","floor":14.0,"gold_loss":0.0,"damage_taken":0.0,"relics_obtained":["Golden Idol"]},{"damage_healed":0,"gold_gain":0,"player_choice":"Opened","damage_taken":0,"relics_obtained":["Calipers"],"max_hp_gain":0,"max_hp_loss":0,"event_name":"The Mausoleum","floor":20,"gold_loss":0,"cards_obtained":["Writhe"]},{"damage_healed":21,"gold_gain":0,"player_choice":"Writhe","damage_taken":0,"max_hp_gain":0,"max_hp_loss":0,"event_name":"Winding Halls","floor":39,"gold_loss":0,"cards_obtained":["Writhe"]},{"damage_healed":0,"gold_gain":100,"player_choice":"Pray","damage_taken":0,"max_hp_gain":0,"max_hp_loss":0,"event_name":"Golden Shrine","floor":45,"gold_loss":0}],"is_beta":false,"boss_relics":[{"not_picked":["Fusion Hammer","Ectoplasm"],"picked":"Sozu"},{"not_picked":["Runic Dome","Snecko Eye"],"picked":"Coffee Dripper"}],"items_purged_floors":[22,38],"is_endless":false,"potions_floor_spawned":[3,10,11,12,16,21,24,25,31,36,42],"killed_by":"Time Eater","ascension_level":5}}