{"host":"byu8oejwd0fdcxn8","time":1608569404,"event":{"mods":["Act Like it!","Arknights The Spire","BaseMod","Colored Map","Minty Spire (QoL Compilation)","StSLib"],"gold_per_floor":[367,386,561,636,654,654,674,674,699,699,727,692,702,190,190,190,190],"floor_reached":16,"playtime":446,"items_purged":[],"score":100,"play_id":"c453606d-c5aa-43f0-9e64-de1cb72901a4","local_time":"20201222015004","is_ascension_mode":false,"campfire_choices":[{"data":"ats:True Silver Slash","floor":15,"key":"SMITH"}],"circlet_count":0,"master_deck":["ats:Powerful Strike","ats:Powerful Strike","ats:Powerful Strike","ats:Armor Crushing Shot","ats:Defend Up","ats:Defend Up","ats:Defend Up","ats:Defend Up","ats:Emotion Absorption","ats:Emotion Absorption","ats:Very Hot Blade","ats:True Silver Slash+1","Doubt","ats:Consecutive Shot: Auto","ats:Charging Defense","ats:Attack Strengthen","ats:Flexible Camouflage","ats:Overload","ats:Neurotoxin"],"relics":["ats:Sanity","ats:Originium","ats:Originium","ats:Hidden Killer","ats:Originium","Akabeko","ats:Support","White Beast Statue"],"acts_visited":["Exordium"],"potions_floor_usage":[11,16],"damage_taken":[{"damage":1,"enemies":"Jaw Worm","floor":1,"turns":4},{"damage":1,"enemies":"2 Louse","floor":2,"turns":2},{"damage":12,"enemies":"Small Slimes","floor":5,"turns":4},{"damage":11,"enemies":"Exordium Wildlife","floor":7,"turns":5},{"damage":29,"enemies":"Lagavulin","floor":11,"turns":9},{"damage":2,"enemies":"2 Fungi Beasts","floor":13,"turns":2},{"damage":29,"enemies":"Hexaghost","floor":16,"turns":7}],"seed_played":"6813890953744317689","potions_obtained":[{"floor":1,"key":"Regen Potion"},{"floor":13,"key":"AttackPotion"}],"is_trial":false,"path_per_floor":["M","M","?","?","M","R","M","R","T","R","E","?","M","$","R","B"],"character_chosen":"DOCTOR_CLASS","items_purchased":["ats:Support","White Beast Statue","ats:Overload","ats:Neurotoxin"],"campfire_rested":0,"item_purchase_floors":[14,14,14,14],"current_hp_per_floor":[64,63,63,52,40,40,29,29,29,29,15,31,29,29,29,0,0],"gold":190,"neow_bonus":"TWO_FIFTY_GOLD","is_daily":false,"chose_seed":false,"campfire_upgraded":1,"win_rate":0.0,"timestamp":1608569404,"path_taken":["M","M","?","?","M","R","M","R","T","R","E","?","M","$","R","BOSS"],"items_purchased_type":["Relic","Relic","Card","Card"],"build_version":"2020-12-13","purchased_purges":0,"victory":false,"max_hp_per_floor":[65,65,65,65,65,65,65,65,65,65,65,65,65,65,65,65,65],"card_choices":[{"not_picked":["ats:Cat Scratch","ats:Magnetic Hammer"],"picked":"ats:Very Hot Blade","floor":1},{"not_picked":["ats:Shell Defense","ats:Very Hot Blade"],"picked":"ats:True Silver Slash","floor":2},{"not_picked":["ats:Assault Order","ats:Curse Doll"],"picked":"ats:Consecutive Shot: Auto","floor":5},{"not_picked":["ats:Shell Defense","ats:Flexible Camouflage"],"picked":"ats:Charging Defense","floor":7},{"not_picked":["ats:Composite Medical Shells","ats:Assault Order"],"picked":"ats:Attack Strengthen","floor":11},{"not_picked":["ats:Sunburst","ats:Curse Doll"],"picked":"ats:Flexible Camouflage","floor":13}],"player_experience":1036954,"relics_obtained":[{"floor":6,"key":"ats:Originium"},{"floor":8,"key":"ats:Originium"},{"floor":9,"key":"ats:Hidden Killer"},{"floor":10,"key":"ats:Originium"},{"floor":11,"key":"Akabeko"}],"event_choices":[{"damage_healed":0,"gold_gain":175,"player_choice":"AGREE","damage_taken":0,"max_hp_gain":0,"max_hp_loss":0,"event_name":"Liars Game","floor":3,"gold_loss":0,"cards_obtained":["Doubt"]},{"damage_healed":0,"gold_gain":75,"player_choice":"Gather Gold","damage_taken":11,"max_hp_gain":0,"max_hp_loss":0,"event_name":"World of Goop","floor":4,"gold_loss":0},{"damage_healed":16,"gold_gain":0,"player_choice":"Healed","damage_taken":0,"max_hp_gain":0,"max_hp_loss":0,"event_name":"The Cleric","floor":12,"gold_loss":35}],"is_beta":false,"boss_relics":[],"items_purged_floors":[],"is_endless":false,"potions_floor_spawned":[1,13],"killed_by":"Hexaghost","ascension_level":0}}