{"host":"fdq5pmhluajjrf8d","time":1608573748,"event":{"mods":["BaseMod","Minty Spire (QoL Compilation)"],"gold_per_floor":[117,42,52,67,47,47,64,64,64,64,64,77,91,104,104,181,181,201,121,121],"floor_reached":19,"playtime":787,"items_purged":["Doubt"],"score":314,"play_id":"e908bb67-3459-4cbc-a620-469c97615c2a","local_time":"20201221130228","is_ascension_mode":true,"campfire_choices":[{"data":"Redo","floor":6,"key":"SMITH"},{"data":"Chaos","floor":8,"key":"SMITH"},{"floor":11,"key":"REST"},{"floor":15,"key":"REST"}],"circlet_count":0,"master_deck":["AscendersBane","Strike_B","Strike_B","Strike_B","Strike_B","Defend_B","Defend_B","Defend_B","Defend_B","Zap","Dualcast","Echo Form","Redo+1","Recycle","Go for the Eyes","Chaos+1","Core Surge","Creative AI","CurseOfTheBell"],"relics":["Cracked Core","Mummified Hand","Calling Bell","Centennial Puzzle","Letter Opener","WingedGreaves"],"acts_visited":["Exordium","TheCity"],"potions_floor_usage":[14,16,19],"damage_taken":[{"damage":1,"enemies":"Cultist","floor":1,"turns":3},{"damage":0,"enemies":"Small Slimes","floor":3,"turns":2},{"damage":12,"enemies":"Jaw Worm","floor":4,"turns":3},{"damage":15,"enemies":"Lots of Slimes","floor":7,"turns":5},{"damage":6,"enemies":"Blue Slaver","floor":12,"turns":2},{"damage":0,"enemies":"2 Fungi Beasts","floor":13,"turns":2},{"damage":24,"enemies":"Gremlin Gang","floor":14,"turns":5},{"damage":33,"enemies":"Slime Boss","floor":16,"turns":8},{"damage":39,"enemies":"Chosen","floor":18,"turns":6},{"damage":26,"enemies":"2 Thieves","floor":19,"turns":2}],"seed_played":"-3265910755494338342","potions_obtained":[{"floor":4,"key":"SteroidPotion"},{"floor":5,"key":"Strength Potion"},{"floor":12,"key":"Swift Potion"},{"floor":14,"key":"Swift Potion"}],"is_trial":false,"path_per_floor":["M","$","M","M","?","R","M","R","T","$","R","M","M","M","R","B",null,"M","M"],"character_chosen":"DEFECT","items_purchased":[],"campfire_rested":2,"item_purchase_floors":[],"current_hp_per_floor":[63,63,63,51,51,51,36,36,36,36,57,51,51,27,48,15,57,18,0,0],"gold":121,"neow_bonus":"THREE_RARE_CARDS","is_daily":false,"chose_seed":false,"campfire_upgraded":2,"win_rate":0.0,"timestamp":1608573748,"path_taken":["M","?","?","M","?","R","M","R","T","?","R","M","M","M","R","BOSS","M","M"],"items_purchased_type":[],"build_version":"2020-12-13","purchased_purges":1,"victory":false,"max_hp_per_floor":[71,71,71,71,71,71,71,71,71,71,71,71,71,71,71,71,71,71,71,71],"card_choices":[{"not_picked":["Fission","Hyperbeam"],"picked":"Echo Form","floor":0},{"not_picked":["Rip and Tear","Melter"],"picked":"Redo","floor":1},{"not_picked":["Stack","Steam"],"picked":"Recycle","floor":3},{"not_picked":["Blizzard","Turbo"],"picked":"Go for the Eyes","floor":4},{"not_picked":["Redo","Stack"],"picked":"Chaos","floor":7},{"not_picked":["Undo","Sweeping Beam","Genetic Algorithm"],"picked":"SKIP","floor":12},{"not_picked":["Beam Cell","Sunder","Redo"],"picked":"SKIP","floor":13},{"not_picked":["Skim","Turbo"],"picked":"Core Surge","floor":14},{"not_picked":["Hyperbeam","Meteor Strike"],"picked":"Creative AI","floor":16},{"not_picked":["Turbo","Static Discharge","Hologram"],"picked":"SKIP","floor":18}],"player_experience":1888859,"relics_obtained":[{"floor":9,"key":"Mummified Hand"},{"floor":17,"key":"Centennial Puzzle"},{"floor":17,"key":"Letter Opener"},{"floor":17,"key":"WingedGreaves"}],"event_choices":[{"damage_healed":0,"gold_gain":0,"player_choice":"Bought 1 Potion","damage_taken":0,"max_hp_gain":0,"max_hp_loss":0,"event_name":"The Woman in Blue","floor":5,"gold_loss":0}],"is_beta":false,"boss_relics":[{"not_picked":["SacredBark","Runic Pyramid"],"picked":"Calling Bell"}],"items_purged_floors":[2],"is_endless":false,"potions_floor_spawned":[4,12,14],"killed_by":"2 Thieves","ascension_level":19}}