{"host":"3jhxjeq8h3mqaq9s","time":1608526314,"event":{"mods":["BaseMod","Bestiary","Colored Map","Highlight Path","Minty Spire (QoL Compilation)","Rare Cards Sparkle","Relic Stats","StSLib","everything is the same but u backflip on backflip","slay the spire mod where everything is the same but ironclad has a cowboy hat"],"gold_per_floor":[118,193,41,53,53,87,87,122,201,217,167,167,184,184,184,281,281,291,291,69,84,98,98,132,132,132,132,152,152,165,195,195,298,298,309,269,100,119,130,155,155,155,155,174,174,174,49,66,66,66,66,66,15,48,48,48],"floor_reached":55,"playtime":2049,"items_purged":["Strike_B","Strike_B","Defend_B"],"score":898,"play_id":"30759a97-7806-4c16-a34a-f9d5d49e7a38","local_time":"20201220235154","is_ascension_mode":true,"campfire_choices":[{"data":"Defragment","floor":7.0,"key":"SMITH"},{"data":"Static Discharge","floor":12.0,"key":"SMITH"},{"floor":15.0,"key":"REST"},{"floor":23.0,"key":"REST"},{"floor":25.0,"key":"REST"},{"data":"Fission","floor":27.0,"key":"SMITH"},{"data":"Coolheaded","floor":29.0,"key":"SMITH"},{"floor":32.0,"key":"REST"},{"floor":42.0,"key":"REST"},{"floor":46.0,"key":"REST"},{"floor":49.0,"key":"RECALL"},{"data":"Defragment","floor":52,"key":"SMITH"}],"circlet_count":0,"master_deck":["Defend_B","Defend_B","Defend_B","Zap","Dualcast","Coolheaded+1","Ball Lightning","Defragment+1","Static Discharge+1","Genetic Algorithm","Sweeping Beam","Fission+1","Ball Lightning","Conserve Battery","Compile Driver","Ball Lightning","Hologram+1","Loop","Melter+1","Defragment+1","Defragment"],"relics":["Cracked Core","NeowsBlessing","Runic Capacitor","Lantern","Pen Nib","Busted Crown","Gremlin Horn","Letter Opener","Symbiotic Virus","Cursed Key","Juzu Bracelet","Vajra"],"acts_visited":["Exordium","TheCity","TheBeyond","TheEnding"],"potions_floor_usage":[50,50,54,55,55],"damage_taken":[{"damage":0.0,"enemies":"Jaw Worm","floor":1.0,"turns":1.0},{"damage":0.0,"enemies":"2 Louse","floor":4.0,"turns":1.0},{"damage":0.0,"enemies":"3 Sentries","floor":6.0,"turns":1.0},{"damage":17.0,"enemies":"Lagavulin","floor":8.0,"turns":5.0},{"damage":5.0,"enemies":"Small Slimes","floor":10.0,"turns":3.0},{"damage":22.0,"enemies":"3 Louse","floor":13.0,"turns":2.0},{"damage":29.0,"enemies":"The Guardian","floor":16.0,"turns":10.0},{"damage":6.0,"enemies":"Chosen","floor":18.0,"turns":5.0},{"damage":5.0,"enemies":"3 Byrds","floor":21.0,"turns":3.0},{"damage":22.0,"enemies":"Snake Plant","floor":22.0,"turns":4.0},{"damage":21.0,"enemies":"Book of Stabbing","floor":24.0,"turns":4.0},{"damage":0.0,"enemies":"Centurion and Healer","floor":28.0,"turns":3.0},{"damage":0.0,"enemies":"Chosen and Byrds","floor":30.0,"turns":4.0},{"damage":15.0,"enemies":"Slavers","floor":31.0,"turns":3.0},{"damage":37.0,"enemies":"Collector","floor":33.0,"turns":8.0},{"damage":0.0,"enemies":"3 Shapes","floor":35.0,"turns":1.0},{"damage":6.0,"enemies":"Orb Walker","floor":38.0,"turns":3.0},{"damage":14.0,"enemies":"Jaw Worm Horde","floor":39.0,"turns":2.0},{"damage":12.0,"enemies":"Nemesis","floor":40.0,"turns":5.0},{"damage":24.0,"enemies":"Spire Growth","floor":44.0,"turns":4.0},{"damage":0.0,"enemies":"3 Darklings","floor":48.0,"turns":3.0},{"damage":41,"enemies":"Donu and Deca","floor":50,"turns":8},{"damage":54,"enemies":"Shield and Spear","floor":54,"turns":4},{"damage":5,"enemies":"The Heart","floor":55,"turns":2}],"seed_played":"683121673261022065","potions_obtained":[{"floor":6.0,"key":"AttackPotion"},{"floor":10.0,"key":"SpeedPotion"},{"floor":13.0,"key":"BlessingOfTheForge"},{"floor":18.0,"key":"Strength Potion"},{"floor":33.0,"key":"AttackPotion"},{"floor":36.0,"key":"Swift Potion"},{"floor":36.0,"key":"FocusPotion"},{"floor":44.0,"key":"DistilledChaos"},{"floor":54,"key":"LiquidBronze"}],"is_trial":false,"path_per_floor":["M","?","$","M","?","E","R","E","T","M","?","R","M","?","R","B",null,"M","?","$","M","M","R","E","R","T","R","M","R","M","E","R","B",null,"M","?","$","M","M","E","?","R","T","M","?","R","$","M","R","B",null,"R","$","E","B"],"character_chosen":"DEFECT","items_purchased":["Runic Capacitor","Ball Lightning","Conserve Battery","Compile Driver","Defragment","Energy Potion"],"campfire_rested":6,"item_purchase_floors":[3,20,20,20,37,53],"current_hp_per_floor":[75,64,64,64,64,64,64,47,47,42,42,42,20,13,35,6,58,52,52,52,47,25,47,26,48,48,48,48,48,48,33,55,18,61,61,61,61,55,41,29,29,51,51,27,27,49,49,49,49,8,58,58,58,4,0,0],"gold":48,"neow_bonus":"THREE_ENEMY_KILL","is_daily":false,"chose_seed":false,"campfire_upgraded":5,"win_rate":0.0,"timestamp":1608526314,"path_taken":["M","?","?","M","?","E","R","E","T","M","?","R","M","?","R","BOSS","M","?","$","M","M","R","E","R","T","R","M","R","M","E","R","BOSS","M","?","$","M","M","E","?","R","T","M","?","R","?","M","R","BOSS","R","$","E","BOSS"],"items_purchased_type":["Relic","Card","Card","Card","Card","Potion"],"build_version":"2020-12-13","purchased_purges":3,"victory":false,"max_hp_per_floor":[75,75,75,75,75,75,75,75,75,75,75,75,75,75,75,75,75,75,75,75,75,75,75,75,75,75,75,75,75,75,75,75,75,75,75,75,75,75,75,75,75,75,75,75,75,75,75,75,75,75,75,75,75,75,75,75],"relic_stats":{"Busted Crown":32,"Gremlin Horn":[12,12],"counters":[24,89],"Pen Nib":[14],"Juzu Bracelet":1,"Letter Opener":[251],"Cursed Key":0,"obtain_stats":[{"Lantern":6,"Busted Crown":17,"NeowsBlessing":0,"Gremlin Horn":24,"Vajra":54,"Pen Nib":8,"Runic Capacitor":3,"Juzu Bracelet":40,"Letter Opener":26,"Cracked Core":0,"Symbiotic Virus":31,"Cursed Key":34},{"Lantern":3,"Busted Crown":7,"NeowsBlessing":0,"Gremlin Horn":11,"Vajra":23,"Pen Nib":4,"Runic Capacitor":1,"Juzu Bracelet":19,"Letter Opener":11,"Cracked Core":0,"Symbiotic Virus":14,"Cursed Key":15},{"Lantern":3,"Busted Crown":23,"NeowsBlessing":0,"Gremlin Horn":39,"Vajra":87,"Pen Nib":8,"Runic Capacitor":1,"Juzu Bracelet":68,"Letter Opener":39,"Cracked Core":0,"Symbiotic Virus":49,"Cursed Key":57}]},"card_choices":[{"not_picked":["Tempest","Turbo"],"picked":"Coolheaded","floor":1.0},{"not_picked":["Sweeping Beam","Reinforced Body"],"picked":"Ball Lightning","floor":4.0},{"not_picked":["Leap","Cold Snap"],"picked":"Defragment","floor":6.0},{"not_picked":["Streamline","Multi-Cast"],"picked":"Static Discharge","floor":8.0},{"not_picked":["Coolheaded","Loop"],"picked":"Genetic Algorithm","floor":10.0},{"not_picked":["Sunder","Coolheaded"],"picked":"Sweeping Beam","floor":13.0},{"not_picked":["Seek","Amplify"],"picked":"Fission","floor":16.0},{"not_picked":["Go for the Eyes"],"picked":"SKIP","floor":18.0},{"not_picked":["Go for the Eyes"],"picked":"SKIP","floor":18.0},{"not_picked":[],"picked":"Ball Lightning","floor":21.0},{"not_picked":["Redo"],"picked":"SKIP","floor":22.0},{"not_picked":["Double Energy"],"picked":"SKIP","floor":24.0},{"not_picked":[],"picked":"Hologram+1","floor":28.0},{"not_picked":["Heatsinks"],"picked":"SKIP","floor":30.0},{"not_picked":[],"picked":"Loop","floor":31.0},{"not_picked":[],"picked":"Melter+1","floor":35.0},{"not_picked":["FTL+1"],"picked":"SKIP","floor":38.0},{"not_picked":[],"picked":"Defragment","floor":39.0},{"not_picked":["White Noise"],"picked":"SKIP","floor":40.0},{"not_picked":["Stack"],"picked":"SKIP","floor":44.0},{"not_picked":["Redo"],"picked":"SKIP","floor":48.0},{"not_picked":["Turbo+1"],"picked":"SKIP","floor":54}],"player_experience":2441879,"relics_obtained":[{"floor":6.0,"key":"Lantern"},{"floor":8.0,"key":"Pen Nib"},{"floor":24.0,"key":"Gremlin Horn"},{"floor":26.0,"key":"Letter Opener"},{"floor":31.0,"key":"Symbiotic Virus"},{"floor":40.0,"key":"Juzu Bracelet"},{"floor":54,"key":"Vajra"}],"event_choices":[{"damage_healed":0.0,"max_hp_gain":0.0,"max_hp_loss":0.0,"gold_gain":75.0,"event_name":"World of Goop","player_choice":"Gather Gold","floor":2.0,"gold_loss":0.0,"damage_taken":11.0},{"damage_healed":0.0,"max_hp_gain":0.0,"max_hp_loss":0.0,"gold_gain":0.0,"event_name":"Liars Game","player_choice":"Ignored","floor":5.0,"gold_loss":0.0,"damage_taken":0.0},{"cards_removed":["Strike_B"],"damage_healed":0.0,"max_hp_gain":0.0,"max_hp_loss":0.0,"gold_gain":0.0,"event_name":"The Cleric","player_choice":"Card Removal","floor":11.0,"gold_loss":50.0,"damage_taken":0.0},{"cards_removed":["Strike_B"],"damage_healed":0.0,"max_hp_gain":0.0,"max_hp_loss":0.0,"gold_gain":0.0,"event_name":"Golden Wing","player_choice":"Card Removal","floor":14.0,"gold_loss":0.0,"damage_taken":7.0},{"damage_healed":0.0,"max_hp_gain":0.0,"max_hp_loss":0.0,"gold_gain":0.0,"event_name":"The Mausoleum","player_choice":"Ignored","floor":19.0,"gold_loss":0.0,"damage_taken":0.0},{"damage_healed":0.0,"max_hp_gain":0.0,"max_hp_loss":0.0,"gold_gain":0.0,"event_name":"The Woman in Blue","player_choice":"Bought 3 Potions","floor":36.0,"gold_loss":0.0,"damage_taken":0.0},{"damage_healed":0.0,"max_hp_gain":0.0,"max_hp_loss":0.0,"gold_gain":0.0,"event_name":"SensoryStone","player_choice":"Memory 1","floor":41.0,"gold_loss":0.0,"damage_taken":0.0},{"damage_healed":0.0,"max_hp_gain":0.0,"max_hp_loss":0.0,"gold_gain":0.0,"event_name":"SecretPortal","player_choice":"Ignored","floor":45.0,"gold_loss":0.0,"damage_taken":0.0}],"is_beta":false,"boss_relics":[{"not_picked":["Tiny House","Inserter"],"picked":"Busted Crown"},{"not_picked":["Philosopher\u0027s Stone","Nuclear Battery"],"picked":"Cursed Key"}],"items_purged_floors":[20,37,47],"is_endless":false,"potions_floor_spawned":[6,10,13,18,24,33,40,44,54],"killed_by":"The Heart","ascension_level":5}}