{"host":"6pgtslebjnyv5xmi","time":1608559732,"event":{"mods":["AchievementEnabler","BaseMod","Colored Map","Minty Spire (QoL Compilation)","Rare Cards Sparkle","SuperFastMode","everything is the same but u backflip on backflip"],"gold_per_floor":[110,110,60,85,104,104,29,29,29,42,42,62,78,93,93,196,196,206,218,66,66,76,76,88,88,88],"floor_reached":25,"playtime":1197,"items_purged":["Strike_G","Defend_G"],"score":224,"play_id":"c92df06f-24d5-44ed-8473-9881257a8e65","local_time":"20201221230852","is_ascension_mode":true,"campfire_choices":[{"data":"Blade Dance","floor":6,"key":"SMITH"},{"data":"Accuracy","floor":11,"key":"SMITH"},{"data":"Finisher","floor":15,"key":"SMITH"},{"data":"Bouncing Flask","floor":23,"key":"SMITH"}],"circlet_count":0,"master_deck":["Strike_G+1","Defend_G","Defend_G","Defend_G","Defend_G","Survivor+1","Neutralize+1","Blade Dance+1","Catalyst+1","Accuracy+1","Blur","Finisher+1","Corpse Explosion","Distraction+1","Deadly Poison","Bouncing Flask+1","Bouncing Flask"],"relics":["Ring of the Snake","Pen Nib","PreservedInsect","Empty Cage"],"acts_visited":["Exordium","TheCity"],"potions_floor_usage":[16,16,22,24,25],"damage_taken":[{"damage":0,"enemies":"Small Slimes","floor":1,"turns":3},{"damage":0,"enemies":"Jaw Worm","floor":5,"turns":3},{"damage":0,"enemies":"Cultist","floor":10,"turns":3},{"damage":0,"enemies":"3 Louse","floor":12,"turns":3},{"damage":0,"enemies":"Large Slime","floor":13,"turns":3},{"damage":12,"enemies":"Lots of Slimes","floor":14,"turns":3},{"damage":58,"enemies":"Slime Boss","floor":16,"turns":12},{"damage":17,"enemies":"Spheric Guardian","floor":18,"turns":4},{"damage":17,"enemies":"3 Byrds","floor":19,"turns":3},{"damage":16,"enemies":"Centurion and Healer","floor":22,"turns":4},{"damage":3,"enemies":"Shelled Parasite and Fungi","floor":24,"turns":3},{"damage":23,"enemies":"Book of Stabbing","floor":25,"turns":3}],"seed_played":"856163705275903619","potions_obtained":[{"floor":5,"key":"Weak Potion"},{"floor":12,"key":"FairyPotion"},{"floor":14,"key":"Explosive Potion"},{"floor":18,"key":"EssenceOfSteel"},{"floor":22,"key":"SpeedPotion"},{"floor":24,"key":"AttackPotion"}],"is_trial":false,"path_per_floor":["M","?","?","T","M","R","$","$","T","M","R","M","M","M","R","B",null,"M","M","$","?","M","R","M","E"],"character_chosen":"THE_SILENT","items_purchased":["Deadly Poison"],"campfire_rested":0,"item_purchase_floors":[20],"current_hp_per_floor":[70,56,56,56,56,56,56,56,56,56,56,56,56,44,44,14,70,53,36,36,36,20,20,17,0,0],"gold":88,"neow_bonus":"UPGRADE_CARD","is_daily":false,"chose_seed":false,"campfire_upgraded":4,"win_rate":0.0,"timestamp":1608559732,"path_taken":["M","?","?","?","M","R","?","$","T","M","R","M","?","M","R","BOSS","M","M","$","?","?","R","M","E"],"items_purchased_type":["Card"],"build_version":"2020-12-13","purchased_purges":2,"victory":false,"max_hp_per_floor":[70,70,70,70,70,70,70,70,70,70,70,70,70,70,70,70,70,70,70,70,70,70,70,70,70,70],"card_choices":[{"not_picked":["Cloak And Dagger","Concentrate"],"picked":"Blade Dance","floor":1},{"not_picked":["Slice","PiercingWail"],"picked":"Catalyst","floor":5},{"not_picked":["Dash","Slice"],"picked":"Accuracy","floor":10},{"not_picked":["Acrobatics","Flying Knee","Sucker Punch"],"picked":"SKIP","floor":12},{"not_picked":["Deadly Poison","Quick Slash"],"picked":"Blur","floor":13},{"not_picked":["Dash","Blade Dance"],"picked":"Finisher","floor":14},{"not_picked":["Glass Knife","Phantasmal Killer"],"picked":"Corpse Explosion","floor":16},{"not_picked":["Dash","Catalyst"],"picked":"Distraction+1","floor":18},{"not_picked":["Sucker Punch","Bane","Flying Knee+1"],"picked":"SKIP","floor":19},{"not_picked":["Flechettes","Dagger Throw"],"picked":"Bouncing Flask","floor":22},{"not_picked":["Calculated Gamble","Outmaneuver"],"picked":"Bouncing Flask","floor":24}],"player_experience":337374,"relics_obtained":[{"floor":4,"key":"Pen Nib"},{"floor":9,"key":"PreservedInsect"}],"event_choices":[{"damage_healed":0,"gold_gain":0,"player_choice":"Entered Light","damage_taken":14,"max_hp_gain":0,"max_hp_loss":0,"event_name":"Shining Light","floor":2,"gold_loss":0,"cards_upgraded":["Survivor","Strike_G"]},{"cards_removed":["Strike_G"],"damage_healed":0,"gold_gain":0,"player_choice":"Card Removal","damage_taken":0,"max_hp_gain":0,"max_hp_loss":0,"event_name":"The Cleric","floor":3,"gold_loss":50},{"damage_healed":0,"gold_gain":0,"player_choice":"Upgraded","damage_taken":0,"max_hp_gain":0,"max_hp_loss":0,"event_name":"Upgrade Shrine","floor":21,"gold_loss":0,"cards_upgraded":["Catalyst"]}],"is_beta":false,"boss_relics":[{"not_picked":["Black Star","Ectoplasm"],"picked":"Empty Cage"}],"items_purged_floors":[7,20],"is_endless":false,"potions_floor_spawned":[5,12,14,18,22,24],"killed_by":"Book of Stabbing","ascension_level":3}}