{"host":"fche7yfjqecoz34w","time":1608513425,"event":{"mods":["BaseMod","BetterRewards","Minty Spire (QoL Compilation)","Replay The Spire","StSLib"],"gold_per_floor":[112,112,62,79,79,110,123,123,123,123,63,63,80,135,135,207,207,227,227,31,51,51,51,87,138,138,189,236,248,289,301,313,418,530,579,591,603,260,296,351,351,419,419,478,544,544,577,647,647,685,685,685,138,190,232],"floor_reached":56,"playtime":8179,"items_purged":[],"score":2910,"play_id":"027d15c5-7109-49f7-a90e-0281f17bc776","local_time":"20201220191705","is_ascension_mode":true,"campfire_choices":[{"floor":8,"key":"RECALL"},{"floor":10,"key":"DIG"},{"floor":12,"key":"DIG"},{"floor":15,"key":"DIG"},{"floor":23,"key":"DIG"},{"floor":32,"key":"DIG"},{"floor":41,"key":"DIG"},{"data":"1","floor":46,"key":"LIFT"},{"data":"2","floor":49,"key":"LIFT"},{"floor":52,"key":"DIG"}],"circlet_count":0,"master_deck":["AscendersBane","Defend_R+1","Defend_R+1","Bash","Whirlwind+1","ReplayTheSpireMod:Muscle Training","Shrug It Off","Thunderclap","Inflame","ReplayTheSpireMod:Muscle Training","The Bomb","Iron Wave","Iron Wave","Cleave","Rage","Pommel Strike","ReplayTheSpireMod:Necrogeddon","Midas Touch","Discovery","Sentinel","Pommel Strike","Replay:Many Hands+1","Abandon","Havoc+1","Demon Form+1","Flex","Replay:Undeath\u0027s Touch","ReplayTheSpireMod:Necrogeddon+1","Flex","Spot Weakness","Dark Embrace","Replay:Undeath\u0027s Touch","Armaments+1","Infernal Blade","Anger","Bloodletting","Bite","Bite","Bite","Bite","Bite","Fiend Fire+1","CurseOfTheBell","Flame Barrier","Dramatic Entrance","Master of Strategy+1","Swift Strike","Replay:Undeath\u0027s Touch","Hemogenesis+1","Hemogenesis+1","Burning Pact+1","Thunderclap","Defy Death","ReplayTheSpireMod:Limb From Limb+1","Thunderclap+1","Replay:Undeath\u0027s Touch","ReplayTheSpireMod:Private Reserves+1","Sadistic Nature+1","Twin Strike+1","Rage+1","Infernal Blade+1","Life Link+1","Run Through+1","Ghostly Armor"],"relics":["Burning Blood","Lee\u0027s Waffle","Pocketwatch","Mango","Shovel","Turnip","ReplayTheSpireMod:TigerMarble","StoneCalendar","Membership Card","Magic Flower","Divine Protection","Bird Faced Urn","Replay:Wax Seal","Durian","FossilizedHelix","ReplayFunnel","Boot","ReplayTheSpireMod:Ninjato","Bag of Preparation","Replay:Towering Pillar of Hats","ReplayTheSpireMod:ShopPack","Gremlin Horn","Prayer Wheel","Golden Egg","Philosopher\u0027s Stone","Brimstone","Replay:Ringing Soul","Replay:Bandana","Simple Rune","Self Forming Clay","MawBank","HornCleat","Replay:Grab Bag","Replay:Wanted Poster","Coffee Dripper","Calling Bell","Empty Cage","Replay:Rubber Ducky","Letter Opener","TungstenRod","Chemical X","Pondfish Scales","Garlic","Bronze Scales","InkBottle","Girya","Bag of Marbles","Oddly Smooth Stone","Question Card","Mirror","Bottled Lightning","HandDrill","Pen Nib","Shuriken"],"acts_visited":["Exordium","TheCity","TheBeyond","TheEnding"],"potions_floor_usage":[24,35,54],"damage_taken":[{"damage":0,"enemies":"Jaw Worm","floor":1,"turns":2},{"damage":0,"enemies":"Small Slimes","floor":4,"turns":2},{"damage":17,"enemies":"3 Sentries","floor":6,"turns":4},{"damage":0,"enemies":"Cultist","floor":7,"turns":3},{"damage":6,"enemies":"Large Slime","floor":13,"turns":4},{"damage":0,"enemies":"3 Sentries","floor":14,"turns":3},{"damage":47,"enemies":"Hexaghost","floor":16,"turns":7},{"damage":14,"enemies":"Shell Parasite","floor":18,"turns":3},{"damage":0,"enemies":"2 Thieves","floor":21,"turns":2},{"damage":0,"enemies":"Centurion and Healer","floor":24,"turns":2},{"damage":30,"enemies":"Book of Stabbing","floor":25,"turns":4},{"damage":20,"enemies":"Slavers","floor":27,"turns":3},{"damage":21,"enemies":"Sentry and Sphere","floor":28,"turns":3},{"damage":14,"enemies":"Shelled Parasite and Fungi","floor":30,"turns":3},{"damage":0,"enemies":"Champ","floor":33,"turns":7},{"damage":0,"enemies":"3 Darklings","floor":35,"turns":1},{"damage":0,"enemies":"Orb Walker","floor":39,"turns":2},{"damage":0,"enemies":"Nemesis","floor":40,"turns":5},{"damage":0,"enemies":"Reptomancer","floor":42,"turns":2},{"damage":0,"enemies":"Maw","floor":44,"turns":4},{"damage":0,"enemies":"R_Hoarder","floor":45,"turns":3},{"damage":0,"enemies":"4 Shapes","floor":47,"turns":1},{"damage":0,"enemies":"Giant Head","floor":48,"turns":2},{"damage":0,"enemies":"Donu and Deca","floor":50,"turns":2},{"damage":2,"enemies":"Shield and Spear","floor":54,"turns":3},{"damage":56,"enemies":"The Heart","floor":55,"turns":4}],"seed_played":"-6273292678649794184","potions_obtained":[{"floor":1,"key":"FairyPotion"},{"floor":25,"key":"Elixir"},{"floor":30,"key":"SkillPotion"},{"floor":40,"key":"SmokeBomb"},{"floor":48,"key":"Block Potion"}],"is_trial":false,"path_per_floor":["M","?","?","M","?","E","M","R","T","R","$","R","M","?","R","B",null,"M","?","$","M","?","R","M","E","T","E","M","$","M","?","R","B",null,"M","$","?","$","M","E","R","E","T","M","E","R","M","E","R","B",null,"R","$","E","B",null],"character_chosen":"IRONCLAD","items_purchased":["Lee\u0027s Waffle","Whirlwind+1","Mango","Shovel","Blood Vial","ReplayTheSpireMod:TigerMarble","Membership Card","Magic Flower","Divine Protection","ReplayTheSpireMod:Muscle Training","Replay:Wax Seal","Shrug It Off","Thunderclap","Inflame","ReplayTheSpireMod:Muscle Training","PowerPotion","ReplayTheSpireMod:ShopPack","Brimstone","Replay:Ringing Soul","Chemical X","Pondfish Scales","Garlic","Bottled Lightning","ReplayTheSpireMod:Private Reserves","HandDrill","Pen Nib","Sadistic Nature","Twin Strike","Rage","Infernal Blade","Life Link","Run Through"],"campfire_rested":0,"item_purchase_floors":[0,0,0,0,0,0,0,0,0,0,0,0,0,0,0,0,11,20,20,38,38,38,53,53,53,53,53,53,53,53,53,53],"current_hp_per_floor":[106,106,106,106,103,98,106,106,106,106,106,106,106,106,106,71,97,101,101,101,109,112,112,115,97,97,98,104,104,108,111,111,133,136,139,139,133,133,145,148,148,151,151,154,157,157,160,163,163,163,163,163,166,169,122],"gold":232,"neow_bonus":"","is_daily":false,"chose_seed":false,"campfire_upgraded":0,"win_rate":0.0,"timestamp":1608513425,"path_taken":["M","?","?","M","?","E","M","R","T","R","?","R","?","?","R","BOSS","M","?","$","M","?","R","M","E","T","E","M","$","?","?","R","BOSS","M","$","?","$","M","E","R","E","T","M","E","R","M","E","R","BOSS","R","$","E","BOSS"],"items_purchased_type":["Relic","Card","Relic","Relic","Relic","Relic","Relic","Relic","Relic","Card","Relic","Card","Card","Card","Card","Potion","Relic","Relic","Relic","Relic","Relic","Relic","Relic","Card","Relic","Relic","Card","Card","Card","Card","Card","Card"],"build_version":"2020-12-13","purchased_purges":0,"victory":true,"max_hp_per_floor":[106,106,106,106,106,106,106,106,106,106,106,106,106,106,106,106,106,106,106,106,109,112,112,115,118,118,121,124,124,127,130,130,133,136,139,139,142,142,145,148,148,151,151,154,157,157,160,163,163,163,163,163,166,169,169],"card_choices":[{"not_picked":["Heavy Blade","Second Wind"],"picked":"Iron Wave","floor":1},{"not_picked":["Power Through","Warcry"],"picked":"Cleave","floor":4},{"not_picked":["Bludgeon","Havoc"],"picked":"Rage","floor":6},{"not_picked":["Second Wind","True Grit"],"picked":"Pommel Strike","floor":7},{"not_picked":["Metamorphosis","Panache"],"picked":"ReplayTheSpireMod:Necrogeddon","floor":11},{"not_picked":["Magnetism","Panache"],"picked":"Midas Touch","floor":11},{"not_picked":["Blind","Replay:Sssssssssshield"],"picked":"Discovery","floor":11},{"not_picked":["ReplayTheSpireMod:Strike From Hell","Havoc"],"picked":"Sentinel","floor":13},{"not_picked":["Replay:Undeath\u0027s Touch","Fire Breathing"],"picked":"Pommel Strike","floor":14},{"not_picked":["Hemogenesis","Juggernaut"],"picked":"Replay:Many Hands","floor":16},{"not_picked":["Clothesline","Disarm"],"picked":"Abandon","floor":18},{"not_picked":["Wild Strike","Flex"],"picked":"Havoc+1","floor":18},{"not_picked":["ReplayTheSpireMod:Limb From Limb","Heavy Blade"],"picked":"Flex","floor":21},{"not_picked":["Sword Boomerang","Clothesline"],"picked":"Replay:Undeath\u0027s Touch","floor":21},{"not_picked":["ReplayTheSpireMod:Strike From Hell","Intimidate"],"picked":"Flex","floor":24},{"not_picked":["Anger","ReplayTheSpireMod:Stacked"],"picked":"Spot Weakness","floor":24},{"not_picked":["Demon Form","Whirlwind"],"picked":"Dark Embrace","floor":25},{"not_picked":["Cleave","Body Slam"],"picked":"Replay:Undeath\u0027s Touch","floor":27},{"not_picked":["Sword Boomerang","Cleave+1"],"picked":"Armaments+1","floor":28},{"not_picked":["Clash","Cleave"],"picked":"Infernal Blade","floor":28},{"not_picked":["Sword Boomerang+1","ReplayTheSpireMod:Corrosion Curse"],"picked":"Anger","floor":30},{"not_picked":["True Grit","Replay:Undeath\u0027s Touch"],"picked":"Bloodletting","floor":30},{"not_picked":["Juggernaut","Demonic Infusion"],"picked":"Fiend Fire","floor":33},{"not_picked":["Pommel Strike","Iron Wave"],"picked":"Flame Barrier","floor":35},{"not_picked":["Defy Death","Perfected Strike","Armaments"],"picked":"SKIP","floor":35},{"not_picked":["ReplayTheSpireMod:Brewmster","Swift Strike"],"picked":"Dramatic Entrance","floor":37},{"not_picked":["Impatience","Specialist"],"picked":"Master of Strategy","floor":37},{"not_picked":["Panache","Bandage Up"],"picked":"Swift Strike","floor":37},{"not_picked":["Sword Boomerang","Headbutt"],"picked":"Replay:Undeath\u0027s Touch","floor":39},{"not_picked":["Wild Strike","ReplayTheSpireMod:LeadingStrike+1","Perfected Strike"],"picked":"SKIP","floor":39},{"not_picked":["Dual Wield+1","Thunderclap"],"picked":"Hemogenesis","floor":40},{"not_picked":["Intimidate","Warcry"],"picked":"Hemogenesis","floor":42},{"not_picked":["Sever Soul","Twin Strike"],"picked":"Burning Pact+1","floor":44},{"not_picked":["Pommel Strike","Iron Wave"],"picked":"Thunderclap","floor":44},{"not_picked":["Combust","Warcry"],"picked":"Defy Death","floor":45},{"not_picked":["Wild Strike+1","Clothesline"],"picked":"ReplayTheSpireMod:Limb From Limb+1","floor":47},{"not_picked":["Demon Form","Run Through"],"picked":"Thunderclap+1","floor":47},{"not_picked":["Rampage","Wild Strike"],"picked":"Replay:Undeath\u0027s Touch","floor":48},{"not_picked":["Pommel Strike","Havoc+1","Replay:Undeath\u0027s Touch"],"picked":"Ghostly Armor","floor":54}],"player_experience":1898063,"relics_obtained":[{"floor":6,"key":"Bag of Preparation"},{"floor":10,"key":"Replay:Towering Pillar of Hats"},{"floor":12,"key":"Gremlin Horn"},{"floor":14,"key":"Prayer Wheel"},{"floor":15,"key":"Golden Egg"},{"floor":23,"key":"Replay:Bandana"},{"floor":25,"key":"Simple Rune"},{"floor":26,"key":"Self Forming Clay"},{"floor":27,"key":"MawBank"},{"floor":32,"key":"HornCleat"},{"floor":34,"key":"Replay:Rubber Ducky"},{"floor":34,"key":"Letter Opener"},{"floor":34,"key":"TungstenRod"},{"floor":40,"key":"Bronze Scales"},{"floor":41,"key":"InkBottle"},{"floor":42,"key":"Girya"},{"floor":43,"key":"Bag of Marbles"},{"floor":45,"key":"Oddly Smooth Stone"},{"floor":48,"key":"Question Card"},{"floor":52,"key":"Mirror"},{"floor":54,"key":"Shuriken"}],"event_choices":[{"damage_healed":0,"gold_gain":0,"cards_transformed":["Strike_R"],"player_choice":"Change","damage_taken":0,"max_hp_gain":0,"max_hp_loss":0,"event_name":"Living Wall","floor":2,"gold_loss":0,"cards_obtained":["Iron Wave"]},{"cards_removed":["Strike_R"],"damage_healed":0,"gold_gain":0,"player_choice":"Card Removal","damage_taken":0,"max_hp_gain":0,"max_hp_loss":0,"event_name":"The Cleric","floor":3,"gold_loss":50},{"damage_healed":0,"gold_gain":0,"player_choice":"Success","damage_taken":3,"relics_obtained":["ReplayTheSpireMod:Ninjato"],"max_hp_gain":0,"max_hp_loss":0,"event_name":"Scrap Ooze","floor":5,"gold_loss":0},{"damage_healed":0,"gold_gain":30,"player_choice":"Searched \u00273\u0027 times","damage_taken":0,"max_hp_gain":0,"max_hp_loss":0,"event_name":"Dead Adventurer","floor":14,"gold_loss":0},{"damage_healed":0,"gold_gain":0,"player_choice":"Read","damage_taken":0,"max_hp_gain":0,"max_hp_loss":0,"event_name":"The Library","floor":19,"gold_loss":0,"cards_obtained":["Demon Form"]},{"damage_healed":0,"gold_gain":0,"player_choice":"Copied","damage_taken":0,"max_hp_gain":0,"max_hp_loss":0,"event_name":"Duplicator","floor":22,"gold_loss":0,"cards_obtained":["ReplayTheSpireMod:Necrogeddon"]},{"damage_healed":0,"gold_gain":0,"player_choice":"Became a vampire (Vial)","damage_taken":0,"max_hp_gain":0,"max_hp_loss":0,"event_name":"Vampires","floor":31,"relics_lost":["Blood Vial"],"gold_loss":0,"cards_obtained":["Bite","Bite","Bite","Bite","Bite"]},{"damage_healed":0,"gold_gain":0,"player_choice":"Memory 3","damage_taken":10,"max_hp_gain":0,"max_hp_loss":0,"event_name":"SensoryStone","floor":37,"gold_loss":0}],"is_beta":false,"boss_relics":[{"not_picked":["Mark of Pain","Tiny House"],"picked":"Philosopher\u0027s Stone"},{"not_picked":["Pandora\u0027s Box","Black Blood"],"picked":"Replay:Grab Bag"},{"not_picked":["Painkiller Herb","ReplayTheSpireMod:Onyx Gauntlets"],"picked":"Replay:Wanted Poster"},{"not_picked":["Busted Crown","Replay:Bronze Core"],"picked":"Coffee Dripper"},{"not_picked":["SacredBark","Black Star"],"picked":"Calling Bell"},{"not_picked":["Snecko Eye","Replay:Drink Me"],"picked":"Empty Cage"}],"items_purged_floors":[],"is_endless":false,"potions_floor_spawned":[1,13,14,18,25,30,33,40,48],"ascension_level":13}}