{"host":"hfvpa4llnnjpeawn","time":1608573239,"event":{"mods":["2.2 Compatiblity","AchievementEnabler","Act Like it!","Aspiration","Bard","BaseMod","Beaked The Cultist","Better Sensory Stone","Better Skull","Better Third Choice","BetterRewards","CapriCore","Conspire","Downfall","Elementarium","Energized Spire","Hubris","Jorbs\u0027s Wanderer Trilogy","Lobotomy","LobotomyExtend","Minty Spire (QoL Compilation)","Replay The Spire","Shade Mod","Spicy Shops","StSLib","The Bladedancer","The Factory","The Gatherer","The Jungle","Waifu the Spire","Wandering Minibosses"],"gold_per_floor":[99,133,408,427,60,76,102,102,127,52,64,164,514,533,549,549,549],"floor_reached":16,"playtime":943,"items_purged":[],"score":110,"play_id":"85076992-0bce-446b-a54a-e8dee9f3f38e","local_time":"20201221125359","is_ascension_mode":false,"campfire_choices":[{"data":"sneckomod:SnekBite","floor":1.0,"key":"SMITH"},{"floor":8,"key":"REST"},{"floor":10,"key":"REST"}],"circlet_count":0,"master_deck":["sneckomod:Strike+1","sneckomod:Strike+1","sneckomod:Strike+1","sneckomod:Defend","sneckomod:Defend","sneckomod:Defend","sneckomod:TailWhip","sneckomod:SnekBite+1","sneckomod:Unknown","sneckomod:Unknown","hubris:Lust","sneckomod:UnknownRareAttack","sneckomod:UnknownUncommonAttack","Regret","sneckomod:WideSting","sneckomod:UnknownClassHEXA_GHOST_PURPLE","sneckomod:CheapStock","sneckomod:CheapStock","sneckomod:UnknownUncommonAttack","Replay:SS_hec_2","sneckomod:UnknownVulnerable","sneckomod:UnknownClassAngela","Languid","hexamod:Haunted","Voices","sneckomod:UnknownClassSLIMEBOUND"],"relics":["sneckomod:SneckoSoul","Replay:Bottled Eggs","LetterFromLob","aspiration:AnachronicSnailShell","ReplayTheSpireMod:TigerMarble","Replay:Baseball","downfall:HeartBlessingGreen","Ring of Greed","Old Coin","Replay:Wax Seal"],"acts_visited":["Exordium"],"potions_floor_usage":[5,16],"damage_taken":[{"damage":38.0,"enemies":"3 Sentries","floor":2.0,"turns":6.0},{"damage":4,"enemies":"Small Slimes","floor":4,"turns":3},{"damage":22,"enemies":"downfall:FleeingMerchant","floor":5,"turns":4},{"damage":1,"enemies":"Cultist","floor":6,"turns":3},{"damage":35,"enemies":"Lagavulin","floor":9,"turns":5},{"damage":5,"enemies":"Jaw Worm","floor":11,"turns":3},{"damage":0,"enemies":"2 Fungi Beasts","floor":14,"turns":1},{"damage":11,"enemies":"Blue Slaver","floor":15,"turns":4},{"damage":49,"enemies":"downfall:Defect","floor":16,"turns":6}],"seed_played":"4737220885805222160","potions_obtained":[{"floor":4,"key":"sneckomod:DiceRollPotion"},{"floor":14,"key":"LiquidMemories"},{"floor":15,"key":"Elixir"}],"is_trial":false,"path_per_floor":["R","E","?","M","$","M","T","R","E","R","M","?","?","M","M","B"],"character_chosen":"THE_SNECKO","items_purchased":["sneckomod:CheapStock","sneckomod:UnknownUncommonAttack","Replay:SS_hec_2","aspiration:AnachronicSnailShell"],"campfire_rested":2,"item_purchase_floors":[5,5,5,5],"current_hp_per_floor":[91,54,54,50,30,30,30,58,26,54,55,55,55,55,45,0,0],"gold":549,"neow_bonus":"THREE_RARE_CARDS","is_daily":false,"chose_seed":false,"campfire_upgraded":1,"win_rate":0.0,"timestamp":1608573239,"path_taken":["R","E","?","?","?","M","T","R","E","R","M","?","?","M","M","BOSS"],"items_purchased_type":["Card","Card","Card","Relic"],"build_version":"2020-12-13","purchased_purges":0,"victory":false,"max_hp_per_floor":[91,92,92,92,94,95,95,95,95,95,96,96,96,96,97,97,97],"card_choices":[{"not_picked":["sneckomod:Mudshield","sneckomod:Unknown3Cost"],"picked":"sneckomod:UnknownRareAttack","floor":0.0},{"not_picked":["sneckomod:IronFang","sneckomod:Nope"],"picked":"sneckomod:UnknownUncommonAttack","floor":2},{"not_picked":["sneckomod:IronFang","sneckomod:UnknownEthereal"],"picked":"sneckomod:WideSting","floor":4},{"not_picked":["sneckomod:UnknownWeak","sneckomod:UnknownExhaust"],"picked":"sneckomod:UnknownClassHEXA_GHOST_PURPLE","floor":5},{"not_picked":["sneckomod:QuickMove","sneckomod:UnknownWeak"],"picked":"sneckomod:UnknownVulnerable","floor":6},{"not_picked":["sneckomod:QuickBite","sneckomod:IronFang","sneckomod:ImprovisedGuard"],"picked":"SKIP","floor":9},{"not_picked":["sneckomod:UnknownClassSHADE_COLOR","sneckomod:WideSting"],"picked":"sneckomod:UnknownClassAngela","floor":11},{"not_picked":["sneckomod:SoulRoll","sneckomod:IronFang","sneckomod:WideSting"],"picked":"SKIP","floor":14},{"not_picked":["sneckomod:QuickBite","sneckomod:TrashToTreasure"],"picked":"sneckomod:UnknownClassSLIMEBOUND","floor":15}],"player_experience":294912,"relics_obtained":[{"floor":2,"key":"Replay:Bottled Eggs"},{"floor":2,"key":"LetterFromLob"},{"floor":7,"key":"ReplayTheSpireMod:TigerMarble"},{"floor":9,"key":"Replay:Baseball"},{"floor":13,"key":"Ring of Greed"},{"floor":13,"key":"Old Coin"},{"floor":13,"key":"Replay:Wax Seal"}],"event_choices":[],"is_beta":false,"boss_relics":[],"items_purged_floors":[],"is_endless":false,"potions_floor_spawned":[4,14,15],"killed_by":"downfall:Defect","ascension_level":0}}