{"host":"qwttrqaysb380yri","time":1608588275,"event":{"mods":["BaseMod","Custom Start","Minty Spire (QoL Compilation)","Permanent Neow","Puzzle Mod","Relic Stats","StSLib","The Cursed","The Hierophant"],"gold_per_floor":[111,111,123,123,137,137,155,188,213,213,213],"floor_reached":10,"playtime":263,"items_purged":[],"score":116,"play_id":"d41de5e1-5a73-433a-a406-e006ab4e22cf","local_time":"20201221230435","is_ascension_mode":true,"campfire_choices":[{"data":"Eviscerate","floor":6,"key":"SMITH"}],"circlet_count":0,"master_deck":["AscendersBane","Strike_G","Strike_G","Strike_G","Strike_G","Strike_G","Defend_G","Defend_G","Defend_G","Defend_G","Defend_G","Survivor","Neutralize","Eviscerate+1","Regret","Reflex","Dagger Spray","Poisoned Stab","Glass Knife"],"relics":["Coffee Dripper","Oddly Smooth Stone","Ancient Tea Set","Potion Belt","Tiny Chest"],"acts_visited":["Exordium"],"potions_floor_usage":[8,10],"damage_taken":[{"damage":6,"enemies":"Jaw Worm","floor":1,"turns":6},{"damage":6,"enemies":"Small Slimes","floor":3,"turns":5},{"damage":4,"enemies":"Cultist","floor":5,"turns":4},{"damage":0,"enemies":"Looter","floor":7,"turns":2},{"damage":19,"enemies":"Gremlin Nob","floor":8,"turns":3},{"damage":13,"enemies":"3 Sentries","floor":10,"turns":4}],"seed_played":"-3124418296029285666","potions_obtained":[{"floor":3,"key":"Strength Potion"},{"floor":5,"key":"SpeedPotion"}],"is_trial":false,"path_per_floor":["M","?","M","?","M","R","M","E","T","E"],"character_chosen":"THE_SILENT","items_purchased":[],"campfire_rested":0,"item_purchase_floors":[],"current_hp_per_floor":[53,53,47,40,36,36,36,17,17,4,4],"gold":213,"neow_bonus":"BOSS_RELIC","is_daily":false,"chose_seed":false,"campfire_upgraded":1,"win_rate":0.0,"timestamp":1608588275,"path_taken":["M","?","M","?","M","R","M","E","T","E"],"items_purchased_type":[],"build_version":"2020-12-13","purchased_purges":0,"victory":false,"max_hp_per_floor":[66,66,66,66,66,66,66,66,66,66,66],"relic_stats":{"counters":[6,24],"Tiny Chest":0,"obtain_stats":[{"Potion Belt":8,"Oddly Smooth Stone":2,"Tiny Chest":9,"Coffee Dripper":0,"Ancient Tea Set":4,"Ring of the Snake":0},{"Potion Belt":5,"Oddly Smooth Stone":1,"Tiny Chest":5,"Coffee Dripper":0,"Ancient Tea Set":2,"Ring of the Snake":0},{"Potion Belt":20,"Oddly Smooth Stone":6,"Tiny Chest":20,"Coffee Dripper":0,"Ancient Tea Set":11,"Ring of the Snake":0}]},"card_choices":[{"not_picked":["Prepared","Concentrate"],"picked":"Eviscerate","floor":1},{"not_picked":["Outmaneuver","Leg Sweep"],"picked":"Reflex","floor":3},{"not_picked":["Concentrate","Deadly Poison"],"picked":"Dagger Spray","floor":5},{"not_picked":["Backflip","Quick Slash"],"picked":"Poisoned Stab","floor":7},{"not_picked":["Predator","Setup"],"picked":"Glass Knife","floor":8}],"player_experience":1930798,"relics_obtained":[{"floor":8,"key":"Potion Belt"},{"floor":9,"key":"Tiny Chest"}],"event_choices":[{"damage_healed":0,"gold_gain":0,"player_choice":"Box","damage_taken":0,"relics_obtained":["Oddly Smooth Stone"],"max_hp_gain":0,"max_hp_loss":0,"event_name":"Big Fish","floor":2,"gold_loss":0,"cards_obtained":["Regret"]},{"damage_healed":0,"gold_gain":0,"player_choice":"Success","damage_taken":7,"relics_obtained":["Ancient Tea Set"],"max_hp_gain":0,"max_hp_loss":0,"event_name":"Scrap Ooze","floor":4,"gold_loss":0}],"is_beta":false,"boss_relics":[],"items_purged_floors":[],"is_endless":false,"potions_floor_spawned":[3,5],"killed_by":"3 Sentries","ascension_level":14}}