{"host":"jksa5rawk3m4gilz","time":1608566354,"event":{"mods":["BaseMod","Colored Map","Highlight Path","Minty Spire (QoL Compilation)","Quick Restart"],"gold_per_floor":[119,135,153,170,27,53,53,53,53,53,64,90,110,122,122,196,196,215,233,250,264,291,321,336,336,336,370,386,386,404,438,438,509,509,523,217,232,232,232,232,232,232],"floor_reached":41,"playtime":1751,"items_purged":[],"score":771,"play_id":"6aff9383-3166-4324-a76f-970d0edbc2d9","local_time":"20201221165914","is_ascension_mode":true,"campfire_choices":[{"floor":7,"key":"REST"},{"data":"BattleHymn","floor":10,"key":"SMITH"},{"floor":15,"key":"REST"},{"floor":25,"key":"REST"},{"floor":29,"key":"REST"},{"floor":32,"key":"REST"},{"data":"Eruption","floor":40,"key":"SMITH"}],"circlet_count":0,"master_deck":["AscendersBane","Strike_P","Strike_P","Strike_P","Strike_P","Defend_P","Defend_P","Defend_P","Defend_P","Eruption+1","Vigilance","Tantrum","BattleHymn+1","Conclude","Perseverance","MasterReality","Protect+1","Swivel+1","Fasting2+1","Swivel","Crescendo+1","EmptyBody+1","ForeignInfluence+1","Alpha+1","Crescendo+1","Scrawl+1","Discovery+1","Dark Shackles+1","Blind+1","Dramatic Entrance","Transmutation+1"],"relics":["PureWater","NeowsBlessing","Strange Spoon","Anchor","The Courier","Regal Pillow","Omamori","Cursed Key","Vajra","Mummified Hand","Frozen Egg 2","Toxic Egg 2","Art of War","Busted Crown"],"acts_visited":["Exordium","TheCity","TheBeyond"],"potions_floor_usage":[16,19,21,23,23,27,33,37],"damage_taken":[{"damage":0,"enemies":"Small Slimes","floor":1,"turns":1},{"damage":0,"enemies":"Cultist","floor":2,"turns":1},{"damage":0,"enemies":"2 Louse","floor":3,"turns":1},{"damage":4,"enemies":"Looter","floor":4,"turns":4},{"damage":40,"enemies":"Lagavulin","floor":6,"turns":5},{"damage":3,"enemies":"3 Louse","floor":11,"turns":3},{"damage":13,"enemies":"Gremlin Nob","floor":12,"turns":3},{"damage":0,"enemies":"Lots of Slimes","floor":13,"turns":1},{"damage":9,"enemies":"Exordium Wildlife","floor":14,"turns":3},{"damage":48,"enemies":"The Guardian","floor":16,"turns":10},{"damage":4,"enemies":"Shell Parasite","floor":18,"turns":4},{"damage":6,"enemies":"3 Byrds","floor":19,"turns":3},{"damage":12,"enemies":"Sentry and Sphere","floor":20,"turns":3},{"damage":3,"enemies":"3 Cultists","floor":21,"turns":5},{"damage":4,"enemies":"Slavers","floor":23,"turns":3},{"damage":30,"enemies":"Snake Plant","floor":24,"turns":3},{"damage":7,"enemies":"Gremlin Leader","floor":27,"turns":4},{"damage":8,"enemies":"Centurion and Healer","floor":28,"turns":3},{"damage":0,"enemies":"Cultist and Chosen","floor":30,"turns":4},{"damage":24,"enemies":"Book of Stabbing","floor":31,"turns":4},{"damage":8,"enemies":"Champ","floor":33,"turns":7},{"damage":17,"enemies":"3 Darklings","floor":35,"turns":5},{"damage":0,"enemies":"Orb Walker","floor":37,"turns":3},{"damage":84,"enemies":"2 Orb Walkers","floor":41,"turns":4}],"seed_played":"8687342901511236516","potions_obtained":[{"floor":2,"key":"Fire Potion"},{"floor":3,"key":"BlessingOfTheForge"},{"floor":4,"key":"Regen Potion"},{"floor":13,"key":"Strength Potion"},{"floor":16,"key":"SkillPotion"},{"floor":19,"key":"SkillPotion"},{"floor":20,"key":"EssenceOfSteel"},{"floor":21,"key":"Explosive Potion"},{"floor":24,"key":"ColorlessPotion"},{"floor":27,"key":"FearPotion"},{"floor":30,"key":"AttackPotion"},{"floor":33,"key":"Swift Potion"}],"is_trial":false,"path_per_floor":["M","M","M","M","$","E","R","?","T","R","M","E","M","M","R","B",null,"M","M","M","M","T","E","M","R","T","E","M","R","M","E","R","B",null,"M","$","M","?","?","R","?"],"character_chosen":"WATCHER","items_purchased":["Strange Spoon","Scrawl+1","Discovery+1","Dark Shackles+1","Blind+1"],"campfire_rested":5,"item_purchase_floors":[5,36,36,36,36],"current_hp_per_floor":[65,65,65,61,61,21,42,42,42,42,39,26,26,17,53,5,55,51,45,33,44,44,40,10,46,46,39,31,67,67,43,72,64,70,53,53,53,53,48,48,0,0],"gold":232,"neow_bonus":"THREE_ENEMY_KILL","is_daily":false,"chose_seed":false,"campfire_upgraded":2,"win_rate":0.0,"timestamp":1608566354,"path_taken":["M","M","M","M","$","E","R","?","T","R","M","E","?","M","R","BOSS","M","?","M","M","?","E","M","R","T","E","M","R","M","E","R","BOSS","M","$","?","?","?","R","?"],"items_purchased_type":["Relic","Card","Card","Card","Card"],"build_version":"2020-12-13","purchased_purges":0,"victory":false,"max_hp_per_floor":[72,72,72,72,72,72,72,72,72,72,72,72,72,72,72,72,72,72,72,72,72,72,72,72,72,72,72,72,72,72,72,72,72,72,72,72,72,72,72,72,72,72],"card_choices":[{"not_picked":["FlurryOfBlows","ClearTheMind"],"picked":"Tantrum","floor":1},{"not_picked":["Crescendo","EmptyFist"],"picked":"BattleHymn","floor":2},{"not_picked":["Evaluate","InnerPeace","EmptyBody"],"picked":"SKIP","floor":3},{"not_picked":["FollowUp","Crescendo"],"picked":"Conclude","floor":4},{"not_picked":["Brilliance","Crescendo"],"picked":"Perseverance","floor":6},{"not_picked":["CarveReality","FollowUp","ReachHeaven"],"picked":"SKIP","floor":11},{"not_picked":["Evaluate","EmptyMind","Consecrate"],"picked":"SKIP","floor":12},{"not_picked":["BowlingBash","CutThroughFate","CrushJoints"],"picked":"SKIP","floor":13},{"not_picked":["FlyingSleeves","EmptyBody"],"picked":"Consecrate","floor":14},{"not_picked":["Vault","Omniscience"],"picked":"MasterReality","floor":16},{"not_picked":["BowlingBash","CutThroughFate"],"picked":"Protect+1","floor":18},{"not_picked":["Evaluate","Halt"],"picked":"Swivel+1","floor":19},{"not_picked":["FlyingSleeves","Crescendo"],"picked":"Fasting2+1","floor":20},{"not_picked":["CrushJoints","Prostrate","Nirvana"],"picked":"SKIP","floor":21},{"not_picked":["Judgement","ThirdEye","PathToVictory"],"picked":"SKIP","floor":23},{"not_picked":["WaveOfTheHand","CrushJoints"],"picked":"Swivel","floor":24},{"not_picked":["CutThroughFate","Wallop"],"picked":"Crescendo+1","floor":27},{"not_picked":["Crescendo+1","JustLucky"],"picked":"EmptyBody+1","floor":28},{"not_picked":["Study+1","Prostrate+1"],"picked":"ForeignInfluence+1","floor":30},{"not_picked":["EmptyMind+1","Evaluate+1","EmptyFist"],"picked":"SKIP","floor":31},{"not_picked":["Brilliance","ConjureBlade+1"],"picked":"Alpha+1","floor":33},{"not_picked":[],"picked":"Crescendo+1","floor":35},{"not_picked":["Crescendo+1"],"picked":"SKIP","floor":37},{"not_picked":[],"picked":"Dramatic Entrance","floor":39},{"not_picked":[],"picked":"Transmutation+1","floor":39}],"player_experience":2046946,"relics_obtained":[{"floor":6,"key":"Anchor"},{"floor":9,"key":"Regal Pillow"},{"floor":12,"key":"Omamori"},{"floor":22,"key":"Vajra"},{"floor":23,"key":"Mummified Hand"},{"floor":26,"key":"Frozen Egg 2"},{"floor":27,"key":"Toxic Egg 2"},{"floor":31,"key":"Art of War"}],"event_choices":[{"damage_healed":0,"gold_gain":0,"player_choice":"Gave Potion","damage_taken":0,"relics_obtained":["The Courier"],"max_hp_gain":0,"max_hp_loss":0,"event_name":"WeMeetAgain","floor":8,"gold_loss":0},{"cards_removed":["Consecrate"],"damage_healed":0,"gold_gain":0,"player_choice":"Removed Attack","damage_taken":0,"max_hp_gain":0,"max_hp_loss":0,"event_name":"Falling","floor":38,"gold_loss":0},{"damage_healed":0,"gold_gain":0,"player_choice":"Memory 2","damage_taken":5,"max_hp_gain":0,"max_hp_loss":0,"event_name":"SensoryStone","floor":39,"gold_loss":0},{"damage_healed":0,"gold_gain":0,"player_choice":"Fight","damage_taken":0,"max_hp_gain":0,"max_hp_loss":0,"event_name":"Mysterious Sphere","floor":41,"gold_loss":0}],"is_beta":false,"boss_relics":[{"not_picked":["Black Star","Runic Pyramid"],"picked":"Cursed Key"},{"not_picked":["Snecko Eye","SacredBark"],"picked":"Busted Crown"}],"items_purged_floors":[],"is_endless":false,"potions_floor_spawned":[2,3,4,13,16,19,20,21,24,27,30,33],"killed_by":"2 Orb Walkers","ascension_level":13}}