{"host":"v4s5k3c6jywmeofl","time":1608515786,"event":{"mods":["Act Like it!","BaseMod","Colored Map","Downfall","Gensokyo","Hallownest","Hermit","Marisa????????","Minty Spire (QoL Compilation)","Quick Restart","Random Character Button","Rare Cards Sparkle","Replay The Spire","StSLib","The Animator","The Bug Knight","The Cursed","The Hierophant","The Servant 0.9.4"],"gold_per_floor":[116,129,129,142,157,184,194,119,119,49,78,93,123,48,48,48,48],"floor_reached":16,"playtime":953,"items_purged":[],"score":122,"play_id":"20a4bc60-d2a2-43a1-ad0d-0685ac83effe","local_time":"20201220205626","is_ascension_mode":false,"campfire_choices":[{"data":"hermit:CalledShot","floor":15,"key":"SMITH"}],"circlet_count":0,"master_deck":["hermit:Strike_Hermit","hermit:Strike_Hermit","hermit:Strike_Hermit","hermit:Strike_Hermit","hermit:Defend_Hermit","hermit:Defend_Hermit","hermit:Defend_Hermit","hermit:Defend_Hermit","hermit:Snapshot","hermit:Covet","Pot Of Greed","hermit:Ricochet","hermit:ItchyTrigger","Pot Of Greed","hermit:Deadeye","hermit:Snipe","hermit:Ricochet","hermit:BigShot","hermit:Vantage","hermit:CalledShot+1","hermit:Roulette"],"relics":["hermit:Momento","Grinning Jar","Hallownest:DreamNailRelic","Nunchaku","Meat on the Bone","Hallownest:StagBellRelic1","hermit:RyeStalk","Thread and Needle","Hallownest:BankAccountRelic"],"acts_visited":["Hallownest:Greenpath"],"potions_floor_usage":[16,16],"damage_taken":[{"damage":1,"enemies":"Hallownest:2_Tiktiks_and_1_Crawlid","floor":1,"turns":2},{"damage":0,"enemies":"2_ Uuma","floor":2,"turns":3},{"damage":2,"enemies":"Hallownest:2_MossCreeps","floor":4,"turns":4},{"damage":0,"enemies":"Hallownest:monsterMossCharger","floor":5,"turns":5},{"damage":23,"enemies":"Hallownest:eliteMossKnight","floor":6,"turns":8},{"damage":8,"enemies":"Hallownest:Wandering_and_Horned","floor":7,"turns":3},{"damage":16,"enemies":"Hallownest:eliteVengeflyKing","floor":11,"turns":6},{"damage":15,"enemies":"Hallownest:Guard_and_Warrior","floor":12,"turns":4},{"damage":11,"enemies":"Hallownest:eliteCrystalGuardian","floor":13,"turns":5},{"damage":38,"enemies":"Hallownest:BossBrokenVessel","floor":16,"turns":8}],"seed_played":"8450997672487550285","potions_obtained":[{"floor":4,"key":"GamblersBrew"},{"floor":5,"key":"PowerPotion"},{"floor":6,"key":"Milkshake"}],"is_trial":false,"path_per_floor":["M","M","?","M","M","E","M","$","T","?","E","M","E","?","R","B"],"character_chosen":"HERMIT","items_purchased":["hermit:BigShot"],"campfire_rested":0,"item_purchase_floors":[8],"current_hp_per_floor":[74,74,74,72,72,49,41,41,41,41,37,34,35,35,35,0,0],"gold":48,"neow_bonus":"RANDOM_COMMON_RELIC","is_daily":false,"chose_seed":false,"campfire_upgraded":1,"win_rate":0.0,"timestamp":1608515786,"path_taken":["M","?","?","M","?","E","M","$","T","?","E","M","E","?","R","BOSS"],"items_purchased_type":["Card"],"build_version":"2020-12-13","purchased_purges":0,"victory":false,"max_hp_per_floor":[75,75,75,75,75,75,75,75,75,75,75,75,75,75,75,75,75],"card_choices":[{"not_picked":["hermit:Quickdraw","hermit:Maintenance"],"picked":"hermit:Ricochet","floor":1},{"not_picked":["hermit:Misfire","hermit:Manifest"],"picked":"hermit:ItchyTrigger","floor":2},{"not_picked":["hermit:BodyArmor","hermit:Brawl"],"picked":"hermit:Deadeye","floor":4},{"not_picked":["hermit:TakeCover","hermit:Manifest"],"picked":"hermit:Snipe","floor":5},{"not_picked":["hermit:Quickdraw","hermit:NoHoldsBarred"],"picked":"hermit:Ricochet","floor":6},{"not_picked":["hermit:ItchyTrigger","hermit:NoHoldsBarred","hermit:HighNoon"],"picked":"SKIP","floor":7},{"not_picked":["hermit:Headshot","hermit:SprayPray"],"picked":"hermit:Vantage","floor":11},{"not_picked":["hermit:Coalescence","hermit:WideOpen"],"picked":"hermit:CalledShot","floor":12},{"not_picked":["hermit:Desperado","hermit:BodyArmor"],"picked":"hermit:Roulette","floor":13}],"player_experience":118429,"relics_obtained":[{"floor":6,"key":"Nunchaku"},{"floor":9,"key":"Meat on the Bone"},{"floor":11,"key":"hermit:RyeStalk"},{"floor":13,"key":"Thread and Needle"}],"event_choices":[],"is_beta":false,"boss_relics":[],"items_purged_floors":[],"is_endless":false,"potions_floor_spawned":[4,5,6,11,13],"killed_by":"Hallownest:BossBrokenVessel","ascension_level":0}}