{"host":"a61r67bv2jut9r88","time":1608557642,"event":{"mods":["AchievementEnabler","BaseMod","Downfall","Marisa£®ÏF”Í°°ƒß¿Ì…≥£©","Minty Spire (QoL Compilation)","Replay The Spire","Shop Mod","StSLib","SuperFastMode","The Bug Knight","The Cursed","The Servant 0.9.4"],"gold_per_floor":[112,129,144,17,192,192,203,203,230,249,249,260,260,273,273,370,370,370,370,370,69,69,69,69,69,69,69,69,69,69,69,69,69,69,69,69,69,69,69,69],"floor_reached":39,"playtime":2374,"items_purged":[],"score":424,"play_id":"78d83de5-ccba-4056-946a-8f19f3b243fb","local_time":"20201221213402","is_ascension_mode":false,"campfire_choices":[{"data":"FanOfKnives","floor":6.0,"key":"SMITH"},{"data":"BestPractice","floor":11.0,"key":"SMITH"},{"floor":15.0,"key":"REST"},{"floor":27.0,"key":"REST"},{"floor":32.0,"key":"REST"}],"circlet_count":0,"master_deck":["Strike_S","Strike_S","Strike_S","Defend_S","Defend_S","Defend_S+1","Defend_S","KidneyShot","Exchange","SilverBlades","FanOfKnives+1","Misdirection","BottledTime","BestPractice+1","Potential+1","TimeWarp","ForgedInTime","Replace+1","Slimebound:RejuvenatingLick+1","HollowMod:CloakDash","hexamod:BacktrackSmack+1","Madness","Madness","hexamod:SpectersWail+1","Parasite","Slimebound:LeechingTouch+1"],"relics":["Uniform","Pet Ghost","Ectoplasm","Happy Flower","PrismaticShard","Bag of Preparation","ReplayTheSpireMod:TigerMarble","Busted Crown"],"acts_visited":["Exordium","TheCity","TheBeyond"],"potions_floor_usage":[],"damage_taken":[{"damage":3.0,"enemies":"Small Slimes","floor":1.0,"turns":3.0},{"damage":0.0,"enemies":"Cultist","floor":2.0,"turns":4.0},{"damage":0.0,"enemies":"2 Louse","floor":3.0,"turns":1.0},{"damage":5.0,"enemies":"Large Slime","floor":7.0,"turns":7.0},{"damage":10.0,"enemies":"Gremlin Gang","floor":10.0,"turns":4.0},{"damage":3.0,"enemies":"2 Fungi Beasts","floor":12.0,"turns":3.0},{"damage":0.0,"enemies":"Exordium Thugs","floor":14.0,"turns":2.0},{"damage":20.0,"enemies":"Hexaghost","floor":16.0,"turns":6.0},{"damage":2.0,"enemies":"Shell Parasite","floor":18.0,"turns":4.0},{"damage":0.0,"enemies":"Chosen","floor":20.0,"turns":5.0},{"damage":12.0,"enemies":"Sentry and Sphere","floor":22.0,"turns":4.0},{"damage":27.0,"enemies":"Slavers","floor":23.0,"turns":5.0},{"damage":4.0,"enemies":"Centurion and Healer","floor":24.0,"turns":5.0},{"damage":2.0,"enemies":"Snake Plant","floor":25.0,"turns":3.0},{"damage":5.0,"enemies":"Snecko","floor":29.0,"turns":4.0},{"damage":24.0,"enemies":"Sentry and Sphere","floor":31.0,"turns":5.0},{"damage":59,"enemies":"Champ","floor":33,"turns":9},{"damage":10,"enemies":"Orb Walker","floor":35,"turns":2},{"damage":31,"enemies":"3 Darklings","floor":37,"turns":5},{"damage":18,"enemies":"Writhing Mass","floor":38,"turns":6},{"damage":26,"enemies":"Maw","floor":39,"turns":8}],"seed_played":"-5602506705121360718","potions_obtained":[{"floor":3.0,"key":"hexamod:EctoCoolerPotion"},{"floor":7.0,"key":"Weak Potion"},{"floor":10.0,"key":"Fruit Juice"},{"floor":12.0,"key":"champ:CounterPotion"},{"floor":20.0,"key":"Adrenaline Potion"},{"floor":22.0,"key":"LiquidMemories"},{"floor":25.0,"key":"Explosive Potion"}],"is_trial":false,"path_per_floor":["M","M","M","$","?","R","M","?","T","M","R","M","?","M","R","B",null,"M","?","M","$","M","E","M","M","T","R","?","M","$","M","R","B",null,"M","?","M","M","M"],"character_chosen":"THE_SERVANT","items_purchased":["BottledTime","FairyPotion","Happy Flower","PrismaticShard"],"campfire_rested":3,"item_purchase_floors":[4,4,21,21],"current_hp_per_floor":[68,68,68,68,68,68,63,63,63,58,58,55,40,40,62,42,76,74,74,74,74,62,35,31,31,31,53,39,34,34,12,36,24,81,71,61,32,16,0,0],"gold":69,"neow_bonus":"TEN_PERCENT_HP_BONUS","is_daily":false,"chose_seed":false,"campfire_upgraded":2,"win_rate":0.0,"timestamp":1608557642,"path_taken":["M","M","M","$","?","R","M","?","T","M","R","?","?","M","R","BOSS","M","?","M","$","M","E","M","?","T","R","?","M","?","M","R","BOSS","M","?","M","M","M"],"items_purchased_type":["Card","Potion","Relic","Relic"],"build_version":"2020-12-13","purchased_purges":0,"victory":false,"max_hp_per_floor":[71,71,71,71,71,71,71,71,71,76,76,76,76,76,76,76,76,76,76,76,76,76,76,76,76,76,76,81,81,81,81,81,81,81,81,81,81,81,81,81],"card_choices":[{"not_picked":["Revamp","MoonPhase"],"picked":"SilverBlades","floor":1.0},{"not_picked":["Spin","BottledTime"],"picked":"FanOfKnives","floor":2.0},{"not_picked":["Alleviate","Contraction"],"picked":"Misdirection","floor":3.0},{"not_picked":["MoonPhase","TimeWarp"],"picked":"BestPractice","floor":7.0},{"not_picked":["BottledTime","SilverBlades"],"picked":"Potential","floor":10.0},{"not_picked":["BestPractice","Spin"],"picked":"TimeWarp","floor":12.0},{"not_picked":["DoubleEdge","PendulumOfEternity","Luminosity"],"picked":"SKIP","floor":14.0},{"not_picked":["Potential+1","Defy","ShatteredReality"],"picked":"SKIP","floor":18.0},{"not_picked":["Hightail+1","SurpressingFire"],"picked":"Replace+1","floor":20.0},{"not_picked":["MentalFortress","hexamod:RadiantFlame","sneckomod:MasterEye"],"picked":"SKIP","floor":22.0},{"not_picked":["MentalFortress","hexamod:RadiantFlame","sneckomod:MasterEye"],"picked":"SKIP","floor":22.0},{"not_picked":["Power Through","ChargingUp","Guardian:Reroute"],"picked":"SKIP","floor":23.0},{"not_picked":["Replay:DivineShield","Slimebound:SamplingLick"],"picked":"Slimebound:RejuvenatingLick+1","floor":24.0},{"not_picked":["HollowMod:HowlingWraiths","FastForward"],"picked":"HollowMod:CloakDash","floor":25.0},{"not_picked":["CrushJoints+1","champ:FocusedBerserking","Accuracy"],"picked":"SKIP","floor":29.0},{"not_picked":["Sneak Up+1","Guardian:DonusPower","Guardian:Clone+1"],"picked":"SKIP","floor":31.0},{"not_picked":[],"picked":"hexamod:BacktrackSmack+1","floor":35},{"not_picked":[],"picked":"hexamod:SpectersWail+1","floor":37},{"not_picked":[],"picked":"Slimebound:LeechingTouch+1","floor":38}],"player_experience":407090,"relics_obtained":[{"floor":9.0,"key":"Pet Ghost"},{"floor":23.0,"key":"Bag of Preparation"},{"floor":26.0,"key":"ReplayTheSpireMod:TigerMarble"}],"event_choices":[{"damage_healed":0.0,"max_hp_gain":0.0,"max_hp_loss":0.0,"gold_gain":175.0,"event_name":"Liars Game","player_choice":"AGREE","floor":5.0,"gold_loss":0.0,"damage_taken":0.0,"cards_obtained":["Doubt"]},{"cards_removed":["Doubt"],"damage_healed":0.0,"max_hp_gain":0.0,"max_hp_loss":0.0,"gold_gain":0.0,"event_name":"Purifier","player_choice":"Purged","floor":8.0,"gold_loss":0.0,"damage_taken":0.0},{"damage_healed":0.0,"max_hp_gain":0.0,"max_hp_loss":0.0,"gold_gain":0.0,"event_name":"Shining Light","player_choice":"Entered Light","floor":13.0,"gold_loss":0.0,"damage_taken":15.0,"cards_upgraded":["Potential","Defend_S"]},{"damage_healed":0.0,"max_hp_gain":0.0,"max_hp_loss":0.0,"gold_gain":0.0,"cards_transformed":["Strike_S"],"event_name":"Transmorgrifier","player_choice":"Transformed","floor":19.0,"gold_loss":0.0,"damage_taken":0.0,"cards_obtained":["ForgedInTime"]},{"damage_healed":0.0,"max_hp_gain":5.0,"max_hp_loss":0.0,"gold_gain":0.0,"event_name":"Forgotten Altar","player_choice":"Shed Blood","floor":28.0,"gold_loss":0.0,"damage_taken":19.0},{"damage_healed":0,"gold_gain":0,"player_choice":"Embrace Madness","damage_taken":10,"max_hp_gain":0,"max_hp_loss":0,"event_name":"Winding Halls","floor":36,"gold_loss":0,"cards_obtained":["Madness","Madness"]}],"is_beta":false,"boss_relics":[{"not_picked":["Runic Dome","Velvet Choker"],"picked":"Ectoplasm"},{"not_picked":["Empty Cage","Tiny House"],"picked":"Busted Crown"}],"items_purged_floors":[],"is_endless":false,"potions_floor_spawned":[3,7,10,12,20,22,25],"killed_by":"Maw","ascension_level":0}}