{"host":"d4km6p8r92tm3vpl","time":1608556611,"event":{"mods":["BaseMod","Hermit","Jorbs\u0027s Wanderer Trilogy","Marisa????????","Minty Spire (QoL Compilation)","Relic Stats","SIMod","StSLib","The Cursed","The Poker Player"],"gold_per_floor":[109,109,34,103,115,115,15,15,63,73,102,117,117,127,127,229,229,244,256,275,292,311,311,327,337,337,337,352,352,352,452,452,553,553,572,589,589,601,333,333,348,348,348,348,361,380,400,413,413,413],"floor_reached":51,"playtime":3640,"items_purged":["PokerPlayerMod:Diamond1","PokerPlayerMod:Club1","PokerPlayerMod:Diamond4"],"score":622,"play_id":"dc466d29-3551-4a21-8510-0326e380105f","local_time":"20201221081651","is_ascension_mode":false,"metric_token":658,"campfire_choices":[{"data":"PokerPlayerMod:JackOfSpades","floor":6,"key":"SMITH"},{"floor":13,"key":"REST"},{"data":"PokerPlayerMod:Heart8","floor":15,"key":"SMITH"},{"data":"PokerPlayerMod:Heart9","floor":23,"key":"SMITH"},{"data":"PokerPlayerMod:Club2","floor":27,"key":"SMITH"},{"data":"PokerPlayerMod:Club2","floor":29,"key":"SMITH"},{"data":"PokerPlayerMod:Heart2","floor":32,"key":"SMITH"},{"data":"PokerPlayerMod:Club4","floor":42,"key":"SMITH"},{"data":"PokerPlayerMod:Club6","floor":49,"key":"SMITH"}],"circlet_count":0,"master_deck":["PokerPlayerMod:Diamond5","PokerPlayerMod:Spade1","PokerPlayerMod:Spade3","PokerPlayerMod:Spade4","PokerPlayerMod:Heart6","PokerPlayerMod:TrumpStrike","PokerPlayerMod:BadJoker","PokerPlayerMod:Mulligan","PokerPlayerMod:CloakAndDiamond","PokerPlayerMod:Club3","PokerPlayerMod:Club6","PokerPlayerMod:Club5","PokerPlayerMod:Club5","PokerPlayerMod:Club7","PokerPlayerMod:JackOfSpades+1","PokerPlayerMod:Heart10+","PokerPlayerMod:Spade10+","PokerPlayerMod:Diamond10+","PokerPlayerMod:Spade1","PokerPlayerMod:Spade10+","PokerPlayerMod:MagicTrick+1","PokerPlayerMod:BadJoker","PokerPlayerMod:FakeSymbols","PokerPlayerMod:DiamondStrike+1","PokerPlayerMod:FlyingCard+1","PokerPlayerMod:Heart10+","PokerPlayerMod:ClubShade+1","PokerPlayerMod:HiddenCard"],"relics":["PokerPlayerMod:DeckCase","NeowsBlessing","Vajra","Potion Belt","Odd Mushroom","PokerPlayerMod:AceCard","Singing Bowl","Bird Faced Urn","Mummified Hand","Astrolabe","PokerPlayerMod:PenAndEraser","Boot"],"acts_visited":["Exordium","TheCity","TheBeyond"],"potions_floor_usage":[38,50,50,50,50],"damage_taken":[{"damage":0,"enemies":"2 Louse","floor":1,"turns":1},{"damage":0,"enemies":"Small Slimes","floor":5,"turns":1},{"damage":0,"enemies":"Jaw Worm","floor":10,"turns":1},{"damage":0,"enemies":"The Mushroom Lair","floor":11,"turns":2},{"damage":30,"enemies":"Large Slime","floor":12,"turns":4},{"damage":0,"enemies":"Exordium Wildlife","floor":14,"turns":2},{"damage":13,"enemies":"Slime Boss","floor":16,"turns":9},{"damage":9,"enemies":"2 Thieves","floor":18,"turns":4},{"damage":0,"enemies":"Shell Parasite","floor":19,"turns":5},{"damage":6,"enemies":"Centurion and Healer","floor":20,"turns":10},{"damage":10,"enemies":"Snake Plant","floor":21,"turns":5},{"damage":0,"enemies":"3 Cultists","floor":22,"turns":3},{"damage":2,"enemies":"Centurion and Healer","floor":24,"turns":7},{"damage":12,"enemies":"Chosen and Byrds","floor":25,"turns":9},{"damage":0,"enemies":"Snake Plant","floor":28,"turns":3},{"damage":5,"enemies":"Colosseum Slavers","floor":31,"turns":5},{"damage":14,"enemies":"Colosseum Nobs","floor":31,"turns":6},{"damage":25,"enemies":"Collector","floor":33,"turns":17},{"damage":3,"enemies":"Orb Walker","floor":35,"turns":3},{"damage":11,"enemies":"3 Darklings","floor":36,"turns":5},{"damage":3,"enemies":"Transient","floor":38,"turns":5},{"damage":21,"enemies":"Spire Growth","floor":41,"turns":5},{"damage":1,"enemies":"3 Darklings","floor":45,"turns":4},{"damage":7,"enemies":"Writhing Mass","floor":46,"turns":6},{"damage":0,"enemies":"Maw","floor":47,"turns":7},{"damage":29,"enemies":"3 Darklings","floor":48,"turns":5},{"damage":54,"enemies":"Donu and Deca","floor":50,"turns":10}],"seed_played":"6506810486997027908","potions_obtained":[{"floor":10,"key":"Regen Potion"},{"floor":11,"key":"AttackPotion"},{"floor":12,"key":"SkillPotion"},{"floor":14,"key":"FairyPotion"},{"floor":18,"key":"Weak Potion"},{"floor":41,"key":"LiquidMemories"}],"is_trial":false,"path_per_floor":["M","?","$","?","M","R","$","?","T","M","?","M","R","M","R","B",null,"M","M","M","M","M","R","M","M","T","R","M","R","?","?","R","B",null,"M","M","?","M","$","?","M","R","T","?","M","M","M","M","R","B",null],"character_chosen":"THE_POKER_PLAYER","items_purchased":["PokerPlayerMod:PenAndEraser"],"campfire_rested":1,"item_purchase_floors":[39],"current_hp_per_floor":[52,52,52,52,52,52,52,40,40,44,48,21,36,36,36,34,52,51,52,52,44,52,52,52,52,52,52,54,54,54,44,44,31,56,58,56,56,60,60,62,57,57,57,57,63,63,65,52,52,46],"gold":413,"neow_bonus":"THREE_ENEMY_KILL","is_daily":false,"chose_seed":false,"campfire_upgraded":8,"win_rate":0.0,"timestamp":1608556611,"path_taken":["M","?","$","?","M","R","$","?","T","M","?","?","R","?","R","BOSS","M","M","M","M","M","R","M","M","T","R","M","R","?","?","R","BOSS","M","M","?","?","?","?","M","R","T","?","M","M","M","M","R","BOSS"],"items_purchased_type":["Relic"],"build_version":"2020-12-13","purchased_purges":3,"victory":true,"max_hp_per_floor":[52,52,52,52,52,52,52,52,52,52,52,52,52,52,52,52,52,52,52,52,52,52,52,52,52,52,52,54,54,54,56,56,56,56,58,58,58,60,60,62,64,64,64,61,63,63,65,67,67,67],"relic_stats":{"Singing Bowl":18,"counters":[27,144],"Mummified Hand":[11],"Bird Faced Urn":[10],"Astrolabe":["PokerPlayerMod:DiamondStrike","PokerPlayerMod:FlyingCard","PokerPlayerMod:Heart10"],"Boot":[12],"obtain_stats":[{"Potion Belt":9,"PokerPlayerMod:DeckCase":0,"NeowsBlessing":0,"Singing Bowl":26,"PokerPlayerMod:PenAndEraser":39,"Mummified Hand":31,"Bird Faced Urn":31,"Astrolabe":34,"Vajra":8,"PokerPlayerMod:AceCard":17,"Odd Mushroom":11,"Boot":43},{"Potion Belt":2,"PokerPlayerMod:DeckCase":0,"NeowsBlessing":0,"Singing Bowl":14,"PokerPlayerMod:PenAndEraser":21,"Mummified Hand":17,"Bird Faced Urn":17,"Astrolabe":18,"Vajra":2,"PokerPlayerMod:AceCard":7,"Odd Mushroom":4,"Boot":22},{"Potion Belt":2,"PokerPlayerMod:DeckCase":0,"NeowsBlessing":0,"Singing Bowl":63,"PokerPlayerMod:PenAndEraser":107,"Mummified Hand":77,"Bird Faced Urn":77,"Astrolabe":94,"Vajra":2,"PokerPlayerMod:AceCard":20,"Odd Mushroom":5,"Boot":112}]},"card_choices":[{"not_picked":["PokerPlayerMod:DartThrow","PokerPlayerMod:SecondChance"],"picked":"PokerPlayerMod:CloakAndDiamond","floor":1},{"not_picked":["PokerPlayerMod:Diamond9","PokerPlayerMod:Spade5"],"picked":"PokerPlayerMod:JackOfSpades","floor":5},{"not_picked":["PokerPlayerMod:SpadeStrike","PokerPlayerMod:DamnStraight","PokerPlayerMod:Overdeal"],"picked":"SKIP","floor":10},{"not_picked":["PokerPlayerMod:Diamond1","PokerPlayerMod:Diamond2","PokerPlayerMod:JackOfSpades"],"picked":"SKIP","floor":12},{"not_picked":["PokerPlayerMod:CloakAndDiamond","PokerPlayerMod:Heart2"],"picked":"PokerPlayerMod:Heart8","floor":14},{"not_picked":["PokerPlayerMod:ChangeRules","PokerPlayerMod:Diamond9"],"picked":"PokerPlayerMod:Spade10+","floor":16},{"not_picked":["PokerPlayerMod:Manipulation","PokerPlayerMod:Diamond2","PokerPlayerMod:Diamond4"],"picked":"SKIP","floor":18},{"not_picked":["PokerPlayerMod:DartThrow+1","PokerPlayerMod:Spade6"],"picked":"PokerPlayerMod:Diamond10+","floor":19},{"not_picked":["PokerPlayerMod:Spade4","PokerPlayerMod:CardPrinter"],"picked":"PokerPlayerMod:Spade1","floor":20},{"not_picked":["PokerPlayerMod:Diamond4","PokerPlayerMod:CardBurn"],"picked":"PokerPlayerMod:Spade10+","floor":21},{"not_picked":["PokerPlayerMod:DiamondStrike","PokerPlayerMod:Spade3","PokerPlayerMod:Configure"],"picked":"SKIP","floor":22},{"not_picked":["PokerPlayerMod:DartThrow","PokerPlayerMod:Diamond3"],"picked":"PokerPlayerMod:MagicTrick+1","floor":24},{"not_picked":["PokerPlayerMod:Spade3","PokerPlayerMod:DartThrow","PokerPlayerMod:CloakAndDiamond"],"picked":"SKIP","floor":25},{"not_picked":["PokerPlayerMod:VarietyAttack","PokerPlayerMod:Spade2","PokerPlayerMod:FlyingCard"],"picked":"Singing Bowl","floor":28},{"not_picked":["PokerPlayerMod:Club1","PokerPlayerMod:CardPrinter+1","PokerPlayerMod:Spade6"],"picked":"Singing Bowl","floor":31},{"not_picked":["PokerPlayerMod:RoyalStrike","PokerPlayerMod:Club9"],"picked":"PokerPlayerMod:FakeSymbols","floor":33},{"not_picked":["PokerPlayerMod:ClubDance+1","PokerPlayerMod:Spade8","PokerPlayerMod:DiamondStrike+1"],"picked":"Singing Bowl","floor":35},{"not_picked":["PokerPlayerMod:Spade3","PokerPlayerMod:Spade1"],"picked":"PokerPlayerMod:ClubShade+1","floor":36},{"not_picked":["PokerPlayerMod:Club1","PokerPlayerMod:Diamond5","PokerPlayerMod:Configure"],"picked":"Singing Bowl","floor":38},{"not_picked":["Enlightenment","Madness","Chrysalis"],"picked":"Singing Bowl","floor":40},{"not_picked":["PokerPlayerMod:Diamond2","PokerPlayerMod:Spade8","PokerPlayerMod:Spade2"],"picked":"Singing Bowl","floor":41},{"not_picked":["PokerPlayerMod:ClubShade","PokerPlayerMod:CardBurn+1","PokerPlayerMod:Diamond2"],"picked":"Singing Bowl","floor":45},{"not_picked":["PokerPlayerMod:Diamond3","PokerPlayerMod:Diamond2"],"picked":"PokerPlayerMod:HiddenCard","floor":46},{"not_picked":["PokerPlayerMod:CloakAndDiamond","PokerPlayerMod:ClubDance","PokerPlayerMod:RoyalStrike"],"picked":"Singing Bowl","floor":47},{"not_picked":["PokerPlayerMod:Spade3","PokerPlayerMod:Diamond6","PokerPlayerMod:DartThrow"],"picked":"Singing Bowl","floor":48}],"player_experience":803799,"relics_obtained":[{"floor":9,"key":"Potion Belt"},{"floor":11,"key":"Odd Mushroom"},{"floor":26,"key":"Singing Bowl"},{"floor":31,"key":"Bird Faced Urn"},{"floor":31,"key":"Mummified Hand"},{"floor":43,"key":"Boot"}],"event_choices":[{"damage_healed":0,"gold_gain":0,"player_choice":"Jackpot","damage_taken":0,"max_hp_gain":0,"max_hp_loss":0,"event_name":"PokerPlayerMod:ExordiumClub","floor":2,"gold_loss":0,"cards_obtained":["PokerPlayerMod:Club2","PokerPlayerMod:Club3","PokerPlayerMod:Club4","PokerPlayerMod:Club5","PokerPlayerMod:Club6"]},{"damage_healed":0,"gold_gain":0,"player_choice":"Jackpot","damage_taken":0,"max_hp_gain":0,"max_hp_loss":0,"event_name":"PokerPlayerMod:ExordiumClub","floor":2,"gold_loss":0,"cards_obtained":["PokerPlayerMod:Club2","PokerPlayerMod:Club3","PokerPlayerMod:Club4","PokerPlayerMod:Club5","PokerPlayerMod:Club6"]},{"damage_healed":0,"gold_gain":0,"player_choice":"Jackpot","damage_taken":0,"max_hp_gain":0,"max_hp_loss":0,"event_name":"PokerPlayerMod:ExordiumClub","floor":2,"gold_loss":0,"cards_obtained":["PokerPlayerMod:Club2","PokerPlayerMod:Club3","PokerPlayerMod:Club4","PokerPlayerMod:Club5","PokerPlayerMod:Club6"]},{"damage_healed":0,"gold_gain":0,"player_choice":"Jackpot","damage_taken":0,"max_hp_gain":0,"max_hp_loss":0,"event_name":"PokerPlayerMod:ExordiumClub","floor":2,"gold_loss":0,"cards_obtained":["PokerPlayerMod:Club2","PokerPlayerMod:Club3","PokerPlayerMod:Club4","PokerPlayerMod:Club5","PokerPlayerMod:Club6"]},{"damage_healed":0,"gold_gain":0,"player_choice":"Jackpot","damage_taken":0,"max_hp_gain":0,"max_hp_loss":0,"event_name":"PokerPlayerMod:ExordiumClub","floor":2,"gold_loss":0,"cards_obtained":["PokerPlayerMod:Club2","PokerPlayerMod:Club3","PokerPlayerMod:Club4","PokerPlayerMod:Club5","PokerPlayerMod:Club6"]},{"damage_healed":0,"gold_gain":69,"player_choice":"Gained Gold","damage_taken":0,"max_hp_gain":0,"max_hp_loss":0,"event_name":"Golden Wing","floor":4,"gold_loss":0},{"damage_healed":0,"gold_gain":0,"player_choice":"Success","damage_taken":12,"relics_obtained":["Vajra"],"max_hp_gain":0,"max_hp_loss":0,"event_name":"Scrap Ooze","floor":8,"gold_loss":0},{"damage_healed":0,"gold_gain":0,"player_choice":"Fought Mushrooms","damage_taken":0,"max_hp_gain":0,"max_hp_loss":0,"event_name":"Mushrooms","floor":11,"gold_loss":0},{"damage_healed":0,"gold_gain":0,"player_choice":"Copied","damage_taken":0,"max_hp_gain":0,"max_hp_loss":0,"event_name":"PokerPlayerMod:BackToBasicsPoker","floor":30,"gold_loss":0,"cards_obtained":["PokerPlayerMod:BadJoker"]},{"damage_healed":0,"gold_gain":0,"player_choice":"Fight","damage_taken":0,"max_hp_gain":0,"max_hp_loss":0,"event_name":"Colosseum","floor":31,"gold_loss":0},{"damage_healed":0,"gold_gain":0,"player_choice":"Fought Nobs","damage_taken":0,"max_hp_gain":0,"max_hp_loss":0,"event_name":"Colosseum","floor":31,"gold_loss":0},{"cards_removed":["PokerPlayerMod:Club3"],"damage_healed":0,"gold_gain":0,"player_choice":"Purged","damage_taken":0,"max_hp_gain":0,"max_hp_loss":0,"event_name":"Purifier","floor":37,"gold_loss":0},{"damage_healed":0,"gold_gain":0,"player_choice":"Memory 1","damage_taken":0,"max_hp_gain":0,"max_hp_loss":0,"event_name":"SensoryStone","floor":40,"gold_loss":0},{"damage_healed":0,"gold_gain":0,"player_choice":"Max HP","damage_taken":0,"max_hp_gain":0,"max_hp_loss":3,"event_name":"Winding Halls","floor":44,"gold_loss":0}],"is_beta":false,"boss_relics":[{"not_picked":["SlaversCollar","Ectoplasm"],"picked":"PokerPlayerMod:AceCard"},{"not_picked":["Tiny House","Velvet Choker"],"picked":"Astrolabe"}],"items_purged_floors":[3,7,39],"is_endless":false,"potions_floor_spawned":[10,11,12,14,18,20,21,25,33,36,41,45,47],"ascension_level":0}}