{"host":"watt8gvwfmxuscaf","time":1608539203,"event":{"mods":["BaseMod","CatGirl Mod","Colored Map","Colored Powertips","Conspire","Downfall","GifTheSpireLib","Hermit","Hubris","Infinite Spire","Marisa????????","Minty Spire (QoL Compilation)","Quick Restart","Rare Cards Sparkle","Replay The Spire","Shop Mod","StSLib","Stuff the Spire","SuperFastMode","The Animator","The Cursed","The Mystic","The Necromancer","The Poker Player","The Runesmith","The Servant 0.9.4"],"gold_per_floor":[119,119,138,138,155,187,205,216,216,216,5,15,50,61,61,161,161,172,82,82,70,85,85,85,101,101,115,115,145,145,145,145,145,145],"floor_reached":33,"playtime":1097,"items_purged":["Strike_S"],"score":304,"play_id":"20257475-e546-45db-a766-b02c87a147c1","local_time":"20201221032643","is_ascension_mode":false,"campfire_choices":[{"floor":15,"key":"REST"},{"floor":23,"key":"REST"},{"floor":28,"key":"REST"},{"floor":32,"key":"REST"}],"circlet_count":0,"master_deck":["Defend_S","Defend_S","Defend_S","Defend_S","KidneyShot","Exchange","TimeWarp","Replay:SS_fish_2","Comet","ShatteredReality","DoubleEdge","Barrier","Starlight","FanOfKnives","Gouge","Gouge+1","MoonPhase","DoubleEdge","Defy","Advance","LightFlow","Replace","TimeWarp","Defy","ShatteredReality","Advance+1","Dilation"],"relics":["Uniform","NeowsBlessing","Torii","infinitespire:Eraser","Sundial","Ancient Tea Set","PreservedInsect","Runesmith:Nanobots","ReplayFunnel"],"acts_visited":["Exordium","TheCity"],"potions_floor_usage":[13,18,18,33,33,33],"damage_taken":[{"damage":0,"enemies":"Cultist","floor":1,"turns":1},{"damage":0,"enemies":"Small Slimes","floor":3,"turns":1},{"damage":0,"enemies":"2 Louse","floor":5,"turns":1},{"damage":53,"enemies":"Lagavulin","floor":6,"turns":6},{"damage":14,"enemies":"Exordium Thugs","floor":7,"turns":7},{"damage":1,"enemies":"3 Louse","floor":8,"turns":3},{"damage":3,"enemies":"Exordium Wildlife","floor":12,"turns":3},{"damage":6,"enemies":"3 Sentries","floor":13,"turns":8},{"damage":13,"enemies":"Red Slaver","floor":14,"turns":3},{"damage":13,"enemies":"Hexaghost","floor":16,"turns":5},{"damage":3,"enemies":"3 Byrds","floor":18,"turns":4},{"damage":11,"enemies":"2 Thieves","floor":21,"turns":4},{"damage":6,"enemies":"Snecko","floor":22,"turns":5},{"damage":1,"enemies":"Snake Plant","floor":25,"turns":3},{"damage":17,"enemies":"Shelled Parasite and Fungi","floor":27,"turns":6},{"damage":0,"enemies":"Gremlin Leader","floor":29,"turns":3},{"damage":81,"enemies":"hubris:MusketHawk","floor":33,"turns":8}],"seed_played":"4270906623260351412","potions_obtained":[{"floor":12,"key":"LifebloodPotion"},{"floor":13,"key":"Swift Potion"},{"floor":14,"key":"Energy Potion"},{"floor":16,"key":"Adrenaline Potion"},{"floor":18,"key":"DuplicationPotion"},{"floor":22,"key":"Dexterity Potion"}],"is_trial":false,"path_per_floor":["M","?","M","?","M","E","M","M","T","?","$","M","E","M","R","B",null,"M","?","$","M","M","R","T","M","T","M","R","E","?","?","R","B"],"character_chosen":"THE_SERVANT","items_purchased":["Gouge","MoonPhase"],"campfire_rested":4,"item_purchase_floors":[11,11],"current_hp_per_floor":[65,65,65,65,65,20,14,21,21,21,21,26,28,23,42,37,65,62,62,62,51,53,65,65,64,64,47,65,65,54,54,70,0,0],"gold":145,"neow_bonus":"THREE_ENEMY_KILL","is_daily":false,"chose_seed":false,"campfire_upgraded":0,"win_rate":0.0,"timestamp":1608539203,"path_taken":["M","?","?","?","M","E","M","M","T","?","$","?","E","M","R","BOSS","M","?","?","M","M","R","?","?","T","M","R","E","?","?","R","BOSS"],"items_purchased_type":["Card","Card"],"build_version":"2020-12-13","purchased_purges":1,"victory":false,"max_hp_per_floor":[65,65,65,65,65,65,65,65,65,65,65,65,65,65,65,65,65,65,65,65,65,65,65,65,65,65,65,65,65,70,70,70,70,70],"card_choices":[{"not_picked":["Alleviate","Rewind"],"picked":"TimeWarp","floor":1},{"not_picked":["DualDimension","Unruled"],"picked":"ShatteredReality","floor":3},{"not_picked":["Collapse","Rewind"],"picked":"DoubleEdge","floor":5},{"not_picked":["FlawlessForm","TheWorld"],"picked":"Barrier","floor":6},{"not_picked":["TimeWarp","ShatteredReality"],"picked":"Starlight","floor":7},{"not_picked":["Reset","InstantArmor"],"picked":"FanOfKnives","floor":8},{"not_picked":["Alleviate","TimeWarp"],"picked":"DoubleEdge","floor":12},{"not_picked":["FanOfKnives","Starlight"],"picked":"Defy","floor":13},{"not_picked":["Revamp","Alleviate"],"picked":"Advance","floor":14},{"not_picked":["Solidify","ForgedInTime"],"picked":"LightFlow","floor":16},{"not_picked":["Potential+1","SurpressingFire+1"],"picked":"Replace","floor":18},{"not_picked":["Contraction","Gouge"],"picked":"TimeWarp","floor":21},{"not_picked":["Ricochet","Read"],"picked":"Defy","floor":22},{"not_picked":["Unruled+1","Replace"],"picked":"ShatteredReality","floor":25},{"not_picked":["GearUp","SpecialFormula"],"picked":"Advance+1","floor":27},{"not_picked":["FastForward","Defy"],"picked":"Dilation","floor":29}],"player_experience":500771,"relics_obtained":[{"floor":4,"key":"Torii"},{"floor":6,"key":"infinitespire:Eraser"},{"floor":9,"key":"Sundial"},{"floor":13,"key":"Ancient Tea Set"},{"floor":24,"key":"PreservedInsect"},{"floor":26,"key":"Runesmith:Nanobots"},{"floor":29,"key":"ReplayFunnel"}],"event_choices":[{"damage_healed":0,"gold_gain":0,"player_choice":"2 cards matched","damage_taken":0,"max_hp_gain":0,"max_hp_loss":0,"event_name":"Match and Keep!","floor":2,"gold_loss":0,"cards_obtained":["Replay:SS_fish_2","Comet"]},{"cards_removed":["Strike_S"],"damage_healed":0,"gold_gain":0,"player_choice":"Purged","damage_taken":0,"max_hp_gain":0,"max_hp_loss":0,"event_name":"Purifier","floor":10,"gold_loss":0},{"cards_removed":["Strike_S"],"damage_healed":0,"gold_gain":0,"player_choice":"Upgrade and Remove","damage_taken":0,"max_hp_gain":0,"max_hp_loss":0,"event_name":"Designer","floor":19,"gold_loss":90,"cards_upgraded":["Gouge"]},{"damage_healed":0,"gold_gain":0,"player_choice":"Shed Blood","damage_taken":16,"max_hp_gain":5,"max_hp_loss":0,"event_name":"Forgotten Altar","floor":30,"gold_loss":0},{"cards_removed":["Strike_S"],"damage_healed":0,"gold_gain":0,"player_choice":"Purged","damage_taken":0,"max_hp_gain":0,"max_hp_loss":0,"event_name":"Purifier","floor":31,"gold_loss":0}],"is_beta":false,"boss_relics":[{"not_picked":["hubris:CrackedHourglass","Replay:Wanted Poster","Snecko Eye"]}],"items_purged_floors":[11],"is_endless":false,"potions_floor_spawned":[12,13,14,16,18,22,27,29],"killed_by":"hubris:MusketHawk","ascension_level":0}}