{"host":"nox","time":1608581034,"event":{"mods":["Aspiration","BaseMod","Better Third Choice","Colored Powertips","Conspire","Hubris","Infinite Spire","Minty Spire (QoL Compilation)","Quick Restart","Rare Cards Sparkle","Replay The Spire","Shop Mod","Spikes Relics","StSLib","SuperFastMode","The Alterego","vexMod"],"gold_per_floor":[116,129,129,149,167,200,200,217,291,326,326,326,353,367,367,470,570,589,589,589,603,615,641,390,390,435,435,435],"floor_reached":27,"playtime":691,"items_purged":[],"score":316,"play_id":"a0e17ddf-90e8-4c74-96f0-cae4f98b45f4","local_time":"20201222030354","is_ascension_mode":true,"campfire_choices":[{"data":"Defend_B","floor":7.0,"key":"SMITH"},{"floor":12.0,"key":"REST"},{"floor":15.0,"key":"REST"}],"circlet_count":0,"master_deck":["Strike_B","Strike_B","Strike_B","Strike_B","Defend_B","Defend_B+1","Defend_B","Defend_B","Zap","Dualcast","Ball Lightning","Ball Lightning","ReplayTheSpireMod:Calculation Training","Redo","Lockon","Thunder Strike","Conserve Battery+1","Ball Lightning","hubris:Ukulele"],"relics":["Cracked Core","Juzu Bracelet","Garlic","Bronze Scales","Replay:Bottled Snecko","Replay:Wanted Poster","Inserter","Onion Ring","SpikesRelics:DaevaFist","Letter Opener","Gremlin Food"],"acts_visited":["Exordium","TheCity"],"potions_floor_usage":[27],"damage_taken":[{"damage":1.0,"enemies":"Cultist","floor":1.0,"turns":3.0},{"damage":0.0,"enemies":"Small Slimes","floor":2.0,"turns":2.0},{"damage":7.0,"enemies":"Jaw Worm","floor":4.0,"turns":2.0},{"damage":1.0,"enemies":"Exordium Wildlife","floor":5.0,"turns":2.0},{"damage":26.0,"enemies":"Replay:BlueRogue","floor":6.0,"turns":5.0},{"damage":27.0,"enemies":"Gremlin Gang","floor":8.0,"turns":3.0},{"damage":15.0,"enemies":"Gremlin Nob","floor":10.0,"turns":3.0},{"damage":9.0,"enemies":"Lagavulin","floor":13.0,"turns":4.0},{"damage":2.0,"enemies":"2 Fungi Beasts","floor":14.0,"turns":3.0},{"damage":43.0,"enemies":"Hexaghost","floor":16.0,"turns":6.0},{"damage":0.0,"enemies":"3 Byrds","floor":18.0,"turns":3.0},{"damage":9.0,"enemies":"conspire:FuzzyDice","floor":21.0,"turns":6.0},{"damage":15.0,"enemies":"Snake Plant","floor":22.0,"turns":3.0},{"damage":31.0,"enemies":"Book of Stabbing","floor":23.0,"turns":4.0},{"damage":12,"enemies":"Shelled Parasite and Fungi","floor":27,"turns":1}],"seed_played":"5963875830996408561","potions_obtained":[{"floor":5.0,"key":"SteroidPotion"},{"floor":8.0,"key":"Weak Potion"},{"floor":10.0,"key":"SkillPotion"},{"floor":14.0,"key":"Elixir"},{"floor":18.0,"key":"Elixir"},{"floor":23.0,"key":"Fire Potion"}],"is_trial":false,"path_per_floor":["M","M","?","M","M","E","R","M","T","E","T","R","E","M","R","B",null,"M","AVR","?","M","M","E","$","?","T","M"],"character_chosen":"DEFECT","items_purchased":["Letter Opener"],"campfire_rested":2,"item_purchase_floors":[24],"current_hp_per_floor":[81,81,86,79,78,52,52,25,25,10,10,36,27,25,51,8,67,67,67,67,58,43,12,12,12,12,0,0],"gold":435,"neow_bonus":"TEN_PERCENT_HP_BONUS","is_daily":false,"chose_seed":false,"campfire_upgraded":1,"win_rate":0.0,"timestamp":1608581034,"path_taken":["M","?","?","M","M","E","R","M","T","E","?","R","E","M","R","BOSS","M","AVR","?","M","M","E","$","?","T","M"],"items_purchased_type":["Relic"],"build_version":"2020-11-17","purchased_purges":0,"victory":false,"max_hp_per_floor":[82,82,87,87,87,87,87,87,87,87,87,87,87,87,87,87,87,87,87,87,87,87,87,87,87,87,87,87],"card_choices":[{"not_picked":["Coolheaded","Conserve Battery"],"picked":"Ball Lightning","floor":1.0},{"not_picked":["Go for the Eyes","Cold Snap"],"picked":"Ball Lightning","floor":2.0},{"not_picked":["Recycle","Barrage"],"picked":"ReplayTheSpireMod:Calculation Training","floor":4.0},{"not_picked":["Crystallizer","Steam"],"picked":"Redo","floor":5.0},{"not_picked":["Rebound","Cold Snap"],"picked":"Lockon","floor":6.0},{"not_picked":["Leap","Go for the Eyes","Melter"],"picked":"SKIP","floor":8.0},{"not_picked":["Recycle","ReplaySolidLightProjector","Cold Snap"],"picked":"SKIP","floor":10.0},{"not_picked":["Gash","Stack","Meteor Strike"],"picked":"SKIP","floor":13.0},{"not_picked":["Leap","Reprogram","Steam"],"picked":"SKIP","floor":14.0},{"not_picked":["Leap","Reprogram","Steam"],"picked":"SKIP","floor":14.0},{"not_picked":["Machine Learning","Reboot"],"picked":"Thunder Strike","floor":16.0},{"not_picked":["Stack","Leap+1"],"picked":"Conserve Battery+1","floor":18.0},{"not_picked":["Sweeping Beam","Barrage+1"],"picked":"Ball Lightning","floor":21.0},{"not_picked":["Steam Power","Steam"],"picked":"hubris:Ukulele","floor":22.0},{"not_picked":["Double Energy","Sweeping Beam+1","Hologram"],"picked":"SKIP","floor":23.0}],"player_experience":211789,"relics_obtained":[{"floor":6.0,"key":"Juzu Bracelet"},{"floor":10.0,"key":"Garlic"},{"floor":11.0,"key":"Bronze Scales"},{"floor":13.0,"key":"Replay:Bottled Snecko"},{"floor":23.0,"key":"SpikesRelics:DaevaFist"},{"floor":26,"key":"Gremlin Food"}],"event_choices":[{"damage_healed":0.0,"max_hp_gain":5.0,"max_hp_loss":0.0,"gold_gain":0.0,"event_name":"Big Fish","player_choice":"Donut","floor":3.0,"gold_loss":0.0,"damage_taken":0.0},{"damage_healed":0.0,"max_hp_gain":0.0,"max_hp_loss":0.0,"gold_gain":0.0,"event_name":"Transmorgrifier","player_choice":"Ignored","floor":20.0,"gold_loss":0.0,"damage_taken":0.0}],"is_beta":true,"boss_relics":[{"not_picked":["Sandwich","conspire:SeveredTorchhead"],"picked":"Replay:Wanted Poster"}],"items_purged_floors":[],"is_endless":false,"potions_floor_spawned":[5,8,10,14,18,23],"killed_by":"Shelled Parasite and Fungi","ascension_level":5}}