{"host":"n4fty02wqqi95laq","time":1608551608,"event":{"mods":["BaseMod","Highlight Path","Minty Spire (QoL Compilation)","Quick Restart","Rare Cards Sparkle","StSLib"],"gold_per_floor":[117,192,117,167,185,5,22,22,45,45,63,63,63],"floor_reached":12,"playtime":222,"items_purged":["Strike_G"],"score":136,"play_id":"a36e91ec-4e5d-4c82-9bdb-46f2d6259983","local_time":"20201221195328","is_ascension_mode":true,"campfire_choices":[{"data":"Acrobatics","floor":10,"key":"SMITH"}],"circlet_count":0,"master_deck":["AscendersBane","Strike_G","Strike_G","Defend_G","Defend_G","Defend_G","Defend_G","Defend_G","Survivor","Neutralize","Escape Plan","Dash","Acrobatics+1","Terror","Concentrate","Calculated Gamble"],"relics":["Runic Dome","Happy Flower"],"acts_visited":[],"potions_floor_usage":[],"damage_taken":[{"damage":0,"enemies":"2 Louse","floor":1,"turns":3},{"damage":7,"enemies":"Cultist","floor":5,"turns":5},{"damage":0,"enemies":"Jaw Worm","floor":7,"turns":3},{"damage":0,"enemies":"2 Fungi Beasts","floor":11,"turns":4},{"damage":51,"enemies":"Gremlin Nob","floor":12,"turns":4}],"seed_played":"-7922531357310351371","potions_obtained":[{"floor":1,"key":"SmokeBomb"}],"is_trial":false,"path_per_floor":["M","?","?","?","M","$","M","?","T","R","M","E"],"character_chosen":"THE_SILENT","items_purchased":["Acrobatics","Terror"],"campfire_rested":0,"item_purchase_floors":[6,6],"current_hp_per_floor":[59,48,48,48,41,41,41,41,41,41,41,0,0],"gold":63,"neow_bonus":"BOSS_RELIC","is_daily":false,"chose_seed":false,"campfire_upgraded":1,"win_rate":0.0,"timestamp":1608551608,"path_taken":["M","?","?","?","M","$","?","?","T","R","M","E"],"items_purchased_type":["Card","Card"],"build_version":"2020-12-13","purchased_purges":1,"victory":false,"max_hp_per_floor":[66,66,66,66,66,66,66,66,66,66,66,66,66],"card_choices":[{"not_picked":["Setup","Leg Sweep"],"picked":"Escape Plan","floor":1},{"not_picked":["Dodge and Roll","Quick Slash"],"picked":"Dash","floor":5},{"not_picked":["Heel Hook","Expertise"],"picked":"Concentrate","floor":7},{"not_picked":["Blur","Prepared"],"picked":"Calculated Gamble","floor":11}],"player_experience":628794,"relics_obtained":[{"floor":9,"key":"Happy Flower"}],"event_choices":[{"damage_healed":0,"gold_gain":75,"player_choice":"Gather Gold","damage_taken":11,"max_hp_gain":0,"max_hp_loss":0,"event_name":"World of Goop","floor":2,"gold_loss":0},{"cards_removed":["Strike_G"],"damage_healed":0,"gold_gain":0,"player_choice":"Card Removal","damage_taken":0,"max_hp_gain":0,"max_hp_loss":0,"event_name":"The Cleric","floor":3,"gold_loss":75},{"damage_healed":0,"gold_gain":50,"player_choice":"Pray","damage_taken":0,"max_hp_gain":0,"max_hp_loss":0,"event_name":"Golden Shrine","floor":4,"gold_loss":0},{"cards_removed":["Strike_G"],"damage_healed":0,"gold_gain":0,"player_choice":"Purged","damage_taken":0,"max_hp_gain":0,"max_hp_loss":0,"event_name":"Purifier","floor":8,"gold_loss":0}],"is_beta":false,"boss_relics":[],"items_purged_floors":[6],"is_endless":false,"potions_floor_spawned":[1],"killed_by":"Gremlin Nob","ascension_level":20}}