{"host":"5fasz840ryq7obdf","time":1608591659,"event":{"mods":["AchievementEnabler","BaseMod","Bestiary","Better Altar","Better Skull","Better Third Choice","BetterRewards","Block Reminder","Colored Powertips","Curses Come First","Minty Spire (QoL Compilation)","Quick Restart","Relic Stats","Shop Mod","Spicy Shops","StSLib"],"gold_per_floor":[114,76,94,110,110,142,142,17,17,49,66,85,119,99,99,173,173,185,198,198,217,217,250,250,266,266,282,282,315,41,74,74,162,162,182,10,74,95,119,156,156,195,221,221,255,302,25,49,49,49,49],"floor_reached":52,"playtime":4107,"items_purged":["Strike_G","Defend_G","Defend_G","Strike_G","Strike_G","Strike_G"],"score":3061,"play_id":"a80968ac-adcc-4a3f-b514-92e467ce6dc8","local_time":"20201221230059","is_ascension_mode":true,"campfire_choices":[{"floor":7.0,"key":"REST"},{"data":"Apotheosis","floor":15.0,"key":"SMITH"},{"data":"Adrenaline","floor":24,"key":"SMITH"},{"data":"Acrobatics","floor":28,"key":"SMITH"},{"data":"Reflex","floor":32,"key":"SMITH"},{"data":"Tools of the Trade","floor":41,"key":"SMITH"},{"data":"Master of Strategy","floor":44,"key":"SMITH"},{"data":"Burst","floor":49,"key":"SMITH"}],"circlet_count":0,"master_deck":["AscendersBane","Defend_G","Defend_G","Defend_G","Survivor","Neutralize","Panache","Panache","Noxious Fumes","Flash of Steel","A Thousand Cuts","Apotheosis+1","Well Laid Plans","Dramatic Entrance","Master of Strategy+1","Finesse","Concentrate","PiercingWail","Backstab","Slice","Cloak And Dagger","Infinite Blades","Bandage Up","Acrobatics+1","Well Laid Plans","Adrenaline+1","Storm of Steel","Backflip","Cloak And Dagger","Reflex+1","Adrenaline","Adrenaline","Blade Dance","Prepared","Flash of Steel","Accuracy","Burst+1","Backflip","Footwork+1","Calculated Gamble","Infinite Blades","Tools of the Trade+1","Concentrate","Terror","Accuracy","Backflip","Blade Dance"],"relics":["Ring of the Snake","DollysMirror","Kunai","TwistedFunnel","Tiny Chest","Vajra","Lantern","PreservedInsect","Sling","Gambling Chip","betterThird:SlimedRelic","White Beast Statue","Membership Card","Bottled Flame","MealTicket","Happy Flower","Empty Cage","Mummified Hand","Omamori","Mercury Hourglass","Question Card","Bag of Marbles","Nunchaku","CeramicFish","HoveringKite","Pen Nib","Unceasing Top","Bag of Preparation","Shuriken","Bottled Lightning","Art of War","Strange Spoon"],"acts_visited":["Exordium","TheCity","TheBeyond"],"potions_floor_usage":[],"damage_taken":[{"damage":0.0,"enemies":"Small Slimes","floor":1.0,"turns":1.0},{"damage":1.0,"enemies":"Jaw Worm","floor":3.0,"turns":2.0},{"damage":0.0,"enemies":"Cultist","floor":4.0,"turns":1.0},{"damage":0.0,"enemies":"3 Sentries","floor":6.0,"turns":2.0},{"damage":0.0,"enemies":"Lagavulin","floor":10.0,"turns":2.0},{"damage":0.0,"enemies":"Blue Slaver","floor":11.0,"turns":2.0},{"damage":0.0,"enemies":"Red Slaver","floor":12.0,"turns":2.0},{"damage":0.0,"enemies":"3 Sentries","floor":13.0,"turns":2.0},{"damage":0.0,"enemies":"Slime Boss","floor":16.0,"turns":4.0},{"damage":0,"enemies":"3 Byrds","floor":18,"turns":1},{"damage":0,"enemies":"2 Thieves","floor":19,"turns":2},{"damage":0,"enemies":"Shelled Parasite and Fungi","floor":21,"turns":3},{"damage":0,"enemies":"Gremlin Leader","floor":23,"turns":1},{"damage":0,"enemies":"Centurion and Healer","floor":25,"turns":3},{"damage":0,"enemies":"Chosen and Byrds","floor":27,"turns":1},{"damage":0,"enemies":"Slavers","floor":29,"turns":1},{"damage":5,"enemies":"Book of Stabbing","floor":31,"turns":3},{"damage":21,"enemies":"Collector","floor":33,"turns":4},{"damage":0,"enemies":"Orb Walker","floor":35,"turns":1},{"damage":8,"enemies":"2 Orb Walkers","floor":37,"turns":2},{"damage":0,"enemies":"3 Darklings","floor":38,"turns":1},{"damage":0,"enemies":"4 Shapes","floor":39,"turns":2},{"damage":0,"enemies":"Giant Head","floor":40,"turns":1},{"damage":0,"enemies":"Reptomancer","floor":42,"turns":1},{"damage":0,"enemies":"Giant Head","floor":45,"turns":1},{"damage":0,"enemies":"Transient","floor":48,"turns":1},{"damage":3,"enemies":"Time Eater","floor":50,"turns":4},{"damage":16,"enemies":"Donu and Deca","floor":51,"turns":2}],"seed_played":"4110686426041781719","potions_obtained":[{"floor":1.0,"key":"BlessingOfTheForge"},{"floor":6.0,"key":"LiquidBronze"},{"floor":10.0,"key":"Swift Potion"},{"floor":14.0,"key":"EntropicBrew"},{"floor":23,"key":"BlessingOfTheForge"},{"floor":25,"key":"CunningPotion"}],"is_trial":false,"path_per_floor":["M","?","M","M","?","E","R","$","T","E","M","M","E","?","R","B",null,"M","M","T","M","?","E","R","M","T","M","R","E","$","E","R","B",null,"M","$","?","M","M","E","R","E","T","R","E","T","$","M","R","B","B",null],"character_chosen":"THE_SILENT","items_purchased":["Panache","DollysMirror","Noxious Fumes","Flash of Steel","Kunai","TwistedFunnel","A Thousand Cuts","Tiny Chest","Apotheosis","Vajra","Lantern","Well Laid Plans","Dramatic Entrance","PreservedInsect","Sling","Gambling Chip","Master of Strategy","Finesse","Concentrate","PiercingWail","Membership Card","Bandage Up","Acrobatics","Bag of Marbles","Nunchaku","Flash of Steel","Accuracy","Pen Nib","Accuracy","Backflip","Strange Spoon"],"campfire_rested":1,"item_purchase_floors":[0,0,0,0,0,0,0,0,0,0,0,0,0,0,0,0,0,0,0,0,8,8,8,30,30,30,30,36,47,47,47],"current_hp_per_floor":[18,7,6,6,6,6,25,25,25,25,29,33,33,33,33,39,59,59,65,65,65,65,66,66,66,66,66,66,66,66,61,61,40,60,66,66,62,62,66,66,66,66,66,66,66,66,66,66,66,66,50],"gold":49,"neow_bonus":"","is_daily":false,"chose_seed":false,"campfire_upgraded":7,"win_rate":0.0,"timestamp":1608591659,"path_taken":["M","?","M","M","?","E","R","$","T","E","M","M","E","?","R","BOSS","M","M","?","M","?","E","R","M","T","?","R","E","$","E","R","BOSS","M","$","?","M","M","E","R","E","T","R","E","?","$","M","R","BOSS","BOSS"],"items_purchased_type":["Card","Relic","Card","Card","Relic","Relic","Card","Relic","Card","Relic","Relic","Card","Card","Relic","Relic","Relic","Card","Card","Card","Card","Relic","Card","Card","Relic","Relic","Card","Card","Relic","Card","Card","Relic"],"build_version":"2020-12-13","purchased_purges":6,"victory":true,"max_hp_per_floor":[66,66,66,66,66,66,66,66,66,66,66,66,66,66,66,66,66,66,66,66,66,66,66,66,66,66,66,66,66,66,66,66,66,66,66,66,66,66,66,66,66,66,66,66,66,66,66,66,66,66,66],"relic_stats":{"Happy Flower":[56],"counters":[84,272],"CeramicFish":495,"HoveringKite":[16],"PreservedInsect":546,"Pen Nib":[48],"Bag of Preparation":[34],"Question Card":10,"Mercury Hourglass":[121],"Strange Spoon":[30],"Nunchaku":[57],"Mummified Hand":[116],"Shuriken":[13],"Gambling Chip":[95],"Tiny Chest":2,"MealTicket":0,"Art of War":[0],"Kunai":[43],"obtain_stats":[{"TwistedFunnel":0,"Ice Cream":37,"CeramicFish":0,"HoveringKite":34,"Vajra":42,"Boot":11,"Sling":19,"Blood Vial":0,"Sozu":17,"Centennial Puzzle":6,"Lizard Tail":19,"DollysMirror":0,"Strawberry":9,"Philosopher\u0027s Stone":17,"MealTicket":10,"HandDrill":12,"Kunai":0,"Girya":0,"Pear":26,"Happy Flower":40,"Pen Nib":12,"War Paint":5,"Question Card":29,"Du-Vu Doll":30,"OrangePellets":54,"Bottled Flame":28,"Shuriken":40,"StrikeDummy":12,"Unceasing Top":37,"Meat on the Bone":39,"Lantern":0,"Torii":43,"Bag of Preparation":19,"Incense Burner":42,"Empty Cage":17,"Nunchaku":0,"Matryoshka":27,"WristBlade":34,"Ninja Scroll":40,"Mummified Hand":20,"Gambling Chip":0,"Tiny Chest":23,"Ring of the Snake":0,"The Specimen":46,"The Courier":45,"PreservedInsect":0,"Omamori":23,"Orichalcum":0,"Frozen Egg 2":43,"MawBank":30,"Medical Kit":45,"White Beast Statue":6,"Mercury Hourglass":26,"Strange Spoon":47,"Anchor":5,"Ornamental Fan":0,"betterThird:SlimedRelic":2,"Orrery":5,"Bag of Marbles":46,"Art of War":46,"Membership Card":0,"Bottled Lightning":24,"TungstenRod":13,"Toy Ornithopter":8,"FossilizedHelix":55},{"TwistedFunnel":0,"Ice Cream":20,"CeramicFish":27,"HoveringKite":18,"Vajra":22,"Boot":6,"Sling":36,"Blood Vial":27,"Sozu":35,"Centennial Puzzle":4,"Lizard Tail":36,"DollysMirror":56,"Strawberry":5,"Philosopher\u0027s Stone":9,"MealTicket":61,"HandDrill":6,"Kunai":0,"Girya":27,"Pear":15,"Happy Flower":21,"Pen Nib":6,"War Paint":29,"Question Card":72,"Du-Vu Doll":42,"OrangePellets":54,"Bottled Flame":16,"Shuriken":21,"StrikeDummy":33,"Unceasing Top":76,"Meat on the Bone":21,"Lantern":56,"Torii":50,"Bag of Preparation":36,"Incense Burner":50,"Empty Cage":65,"Nunchaku":0,"Matryoshka":40,"WristBlade":44,"Ninja Scroll":48,"Mummified Hand":67,"Gambling Chip":56,"Tiny Chest":14,"Ring of the Snake":0,"The Specimen":24,"The Courier":23,"PreservedInsect":56,"Omamori":69,"Orichalcum":0,"Frozen Egg 2":50,"MawBank":17,"Medical Kit":50,"White Beast Statue":60,"Mercury Hourglass":70,"Strange Spoon":81,"Anchor":3,"Ornamental Fan":27,"betterThird:SlimedRelic":57,"Orrery":29,"Bag of Marbles":51,"Art of War":81,"Membership Card":0,"Bottled Lightning":39,"TungstenRod":7,"Toy Ornithopter":31,"FossilizedHelix":55},{"TwistedFunnel":0,"Ice Cream":77,"CeramicFish":100,"HoveringKite":72,"Vajra":83,"Boot":22,"Sling":131,"Blood Vial":100,"Sozu":127,"Centennial Puzzle":13,"Lizard Tail":131,"DollysMirror":220,"Strawberry":16,"Philosopher\u0027s Stone":35,"MealTicket":228,"HandDrill":22,"Kunai":0,"Girya":100,"Pear":60,"Happy Flower":79,"Pen Nib":22,"War Paint":105,"Question Card":250,"Du-Vu Doll":151,"OrangePellets":207,"Bottled Flame":64,"Shuriken":79,"StrikeDummy":119,"Unceasing Top":259,"Meat on the Bone":79,"Lantern":220,"Torii":184,"Bag of Preparation":131,"Incense Burner":184,"Empty Cage":238,"Nunchaku":0,"Matryoshka":145,"WristBlade":159,"Ninja Scroll":177,"Mummified Hand":241,"Gambling Chip":220,"Tiny Chest":54,"Ring of the Snake":0,"The Specimen":89,"The Courier":87,"PreservedInsect":220,"Omamori":245,"Orichalcum":0,"Frozen Egg 2":184,"MawBank":67,"Medical Kit":184,"White Beast Statue":226,"Mercury Hourglass":248,"Strange Spoon":265,"Anchor":9,"Ornamental Fan":100,"betterThird:SlimedRelic":221,"Orrery":105,"Bag of Marbles":187,"Art of War":265,"Membership Card":0,"Bottled Lightning":141,"TungstenRod":25,"Toy Ornithopter":112,"FossilizedHelix":211}],"Unceasing Top":[8],"Ring of the Snake":[168]},"card_choices":[{"not_picked":["Poisoned Stab","Bane"],"picked":"Backstab","floor":1.0},{"not_picked":["Quick Slash","Outmaneuver"],"picked":"Slice","floor":3.0},{"not_picked":["Dodge and Roll","Sucker Punch"],"picked":"Cloak And Dagger","floor":4.0},{"not_picked":["Predator","Outmaneuver"],"picked":"Infinite Blades","floor":6.0},{"not_picked":["Bane","Dodge and Roll","Dagger Throw"],"picked":"SKIP","floor":10.0},{"not_picked":["Dagger Throw","Flying Knee","All Out Attack"],"picked":"SKIP","floor":11.0},{"not_picked":["Underhanded Strike","Dagger Spray"],"picked":"Well Laid Plans","floor":12.0},{"not_picked":["Flying Knee","Quick Slash"],"picked":"Adrenaline","floor":13.0},{"not_picked":["Grand Finale","Unload"],"picked":"Storm of Steel","floor":16.0},{"not_picked":["Flying Knee","Slice"],"picked":"Backflip","floor":18},{"not_picked":["Underhanded Strike","Quick Slash"],"picked":"Cloak And Dagger","floor":19},{"not_picked":["Slice","Expertise"],"picked":"Reflex","floor":21},{"not_picked":["Deadly Poison","Flying Knee"],"picked":"Adrenaline","floor":23},{"not_picked":["Reflex+1","Concentrate+1"],"picked":"Blade Dance","floor":25},{"not_picked":["Dagger Spray","Endless Agony","Eviscerate"],"picked":"SKIP","floor":27},{"not_picked":["Underhanded Strike+1","Deflect"],"picked":"Prepared","floor":29},{"not_picked":["Deadly Poison","Catalyst","Sucker Punch","Flying Knee"],"picked":"SKIP","floor":31},{"not_picked":["Doppelganger","Venomology","Envenom"],"picked":"Burst","floor":33},{"not_picked":["Prepared","Sucker Punch","PiercingWail+1"],"picked":"Backflip","floor":35},{"not_picked":["Well Laid Plans","Endless Agony","All Out Attack"],"picked":"Footwork+1","floor":37},{"not_picked":["Flying Knee","Deadly Poison","Dagger Spray"],"picked":"Calculated Gamble","floor":38},{"not_picked":["Dodge and Roll","Blade Dance","Calculated Gamble"],"picked":"Infinite Blades","floor":39},{"not_picked":["Underhanded Strike","Accuracy","All Out Attack"],"picked":"Tools of the Trade","floor":40},{"not_picked":["Flying Knee","Backflip","Blade Dance+1"],"picked":"Concentrate","floor":42},{"not_picked":["Outmaneuver","Flying Knee","A Thousand Cuts"],"picked":"Terror","floor":45},{"not_picked":["Dagger Spray","PiercingWail","Setup"],"picked":"Blade Dance","floor":48}],"player_experience":897982,"relics_obtained":[{"floor":6.0,"key":"White Beast Statue"},{"floor":9.0,"key":"Bottled Flame"},{"floor":10.0,"key":"MealTicket"},{"floor":13.0,"key":"Happy Flower"},{"floor":20,"key":"Mummified Hand"},{"floor":23,"key":"Omamori"},{"floor":26,"key":"Mercury Hourglass"},{"floor":29,"key":"Question Card"},{"floor":31,"key":"CeramicFish"},{"floor":37,"key":"Unceasing Top"},{"floor":40,"key":"Bag of Preparation"},{"floor":42,"key":"Shuriken"},{"floor":45,"key":"Bottled Lightning"},{"floor":46,"key":"Art of War"}],"event_choices":[{"damage_healed":0.0,"max_hp_gain":0.0,"max_hp_loss":0.0,"gold_gain":0.0,"event_name":"betterThird:BetterGoop","player_choice":"Slimed","floor":2.0,"gold_loss":38.0,"damage_taken":11.0},{"damage_healed":0.0,"max_hp_gain":0.0,"max_hp_loss":0.0,"gold_gain":0.0,"event_name":"betterThird:BetterScrap","player_choice":"LEAVE","floor":5.0,"gold_loss":0.0,"damage_taken":0.0,"cards_obtained":["Wish"]},{"damage_healed":0.0,"max_hp_gain":0.0,"max_hp_loss":0.0,"gold_gain":0.0,"event_name":"The Woman in Blue","player_choice":"Bought 1 Potion","floor":14.0,"gold_loss":0.0,"damage_taken":0.0},{"damage_healed":0,"gold_gain":0,"player_choice":"Copied","damage_taken":0,"max_hp_gain":0,"max_hp_loss":0,"event_name":"Duplicator","floor":22,"gold_loss":0,"cards_obtained":["Adrenaline"]},{"damage_healed":0,"gold_gain":0,"player_choice":"Fight","damage_taken":0,"max_hp_gain":0,"max_hp_loss":0,"event_name":"Mysterious Sphere","floor":37,"gold_loss":0}],"is_beta":false,"boss_relics":[{"not_picked":["SacredBark","Busted Crown"],"picked":"Empty Cage"},{"not_picked":["Ring of the Serpent","SlaversCollar"],"picked":"HoveringKite"}],"items_purged_floors":[0,0,0,30,36,47],"is_endless":false,"potions_floor_spawned":[1,6,10,11,12,13,16,18,19,21,23,25,27,29,31,33,35,37,38,39,40,42,45,48],"ascension_level":20}}