{"host":"zy1i93y56llm6icm","time":1608583399,"event":{"mods":["BaseMod","Colored Map","Downfall","Minty Spire (QoL Compilation)","StSLib"],"gold_per_floor":[99,130,148,167,167,167,167,192,192,192,204,216,216,232,250,353,353,353,366,366,366,366],"floor_reached":20,"playtime":2108,"items_purged":[],"score":184,"play_id":"9d3e9c64-f4da-4663-9397-0ee115ff191e","local_time":"20201221214319","is_ascension_mode":false,"campfire_choices":[{"data":"Slimebound:Tackle","floor":1.0,"key":"SMITH"},{"floor":5.0,"key":"REST"},{"data":"Slimebound:Strike_Slimebound","floor":10.0,"key":"PURGE"},{"floor":18,"key":"RECALL"}],"circlet_count":0,"master_deck":["Slimebound:Strike_Slimebound","Slimebound:Strike_Slimebound","Slimebound:Tackle+1","Slimebound:Defend_Slimebound","Slimebound:Defend_Slimebound","Slimebound:Defend_Slimebound","Slimebound:Split","Slimebound:CorrosiveSpit","Slimebound:GoopSpray","Slimebound:GrowthPunch","Slimebound:PressTheAttack","Slimebound:Overexert","Slimebound:LeechingTouch","Slimebound:SlimeSpikes","Slimebound:SplitLeeching","Slimebound:Nibble","Slimebound:PrepareCrush","Slimebound:ViciousTackle"],"relics":["Slimebound:AbsorbEndCombat","Centennial Puzzle","StoneCalendar","Slimebound:ScrapOozeRelic","SacredBark"],"acts_visited":["Exordium","TheCity"],"potions_floor_usage":[12,16,20],"damage_taken":[{"damage":36.0,"enemies":"3 Sentries","floor":2.0,"turns":11.0},{"damage":18.0,"enemies":"Jaw Worm","floor":3.0,"turns":2.0},{"damage":15.0,"enemies":"Small Slimes","floor":4.0,"turns":3.0},{"damage":45.0,"enemies":"Lagavulin","floor":8.0,"turns":6.0},{"damage":13.0,"enemies":"Cultist","floor":11.0,"turns":3.0},{"damage":4,"enemies":"Lots of Slimes","floor":12,"turns":2},{"damage":10,"enemies":"Red Slaver","floor":14,"turns":2},{"damage":14,"enemies":"Exordium Thugs","floor":15,"turns":3},{"damage":29,"enemies":"downfall:Watcher","floor":16,"turns":7},{"damage":34,"enemies":"3 Byrds","floor":19,"turns":4},{"damage":60,"enemies":"Book of Stabbing","floor":20,"turns":5}],"seed_played":"1473266579484756699","potions_obtained":[{"floor":2.0,"key":"Energy Potion"},{"floor":8.0,"key":"Fire Potion"},{"floor":14,"key":"Strength Potion"}],"is_trial":false,"path_per_floor":["R","E","M","M","R","?","T","E","?","R","M","M","?","M","M","B",null,"R","M","E"],"character_chosen":"SLIMEBOUND","items_purchased":[],"campfire_rested":1,"item_purchase_floors":[],"current_hp_per_floor":[66,38,26,19,38,60,60,29,29,29,22,30,30,28,24,13,66,66,42,0,0,0],"gold":366,"neow_bonus":"TEN_PERCENT_HP_BONUS","is_daily":false,"chose_seed":false,"campfire_upgraded":1,"win_rate":0.0,"timestamp":1608583399,"path_taken":["R","E","M","M","R","?","T","E","?","R","M","M","?","?","M","BOSS","R","?","E"],"items_purchased_type":[],"build_version":"2020-12-13","purchased_purges":0,"victory":false,"max_hp_per_floor":[66,66,66,66,66,66,66,66,66,66,66,66,66,66,66,66,66,66,66,66,66,66],"card_choices":[{"not_picked":["Slimebound:Prepare","Slimebound:MegaLick"],"picked":"Slimebound:GoopSpray","floor":2.0},{"not_picked":["Slimebound:Schlurp","Slimebound:ComboTackle"],"picked":"Slimebound:GrowthPunch","floor":3.0},{"not_picked":["Slimebound:ViciousTackle","Slimebound:SplitBruiser"],"picked":"Slimebound:PressTheAttack","floor":4.0},{"not_picked":["Slimebound:Chomp","Slimebound:DisruptingSlam"],"picked":"Slimebound:Overexert","floor":8.0},{"not_picked":["Slimebound:ComboTackle","Slimebound:LeechEnergy"],"picked":"Slimebound:LeechingTouch","floor":11.0},{"not_picked":["Slimebound:FinishingTackle","Slimebound:LeechEnergy"],"picked":"Slimebound:SlimeSpikes","floor":12},{"not_picked":["Slimebound:Equalize","Slimebound:LeechEnergy"],"picked":"Slimebound:SplitLeeching","floor":14},{"not_picked":["Slimebound:GrowthPunch","Slimebound:SplitLeeching"],"picked":"Slimebound:Nibble","floor":15},{"not_picked":["Slimebound:MassFeed","Slimebound:MinionMaster"],"picked":"Slimebound:PrepareCrush","floor":16},{"not_picked":["Slimebound:Nibble","Slimebound:SpikyOuterGoop"],"picked":"Slimebound:ViciousTackle","floor":19}],"player_experience":22546,"relics_obtained":[{"floor":2.0,"key":"Centennial Puzzle"},{"floor":7.0,"key":"StoneCalendar"},{"floor":8.0,"key":"Vajra"}],"event_choices":[{"damage_healed":22.0,"max_hp_gain":0.0,"max_hp_loss":0.0,"gold_gain":0.0,"event_name":"Big Fish","player_choice":"Banana","floor":6.0,"gold_loss":0.0,"damage_taken":0.0},{"cards_removed":["Slimebound:Defend_Slimebound"],"damage_healed":0,"gold_gain":0,"player_choice":"Card Removal","damage_taken":0,"max_hp_gain":0,"max_hp_loss":0,"event_name":"The Cleric","floor":13,"gold_loss":0}],"is_beta":false,"boss_relics":[{"not_picked":["Cursed Key","Snecko Eye"],"picked":"SacredBark"}],"items_purged_floors":[],"is_endless":false,"potions_floor_spawned":[2,8,14],"killed_by":"Book of Stabbing","ascension_level":0}}