{"host":"iyvjjqtjrywxqc57","time":1608551594,"event":{"mods":["AchievementEnabler","BaseMod","Bestiary","Colored Map","Colored Powertips","Downfall","Minty Spire (QoL Compilation)","Quick Restart","Rare Cards Sparkle","StSLib"],"gold_per_floor":[99,99,99,99,126,126,126,16,36,67,78,9,0,10,20,115,115,115,215,230,155,155,166,166,91,106,106,106,106],"floor_reached":27,"playtime":3902,"items_purged":[],"score":244,"play_id":"39b17760-01bc-4e1a-b755-1ba8b4ae1f87","local_time":"20201221055314","is_ascension_mode":false,"campfire_choices":[{"data":"Guardian:TwinSlam","floor":1,"key":"SMITH"},{"data":"Guardian:CurlUp","floor":4,"key":"SMITH"},{"data":"Guardian:Strike_Guardian","floor":6,"key":"SMITH"},{"floor":18,"key":"RECALL"},{"data":"expansioncontent:Collect","floor":21,"key":"SMITH"},{"data":"Guardian:StasisStrike","floor":25,"key":"SMITH"}],"circlet_count":0,"master_deck":["Guardian:Strike_Guardian+1","Guardian:Strike_Guardian+1","Guardian:Strike_Guardian","Guardian:Defend_Guardian","Guardian:Defend_Guardian","Guardian:Defend_Guardian","Guardian:Defend_Guardian","Guardian:CurlUp+1","Guardian:TwinSlam+1","Guardian:ChargeCore+1","Guardian:PiercingHide","Guardian:BronzeOrb","Guardian:EvasiveProtocol","Guardian:BronzeArmor","Guardian:PrimingBeam","Guardian:Preprogram","Guardian:Recover","Guardian:WalkerClaw","Guardian:StasisStrike+1","Guardian:Preprogram","Guardian:PrimingBeam","Shame","expansioncontent:Collect+1","Guardian:RollAttack","RitualDagger+1","Guardian:TimeBomb+1","Guardian:ShieldCharger"],"relics":["Guardian:ModeShifter","Blood Vial","Pantograph","Whetstone","SlaversCollar","downfall:GremlinSack","downfall:HeartBlessingRed","downfall:HeartBlessingBlue"],"acts_visited":["Exordium","TheCity"],"potions_floor_usage":[16,16,19],"damage_taken":[{"damage":24,"enemies":"Gremlin Nob","floor":5,"turns":5},{"damage":0,"enemies":"downfall:FleeingMerchant","floor":8,"turns":4},{"damage":0,"enemies":"2 Louse","floor":9,"turns":2},{"damage":14,"enemies":"Lagavulin","floor":10,"turns":8},{"damage":0,"enemies":"Small Slimes","floor":11,"turns":3},{"damage":0,"enemies":"downfall:FleeingMerchant","floor":12,"turns":4},{"damage":0,"enemies":"downfall:FleeingMerchant","floor":13,"turns":4},{"damage":0,"enemies":"Jaw Worm","floor":14,"turns":2},{"damage":9,"enemies":"Gremlin Gang","floor":15,"turns":4},{"damage":4,"enemies":"downfall:Silent","floor":16,"turns":10},{"damage":2,"enemies":"downfall:Silent","floor":19,"turns":5},{"damage":15,"enemies":"3 Byrds","floor":20,"turns":5},{"damage":18,"enemies":"Spheric Guardian","floor":23,"turns":4},{"damage":22,"enemies":"Centurion and Healer","floor":26,"turns":5},{"damage":56,"enemies":"Gremlin Leader","floor":27,"turns":6}],"seed_played":"4383384459690019845","potions_obtained":[{"floor":9,"key":"Regen Potion"},{"floor":10,"key":"Dexterity Potion"},{"floor":15,"key":"LiquidBronze"},{"floor":16,"key":"PowerPotion"},{"floor":19,"key":"Guardian:StasisDiscoveryPotion"},{"floor":22,"key":"CultistPotion"},{"floor":23,"key":"Energy Potion"},{"floor":26,"key":"SteroidPotion"}],"is_trial":false,"path_per_floor":["R","?","?","R","E","R","T","$","M","E","M","$","$","M","M","B",null,"R","?","M","R","?","M","T","R","M","E"],"character_chosen":"GUARDIAN","items_purchased":["Guardian:Gem_Blue","Guardian:ChargeCore","Guardian:PrimingBeam"],"campfire_rested":0,"item_purchase_floors":[8,8,12],"current_hp_per_floor":[88,88,88,88,64,64,64,66,68,56,58,60,62,64,57,80,88,88,86,73,73,73,57,57,67,47,0,0,0],"gold":106,"neow_bonus":"TEN_PERCENT_HP_BONUS","is_daily":false,"chose_seed":false,"campfire_upgraded":5,"win_rate":0.0,"timestamp":1608551594,"path_taken":["R","?","?","R","E","R","T","?","M","E","M","$","$","?","M","BOSS","R","?","?","R","?","M","T","R","M","E"],"items_purchased_type":["Card","Card","Card"],"build_version":"2020-12-13","purchased_purges":0,"victory":false,"max_hp_per_floor":[88,88,88,88,88,88,88,88,88,88,88,88,88,88,88,88,88,88,88,88,88,88,88,88,98,98,98,98,98],"card_choices":[{"not_picked":["Guardian:Gem_Cyan","Guardian:PolyBeam"],"picked":"Guardian:Gem_Purple","floor":5},{"not_picked":["Guardian:ChargeUp","Guardian:BronzeOrb","Guardian:TimeSifter"],"picked":"SKIP","floor":8},{"not_picked":["Guardian:WalkerClaw","Guardian:RollAttack"],"picked":"Guardian:PiercingHide","floor":9},{"not_picked":["Guardian:SentryBeam","Guardian:Gem_Green"],"picked":"Guardian:BronzeOrb","floor":10},{"not_picked":["Guardian:GuardianWhirl","Guardian:FloatingOrbs"],"picked":"Guardian:EvasiveProtocol","floor":11},{"not_picked":["Guardian:AncientConstruct","Guardian:Incinerate"],"picked":"Guardian:BronzeArmor","floor":12},{"not_picked":["Guardian:Clone","Guardian:TimeCapacitor"],"picked":"Guardian:Preprogram","floor":13},{"not_picked":["Guardian:RollAttack","Guardian:VentSteam"],"picked":"Guardian:Recover","floor":14},{"not_picked":["Guardian:Incinerate","Guardian:PrimingBeam"],"picked":"Guardian:Gem_Crimson","floor":15},{"not_picked":["Guardian:SphericShield","Guardian:StasisStrike"],"picked":"Guardian:Gem_Synthetic","floor":16},{"not_picked":["Guardian:Planning+1","Guardian:VentSteam"],"picked":"Guardian:WalkerClaw","floor":19},{"not_picked":["Guardian:Suspension","Guardian:VentSteam"],"picked":"Guardian:RollAttack","floor":20},{"not_picked":["Guardian:Incinerate","Guardian:DonusPower"],"picked":"Guardian:TimeBomb+1","floor":23},{"not_picked":["Guardian:PiercingHide","Guardian:Suspension"],"picked":"Guardian:ShieldCharger","floor":26}],"player_experience":21593,"relics_obtained":[{"floor":5,"key":"Blood Vial"},{"floor":7,"key":"Pantograph"},{"floor":10,"key":"Whetstone"},{"floor":19,"key":"downfall:GremlinSack"}],"event_choices":[],"is_beta":false,"boss_relics":[{"not_picked":["Cursed Key","Runic Pyramid"],"picked":"SlaversCollar"}],"items_purged_floors":[],"is_endless":false,"potions_floor_spawned":[9,10,15,16,19,23,26],"killed_by":"Gremlin Leader","ascension_level":0}}