{"host":"qcrs6yezstv9uxio","time":1608581289,"event":{"mods":["BaseMod","Minty Spire (QoL Compilation)","Quick Restart","Shop Mod","StSLib"],"gold_per_floor":[109,181,192,192,48,83,161,7,307,322,322,347,347,347,347,477,477,497,497,497,471,386,386,404,8,8,32,32,32,32,57,57,57,57],"floor_reached":33,"playtime":1159,"items_purged":["Strike_P"],"score":276,"play_id":"e02bd29c-842c-4e78-9722-4ea90fc55f4b","local_time":"20201221180809","is_ascension_mode":true,"campfire_choices":[{"floor":11.0,"key":"REST"},{"floor":15.0,"key":"REST"},{"data":"Eruption","floor":23,"key":"SMITH"},{"floor":30,"key":"REST"},{"data":"TalkToTheHand","floor":32,"key":"SMITH"}],"circlet_count":0,"master_deck":["Strike_P","Strike_P","Defend_P","Defend_P","Defend_P","Defend_P","Eruption+1","Vigilance","FlurryOfBlows","Halt","MentalFortress+1","SashWhip","EmptyBody","SashWhip","CrushJoints","Halt","LikeWater+1","Evaluate","Perseverance","Devotion+1","Perseverance+1","TalkToTheHand+1","CrushJoints","EmptyFist","TalkToTheHand","Sanctity+1","Evaluate"],"relics":["PureWater","Frozen Egg 2","Regal Pillow","Old Coin","Du-Vu Doll","Golden Idol","Boot","Sozu","Juzu Bracelet","Gremlin Horn","Torii"],"acts_visited":["Exordium","TheCity"],"potions_floor_usage":[16],"damage_taken":[{"damage":0.0,"enemies":"Cultist","floor":1.0,"turns":3.0},{"damage":14.0,"enemies":"Small Slimes","floor":3.0,"turns":3.0},{"damage":24.0,"enemies":"Lagavulin","floor":6.0,"turns":7.0},{"damage":0.0,"enemies":"Jaw Worm","floor":10.0,"turns":3.0},{"damage":24.0,"enemies":"3 Sentries","floor":12.0,"turns":8.0},{"damage":53,"enemies":"Slime Boss","floor":16,"turns":13},{"damage":15,"enemies":"Spheric Guardian","floor":18,"turns":6},{"damage":12,"enemies":"2 Thieves","floor":21,"turns":5},{"damage":30,"enemies":"Shelled Parasite and Fungi","floor":24,"turns":6},{"damage":29,"enemies":"Chosen and Byrds","floor":27,"turns":8},{"damage":8,"enemies":"Snake Plant","floor":31,"turns":7},{"damage":49,"enemies":"Collector","floor":33,"turns":7}],"seed_played":"8154160342193847623","potions_obtained":[{"floor":1.0,"key":"FairyPotion"},{"floor":12.0,"key":"Regen Potion"}],"is_trial":false,"path_per_floor":["M","T","M","?","$","E","T","$","T","M","R","E","?","?","R","B",null,"M","?","?","M","?","R","M","$","T","M","$","?","R","M","R","B"],"character_chosen":"WATCHER","items_purchased":["MentalFortress+1","SashWhip","EmptyBody","CrushJoints","Halt","LikeWater+1","Gremlin Horn","TalkToTheHand"],"campfire_rested":3,"item_purchase_floors":[5,5,5,8,8,8,25,25],"current_hp_per_floor":[72,72,58,63,63,39,39,39,39,39,77,53,34,16,54,16,77,62,62,62,50,50,50,20,20,20,23,23,23,61,53,53,4,4],"gold":57,"neow_bonus":"REMOVE_CARD","is_daily":false,"chose_seed":false,"campfire_upgraded":2,"win_rate":0.0,"timestamp":1608581289,"path_taken":["M","?","?","?","?","E","?","$","T","M","R","E","?","?","R","BOSS","M","?","?","?","?","R","M","?","T","M","$","?","R","M","R","BOSS"],"items_purchased_type":["Card","Card","Card","Card","Card","Card","Relic","Card"],"build_version":"2020-12-13","purchased_purges":1,"victory":false,"max_hp_per_floor":[72,72,72,77,77,77,77,77,77,77,77,77,77,77,77,77,77,77,77,77,77,77,77,77,77,77,77,77,77,77,77,77,77,77],"card_choices":[{"not_picked":["CutThroughFate","BowlingBash"],"picked":"FlurryOfBlows","floor":1.0},{"not_picked":["Protect","Consecrate"],"picked":"Halt","floor":3.0},{"not_picked":["CutThroughFate","Protect"],"picked":"SashWhip","floor":6.0},{"not_picked":["Halt","FollowUp"],"picked":"Evaluate","floor":10.0},{"not_picked":["MentalFortress+1","FlurryOfBlows"],"picked":"Perseverance","floor":12.0},{"not_picked":["ConjureBlade","LessonLearned"],"picked":"Devotion+1","floor":16},{"not_picked":["CrushJoints","FlyingSleeves"],"picked":"Perseverance+1","floor":18},{"not_picked":["ClearTheMind","WreathOfFlame"],"picked":"CrushJoints","floor":21},{"not_picked":["PathToVictory+1","CutThroughFate+1"],"picked":"EmptyFist","floor":24},{"not_picked":["ThirdEye+1","Meditate"],"picked":"Sanctity+1","floor":27},{"not_picked":["Protect","WaveOfTheHand+1"],"picked":"Evaluate","floor":31}],"player_experience":409228,"relics_obtained":[{"floor":2.0,"key":"Frozen Egg 2"},{"floor":6.0,"key":"Regal Pillow"},{"floor":9.0,"key":"Old Coin"},{"floor":12.0,"key":"Du-Vu Doll"},{"floor":26,"key":"Torii"}],"event_choices":[{"damage_healed":0.0,"max_hp_gain":5.0,"max_hp_loss":0.0,"gold_gain":0.0,"event_name":"Big Fish","player_choice":"Donut","floor":4.0,"gold_loss":0.0,"damage_taken":0.0},{"damage_healed":0.0,"max_hp_gain":0.0,"max_hp_loss":0.0,"gold_gain":0.0,"event_name":"Golden Idol","player_choice":"Take Damage","floor":13.0,"gold_loss":0.0,"damage_taken":19.0,"relics_obtained":["Golden Idol"]},{"damage_healed":0.0,"max_hp_gain":0.0,"max_hp_loss":0.0,"gold_gain":0.0,"event_name":"Scrap Ooze","player_choice":"Success","floor":14.0,"gold_loss":0.0,"damage_taken":18.0,"relics_obtained":["Boot"]},{"damage_healed":0,"gold_gain":0,"player_choice":"Read","damage_taken":0,"max_hp_gain":0,"max_hp_loss":0,"event_name":"The Library","floor":19,"gold_loss":0,"cards_obtained":["TalkToTheHand"]},{"damage_healed":0,"gold_gain":0,"player_choice":"Bought 0 Potions","damage_taken":0,"max_hp_gain":0,"max_hp_loss":0,"event_name":"The Woman in Blue","floor":20,"gold_loss":0},{"damage_healed":0,"gold_gain":0,"player_choice":"Obtained Relic","damage_taken":0,"relics_obtained":["Juzu Bracelet"],"max_hp_gain":0,"max_hp_loss":0,"event_name":"Addict","floor":22,"gold_loss":85},{"damage_healed":0,"gold_gain":0,"player_choice":"Ignored","damage_taken":0,"max_hp_gain":0,"max_hp_loss":0,"event_name":"Ghosts","floor":29,"gold_loss":0}],"is_beta":false,"boss_relics":[{"not_picked":["Fusion Hammer","Runic Pyramid"],"picked":"Sozu"}],"items_purged_floors":[25],"is_endless":false,"potions_floor_spawned":[1,12,24,27,31],"killed_by":"Collector","ascension_level":2}}