{"host":"8a3g9edf69u3epoz","time":1608543987,"event":{"mods":["BaseMod","Minty Spire (QoL Compilation)","MostiFishMod","Relic Stats","Remilia（蕾米莉亚）","StSLib","TestMod","UnlockEverythingMod","WarShipGirlsR/战舰少女R mod"],"gold_per_floor":[112,130,130,144,175,206,206,238,238,272,292,242,242,253,253,368,368,400,400,435,24,24,56,56,155,178,178,229,229,264,275,275,391,391,402,412,86,86,96,96,148,148,148,181,230,266,319,25,25,55,55,55,55,107,119],"floor_reached":56,"playtime":6805,"items_purged":["Strike_RM","Defend_RM","Strike_RM"],"score":2088,"play_id":"b3e243e2-5880-4ce9-9634-f0ed93f9442a","local_time":"20201221174627","is_ascension_mode":true,"campfire_choices":[{"data":"RedMoon","floor":7,"key":"SMITH"},{"data":"ScarletMeister","floor":13,"key":"SMITH"},{"data":"ScarletImprint","floor":15,"key":"SMITH"},{"data":"EquivalentExchange","floor":24,"key":"SMITH"},{"data":"FavorOfDestiny","floor":27,"key":"SMITH"},{"data":"ScarletMeister","floor":29,"key":"SMITH"},{"data":"TricksterDevil","floor":32,"key":"SMITH"},{"floor":40,"key":"RECALL"},{"data":"BloodRain","floor":42,"key":"SMITH"},{"data":"BloodySeventeenLaser","floor":49,"key":"SMITH"},{"data":"DiffusionOfMisfortune","floor":52,"key":"SMITH"}],"circlet_count":0,"master_deck":["AscendersBane","Strike_RM","Defend_RM+1","Defend_RM","Defend_RM","RedMoon+1","ScarletShoot+1","FavorOfDestiny+1","MillenniumVampire","ForecastOfChange","MastersStateliness","ScarletMeister+1","MiserableFate","ScarletImprint+1","BloodyHallows+1","EternalNight","VampireFantasy+1","Necronomicurse","HeartBreak+1","EquivalentExchange+1","ScarletMeister+1","DiffusionOfMisfortune+1","TricksterDevil+1","BloodRain+1","BloodySeventeenLaser+1","BloodAndWine+1"],"relics":["ScarletHat","testmod-TestBox","testmod-SaigiyounoYou","DianPoetry","NeowsBlessing","Question Card","Vajra","Matryoshka","testmod-DragonStarHat","testmod-BalancedPeriapt","Blood Vial","ImportantClient","SlaversCollar","Necronomicon","Whetstone","testmod-Register","testmod-LifeArmor","DaveBox","DianPoetry","testmod-OneHitWonder","Tiny Chest","War Paint","Letter Opener","Bronze Scales","RhineSuit","FossilizedHelix","Sundial","testmod-Acrobat","Regal Pillow","SentryEyes","Ornamental Fan","HornCleat"],"acts_visited":["Exordium","TheCity","TheBeyond","TheEnding"],"potions_floor_usage":[10,14,16,20,33,36,41,41,45,46,50,54],"damage_taken":[{"damage":0.0,"enemies":"Jaw Worm","floor":1.0,"turns":1.0},{"damage":0.0,"enemies":"2 Louse","floor":2.0,"turns":1.0},{"damage":0.0,"enemies":"Small Slimes","floor":4.0,"turns":2.0},{"damage":0.0,"enemies":"Blue Slaver","floor":5.0,"turns":5.0},{"damage":0,"enemies":"3 Sentries","floor":6,"turns":13},{"damage":0,"enemies":"Looter","floor":8,"turns":2},{"damage":3,"enemies":"Gremlin Nob","floor":10,"turns":5},{"damage":4,"enemies":"Exordium Thugs","floor":11,"turns":4},{"damage":10,"enemies":"Lots of Slimes","floor":14,"turns":5},{"damage":12,"enemies":"The Guardian","floor":16,"turns":7},{"damage":19,"enemies":"Chosen","floor":18,"turns":5},{"damage":8,"enemies":"3 Byrds","floor":20,"turns":4},{"damage":14,"enemies":"Slavers","floor":23,"turns":4},{"damage":8,"enemies":"Gremlin Leader","floor":28,"turns":3},{"damage":7,"enemies":"Book of Stabbing","floor":30,"turns":2},{"damage":7,"enemies":"Shelled Parasite and Fungi","floor":31,"turns":3},{"damage":8,"enemies":"Automaton","floor":33,"turns":6},{"damage":3,"enemies":"3 Darklings","floor":35,"turns":2},{"damage":5,"enemies":"3 Shapes","floor":36,"turns":2},{"damage":0,"enemies":"Maw","floor":39,"turns":4},{"damage":5,"enemies":"Reptomancer","floor":41,"turns":4},{"damage":0,"enemies":"Nemesis","floor":44,"turns":3},{"damage":11,"enemies":"Transient","floor":45,"turns":5},{"damage":4,"enemies":"4 Shapes","floor":46,"turns":4},{"damage":0,"enemies":"Mind Bloom Boss Battle","floor":47,"turns":3},{"damage":12,"enemies":"Awakened One","floor":50,"turns":5},{"damage":0,"enemies":"Shield and Spear","floor":54,"turns":3},{"damage":8,"enemies":"The Heart","floor":55,"turns":4}],"seed_played":"-7162726419904089918","potions_obtained":[{"floor":1.0,"key":"Weak Potion"},{"floor":5.0,"key":"SkillPotion"},{"floor":6,"key":"Strength Potion"},{"floor":10,"key":"LiquidBronze"},{"floor":14,"key":"GamblersBrew"},{"floor":16,"key":"Swift Potion"},{"floor":20,"key":"SpeedPotion"},{"floor":35,"key":"DistilledChaos"},{"floor":36,"key":"PowerPotion"},{"floor":44,"key":"AttackPotion"}],"is_trial":false,"path_per_floor":["M","M","?","M","M","E","R","M","T","E","M","?","R","M","R","B",null,"M","?","M","$","?","E","R","?","T","R","E","R","E","M","R","B",null,"M","M","$","?","M","R","E","R","T","E","M","M","?","$","R","B",null,"R","$","E","B",null],"character_chosen":"REMILIA","items_purchased":["Whetstone","testmod-Register","testmod-LifeArmor","FossilizedHelix","Ornamental Fan"],"campfire_rested":0,"item_purchase_floors":[21,21,21,37,48],"current_hp_per_floor":[69,71,53,55,66,75,75,75,75,75,75,75,75,75,75,75,75,71,55,68,68,68,75,75,75,75,75,75,75,72,75,75,75,75,75,75,75,75,75,75,75,75,75,75,75,75,75,75,75,74,75,75,75,75,75],"gold":119,"neow_bonus":"THREE_ENEMY_KILL","is_daily":false,"chose_seed":false,"campfire_upgraded":10,"win_rate":0.0,"timestamp":1608543987,"path_taken":["M","M","?","M","M","E","R","M","T","E","M","?","R","M","R","BOSS","M","?","M","$","?","E","R","?","T","R","E","R","E","M","R","BOSS","M","M","$","?","M","R","E","R","T","E","M","?","?","$","R","BOSS","R","$","E","BOSS"],"items_purchased_type":["Relic","Relic","Relic","Relic","Relic"],"build_version":"2020-12-13","purchased_purges":3,"victory":true,"max_hp_per_floor":[75,75,75,75,75,75,75,75,75,75,75,75,75,75,75,75,75,75,75,75,75,75,75,75,75,75,75,75,75,75,75,75,75,75,75,75,75,75,75,75,75,75,75,75,75,75,75,75,75,75,75,75,75,75,75],"relic_stats":{"Regal Pillow":0,"counters":[28,111],"Whetstone":["ScarletShoot","HeartBreak"],"Letter Opener":[150],"War Paint":["BloodyHallows","Defend_RM"],"Question Card":33,"Blood Vial":6,"Sundial":[2],"Ornamental Fan":[20],"Bronze Scales":[147],"Tiny Chest":0,"Necronomicon":[11],"obtain_stats":[{"Regal Pillow":44,"DaveBox":0,"DianPoetry":0,"Vajra":3,"RhineSuit":34,"testmod-LifeArmor":21,"Whetstone":21,"ScarletHat":0,"Blood Vial":10,"Matryoshka":6,"HornCleat":54,"Sundial":38,"Tiny Chest":26,"testmod-DragonStarHat":9,"Necronomicon":19,"ImportantClient":16,"testmod-TestBox":0,"NeowsBlessing":0,"testmod-Register":21,"Letter Opener":28,"War Paint":26,"testmod-SaigiyounoYou":0,"Question Card":1,"SlaversCollar":17,"Ornamental Fan":48,"Bronze Scales":30,"testmod-Acrobat":41,"SentryEyes":47,"testmod-BalancedPeriapt":9,"testmod-OneHitWonder":23,"FossilizedHelix":37},{"Regal Pillow":22,"DaveBox":0,"DianPoetry":0,"Vajra":2,"RhineSuit":17,"testmod-LifeArmor":12,"Whetstone":12,"ScarletHat":0,"Blood Vial":7,"Matryoshka":5,"HornCleat":27,"Sundial":19,"Tiny Chest":13,"testmod-DragonStarHat":6,"Necronomicon":11,"ImportantClient":10,"testmod-TestBox":0,"NeowsBlessing":0,"testmod-Register":12,"Letter Opener":14,"War Paint":13,"testmod-SaigiyounoYou":0,"Question Card":1,"SlaversCollar":10,"Ornamental Fan":25,"Bronze Scales":15,"testmod-Acrobat":21,"SentryEyes":25,"testmod-BalancedPeriapt":6,"testmod-OneHitWonder":13,"FossilizedHelix":19},{"Regal Pillow":87,"DaveBox":0,"DianPoetry":0,"Vajra":2,"RhineSuit":72,"testmod-LifeArmor":54,"Whetstone":54,"ScarletHat":0,"Blood Vial":29,"Matryoshka":22,"HornCleat":107,"Sundial":76,"Tiny Chest":58,"testmod-DragonStarHat":24,"Necronomicon":50,"ImportantClient":45,"testmod-TestBox":0,"NeowsBlessing":0,"testmod-Register":54,"Letter Opener":61,"War Paint":58,"testmod-SaigiyounoYou":0,"Question Card":1,"SlaversCollar":45,"Ornamental Fan":99,"Bronze Scales":63,"testmod-Acrobat":84,"SentryEyes":99,"testmod-BalancedPeriapt":24,"testmod-OneHitWonder":58,"FossilizedHelix":76}]},"card_choices":[{"not_picked":["RedNightlessCastle","BloodAndWine","VampireSweep"],"picked":"SKIP","floor":1.0},{"not_picked":["NightDance","ScarletDevil","RedRainbow","ForbiddenFruit"],"picked":"SKIP","floor":2.0},{"not_picked":["Maim","BloodyMagicSquare","CharismaGuard"],"picked":"FavorOfDestiny","floor":4.0},{"not_picked":["LeisurelyOfLord","NightDance","UnderTheZenith"],"picked":"MillenniumVampire","floor":5.0},{"not_picked":["ScarletDevilSign","StarOfDavid","FavorOfDestiny"],"picked":"ForecastOfChange","floor":6},{"not_picked":["BloodyMagicSquare","BloodHunter","ScarletGensokyo"],"picked":"Ultimatum","floor":8},{"not_picked":["BlasphemousPunishment","DiffusionOfMisfortune","BloodyMagicSquare"],"picked":"MastersStateliness","floor":10},{"not_picked":["Stigmanizer","NightLord","UnstableMagic","BloodHunter"],"picked":"SKIP","floor":10},{"not_picked":["LeisurelyOfLord","UnderTheZenith","NightDance"],"picked":"ScarletMeister","floor":11},{"not_picked":["BombardNight","FavorOfDestiny","MillenniumVampire"],"picked":"MiserableFate","floor":11},{"not_picked":["RedRainbow","EndlessAdversity","FavorOfDestiny"],"picked":"ScarletImprint","floor":14},{"not_picked":["EmergencyRegeneration","VampireSweep","ScarletDevil","RedMagic"],"picked":"SKIP","floor":14},{"not_picked":["HeartBreak","ScarletMeister","BloodRain"],"picked":"BloodyHallows","floor":16},{"not_picked":["RedRainbow","UnderTheZenith+1","VampirishNight"],"picked":"EternalNight","floor":18},{"not_picked":["UnderTheZenith","DiffusionOfMisfortune+1","BlasphemousPunishment"],"picked":"VampireFantasy+1","floor":18},{"not_picked":["TwelveNightmare+1","UnderTheZenith","StarOfDavid"],"picked":"HeartBreak","floor":20},{"not_picked":["MillenniumVampire+1","Septette","CharismaGuard","MastersStateliness"],"picked":"SKIP","floor":20},{"not_picked":["DevilSight","RedNightlessCastle","ChaoticDestiny"],"picked":"EquivalentExchange","floor":23},{"not_picked":["RedRainbow","ScarletImprint","ScarletGensokyo","DevilSight"],"picked":"SKIP","floor":23},{"not_picked":["ScarletImprint+1","FavorOfDestiny","BloodAndWine"],"picked":"ScarletMeister","floor":28},{"not_picked":["BloodyTrap+1","BlasphemousPunishment+1","BombardNight"],"picked":"DiffusionOfMisfortune","floor":28},{"not_picked":["NightDance","UnderTheZenith+1","BlasphemousPunishment"],"picked":"TricksterDevil","floor":30},{"not_picked":["LeisurelyOfLord","BombardNight","GlobalNightmare","BlasphemousPunishment"],"picked":"SKIP","floor":31},{"not_picked":["ScarletMeister","KillingBlow","TricksterDevil"],"picked":"BloodRain","floor":33},{"not_picked":["ChainGang","BlasphemousPunishment","ScarletImprint","LeisurelyOfLord+1"],"picked":"SKIP","floor":35},{"not_picked":["SuperhumanBloodyKnife+1","Septette","RedRainbow","UnstableMagic+1"],"picked":"SKIP","floor":36},{"not_picked":["StarOfDavid+1","CharismaGuard","BloodHunter+1","FavorOfDestiny"],"picked":"SKIP","floor":39},{"not_picked":["BloodyMagicSquare","TwelveNightmare+1","CeilingFear","DiffusionOfMisfortune+1"],"picked":"SKIP","floor":41},{"not_picked":["VampireSweep+1","TwelveNightmare","UnderTheZenith+1"],"picked":"BloodySeventeenLaser","floor":44},{"not_picked":["ChainGang+1","ScarletImprint","VampireKiss+1"],"picked":"BloodAndWine+1","floor":44},{"not_picked":["EmergencyRegeneration","VampireSweep","BlasphemousPunishment+1","Stigmanizer+1"],"picked":"SKIP","floor":45},{"not_picked":["StarOfDavid+1","CharismaGuard","EndlessAdversity+1","VampireKiss"],"picked":"SKIP","floor":46},{"not_picked":["RedRainbow","FavorOfDestiny+1","ScarletMeister","ScarletImprint+1"],"picked":"SKIP","floor":54}],"player_experience":80920,"relics_obtained":[{"floor":1.0,"key":"Question Card"},{"floor":6,"key":"Matryoshka"},{"floor":9,"key":"testmod-DragonStarHat"},{"floor":9,"key":"testmod-BalancedPeriapt"},{"floor":10,"key":"Blood Vial"},{"floor":16,"key":"ImportantClient"},{"floor":19,"key":"Necronomicon"},{"floor":23,"key":"testmod-OneHitWonder"},{"floor":26,"key":"Tiny Chest"},{"floor":26,"key":"War Paint"},{"floor":28,"key":"Letter Opener"},{"floor":30,"key":"Bronze Scales"},{"floor":41,"key":"testmod-Acrobat"},{"floor":44,"key":"Regal Pillow"},{"floor":47,"key":"SentryEyes"},{"floor":54,"key":"HornCleat"}],"event_choices":[{"damage_healed":0.0,"max_hp_gain":0.0,"max_hp_loss":0.0,"gold_gain":0.0,"event_name":"Scrap Ooze","player_choice":"Success","floor":3.0,"gold_loss":0.0,"damage_taken":18.0,"relics_obtained":["Vajra"]},{"cards_removed":["Strike_RM"],"damage_healed":0,"gold_gain":0,"player_choice":"Card Removal","damage_taken":0,"max_hp_gain":0,"max_hp_loss":0,"event_name":"The Cleric","floor":12,"gold_loss":50},{"damage_healed":0,"gold_gain":0,"player_choice":"Obtained Book","damage_taken":16,"max_hp_gain":0,"max_hp_loss":0,"event_name":"Cursed Tome","floor":19,"gold_loss":0},{"damage_healed":0,"gold_gain":0,"player_choice":"Swap Relic","damage_taken":0,"relics_obtained":["DaveBox"],"max_hp_gain":0,"max_hp_loss":0,"event_name":"给自己的盒子","floor":22,"relics_lost":["DaveBox"],"gold_loss":0},{"damage_healed":0,"gold_gain":99,"player_choice":"Stole From Cult","damage_taken":0,"max_hp_gain":0,"max_hp_loss":0,"event_name":"Nest","floor":25,"gold_loss":0},{"cards_removed":["Ultimatum"],"damage_healed":0,"gold_gain":0,"player_choice":"Gave Card","damage_taken":0,"relics_obtained":["Sundial"],"max_hp_gain":0,"max_hp_loss":0,"event_name":"WeMeetAgain","floor":38,"gold_loss":0},{"damage_healed":0,"gold_gain":0,"player_choice":"Fight","damage_taken":0,"max_hp_gain":0,"max_hp_loss":0,"event_name":"MindBloom","floor":47,"gold_loss":0}],"is_beta":false,"boss_relics":[{"not_picked":["testmod-HarvestTotem","Empty Cage"],"picked":"SlaversCollar"},{"not_picked":["Fusion Hammer","ScarletEmblem"],"picked":"RhineSuit"}],"items_purged_floors":[21,37,48],"is_endless":false,"potions_floor_spawned":[1,5,11,14,16,20,23,33,35,36,44,45,46,54],"ascension_level":10}}