{"host":"sxnl403xm2xmiyj1","time":1608535095,"event":{"mods":["AchievementEnabler","BaseMod","Colored Map","Keyboard Shortcuts","Minty Spire (QoL Compilation)","Quick Restart","StSLib","SuperFastMode"],"gold_per_floor":[114,114,125,125,142,174,174,205,205,240,24,42,42,62,62,174,174,195,26,45,32,32,70,70,70,70],"floor_reached":25,"playtime":456,"items_purged":[],"score":332,"play_id":"9a9733aa-af11-46e5-8d24-d6c13c01b9b4","local_time":"20201221161815","is_ascension_mode":true,"campfire_choices":[{"data":"Prepared","floor":7.0,"key":"SMITH"},{"data":"Envenom","floor":13.0,"key":"SMITH"},{"data":"Finisher","floor":15.0,"key":"SMITH"},{"data":"Tools of the Trade","floor":24.0,"key":"SMITH"}],"circlet_count":0,"master_deck":["Strike_G","Strike_G+1","Strike_G","Strike_G","Defend_G","Defend_G","Defend_G","Defend_G","Defend_G","Survivor","Neutralize+1","Die Die Die","Prepared+1","Backflip","Underhanded Strike","Finisher+1","Envenom+1","Acrobatics","Concentrate","Neutralize","Storm of Steel","Infinite Blades","Tools of the Trade+1","Prepared+1","Noxious Fumes","Riddle With Holes","Blur","Tactician","Dagger Throw","Poisoned Stab"],"relics":["Ring of the Snake","Tiny Chest","WingedGreaves","Ninja Scroll","CeramicFish","Anchor","Coffee Dripper","Whetstone"],"acts_visited":["Exordium","TheCity"],"potions_floor_usage":[],"damage_taken":[{"damage":0.0,"enemies":"Jaw Worm","floor":1.0,"turns":4.0},{"damage":0.0,"enemies":"2 Louse","floor":3.0,"turns":1.0},{"damage":0.0,"enemies":"Cultist","floor":5.0,"turns":3.0},{"damage":11.0,"enemies":"Lagavulin","floor":6.0,"turns":5.0},{"damage":10.0,"enemies":"3 Sentries","floor":8.0,"turns":4.0},{"damage":10.0,"enemies":"Gremlin Nob","floor":10.0,"turns":3.0},{"damage":0.0,"enemies":"3 Louse","floor":14.0,"turns":2.0},{"damage":0.0,"enemies":"Slime Boss","floor":16.0,"turns":6.0},{"damage":10.0,"enemies":"2 Thieves","floor":18.0,"turns":3.0},{"damage":13.0,"enemies":"Spheric Guardian","floor":20.0,"turns":4.0},{"damage":0.0,"enemies":"Snake Plant","floor":22.0,"turns":1.0},{"damage":33.0,"enemies":"Book of Stabbing","floor":23.0,"turns":5.0},{"damage":8,"enemies":"Shelled Parasite and Fungi","floor":25,"turns":3}],"seed_played":"-6559357401333254011","potions_obtained":[{"floor":1.0,"key":"BlessingOfTheForge"},{"floor":6.0,"key":"CunningPotion"},{"floor":8.0,"key":"Energy Potion"},{"floor":10.0,"key":"AttackPotion"},{"floor":14.0,"key":"BlessingOfTheForge"},{"floor":18.0,"key":"SmokeBomb"}],"is_trial":false,"path_per_floor":["M","?","M","?","M","E","R","E","T","E","$","?","R","M","R","B",null,"M","$","M","$","M","E","R","M"],"character_chosen":"THE_SILENT","items_purchased":["Anchor","Concentrate","Noxious Fumes","Riddle With Holes","Blur","Dagger Throw"],"campfire_rested":0,"item_purchase_floors":[11,11,19,19,19,21],"current_hp_per_floor":[70,70,70,70,70,59,59,49,49,39,39,39,39,39,39,39,70,60,60,47,47,47,14,14,6,6],"gold":70,"neow_bonus":"ONE_RANDOM_RARE_CARD","is_daily":false,"chose_seed":false,"campfire_upgraded":4,"win_rate":0.0,"timestamp":1608535095,"path_taken":["M","?","M","?","?","E","R","E","T","E","$","?","R","M","R","BOSS","M","$","M","?","M","E","R","?"],"items_purchased_type":["Relic","Card","Card","Card","Card","Card"],"build_version":"2020-12-13","purchased_purges":0,"victory":false,"max_hp_per_floor":[70,70,70,70,70,70,70,70,70,70,70,70,70,70,70,70,70,70,70,70,70,70,70,70,70,70],"card_choices":[{"not_picked":["Calculated Gamble","Bane"],"picked":"Prepared","floor":1.0},{"not_picked":["Dash","Deflect"],"picked":"Backflip","floor":3.0},{"not_picked":["Blur","Bane"],"picked":"Underhanded Strike","floor":5.0},{"not_picked":["Setup","Catalyst"],"picked":"Finisher","floor":6.0},{"not_picked":["Eviscerate","Distraction"],"picked":"Envenom","floor":8.0},{"not_picked":["Slice","Flying Knee"],"picked":"Acrobatics","floor":10.0},{"not_picked":["Concentrate","Deadly Poison"],"picked":"Infinite Blades","floor":14.0},{"not_picked":["Wraith Form v2","Die Die Die"],"picked":"Tools of the Trade","floor":16.0},{"not_picked":["Endless Agony","Deflect+1"],"picked":"Prepared+1","floor":18.0},{"not_picked":["Quick Slash","Finisher+1"],"picked":"Tactician","floor":20.0},{"not_picked":["Deadly Poison","Deflect"],"picked":"Poisoned Stab","floor":23.0}],"player_experience":109013,"relics_obtained":[{"floor":6.0,"key":"Tiny Chest"},{"floor":8.0,"key":"WingedGreaves"},{"floor":9.0,"key":"Ninja Scroll"},{"floor":10.0,"key":"CeramicFish"},{"floor":23.0,"key":"Whetstone"}],"event_choices":[{"cards_removed":["Strike_G"],"damage_healed":0.0,"max_hp_gain":0.0,"max_hp_loss":0.0,"gold_gain":0.0,"event_name":"Living Wall","player_choice":"Forget","floor":2.0,"gold_loss":0.0,"damage_taken":0.0},{"damage_healed":0.0,"max_hp_gain":0.0,"max_hp_loss":0.0,"gold_gain":0.0,"event_name":"Wheel of Change","player_choice":"Full Heal","floor":4.0,"gold_loss":0.0,"damage_taken":0.0},{"damage_healed":0.0,"max_hp_gain":0.0,"max_hp_loss":0.0,"gold_gain":0.0,"event_name":"Match and Keep!","player_choice":"2 cards matched","floor":12.0,"gold_loss":0.0,"damage_taken":0.0,"cards_obtained":["Neutralize","Storm of Steel"]}],"is_beta":false,"boss_relics":[{"not_picked":["Tiny House","Sozu"],"picked":"Coffee Dripper"}],"items_purged_floors":[],"is_endless":false,"potions_floor_spawned":[1,6,8,10,14,18,22],"killed_by":"Shelled Parasite and Fungi","ascension_level":3}}