{"host":"4ia4wmtvbzfrqeuq","time":1608514221,"event":{"mods":["A Magickal Journey","Aspiration","BaseMod","Beaked The Cultist","Better Skull","Better Third Choice","BetterRewards","Card Forge","Conspire","Dio Mod","Downfall","Duelist Mod","Halation","Hermit","Hubris","Infinite Spire","Jorbs\u0027s Wanderer Trilogy","Lobotomy","LobotomyExtend","Luminous","Mimic Mod","Minty Spire (QoL Compilation)","Prisma Mod","Replay The Spire","Robot Space Explorer","Shop Mod","Spicy Shops","StSLib","The Animator","The Cursed","The Disciple","The Elementalist","The Hierophant","The Necromancer","The Runesmith","The Wild Card","Wandering Minibosses","vexMod"],"gold_per_floor":[113,13,54,73,99,135,165,165,165,165,385,419,419,474,474,571,571,588,588,55,72,72,72,104,104,173,219,219,219,219,219,219,324,324,340,390,490,540,568,568,568,568,594,594,266,293,336,350,350,372,372,372,44,116,151],"floor_reached":56,"playtime":12378,"items_purged":["theWildCard:BasicStrike","theWildCard:Arsene","theWildCard:BasicStrike","theWildCard:CallToAdventure","theWildCard:BasicDefend"],"score":1486,"play_id":"3fd60175-9d9a-4b7a-bc79-fca8e391cccf","local_time":"20201220173021","is_ascension_mode":false,"campfire_choices":[{"floor":8,"key":"RECALL"},{"data":"theWildCard:Thanatos","floor":10,"key":"SMITH"},{"floor":13,"key":"REST"},{"floor":15,"key":"REST"},{"data":"Mayhem","floor":23,"key":"SMITH"},{"floor":25,"key":"REST"},{"floor":28,"key":"REST"},{"floor":30,"key":"REST"},{"data":"theWildCard:ArchaicAssault","floor":32,"key":"SMITH"},{"floor":41,"key":"REST"},{"floor":44,"key":"REST"},{"data":"theWildCard:PowerOfTheArcana","floor":49,"key":"SMITH"},{"data":"infinitespire:FutureSight","floor":52,"key":"SMITH"}],"circlet_count":0,"master_deck":["theWildCard:BasicDefend","theWildCard:BasicDefend","theWildCard:EnergyTheft","theWildCard:ArcaneArts","theWildCard:StingingStrike","conspire:SpireCoStock","conspire:SpireCoStock","theWildCard:Patience","theWildCard:ArchaicAssault+1","theWildCard:Thanatos+1","theWildCard:PowerOfTheArcana+1","theWildCard:SeveringSlash","theWildCard:FinalHour","Mayhem+1","theWildCard:StingingStrike","infinitespire:FutureSight+1","theWildCard:ArcanaArtistry+1","theWildCard:Overwhelm","theWildCard:TheUniverse","infinitespire:NeuralNetwork","theWildCard:PowerOfTheArcana","Master of Strategy","theWildCard:ArchaicAssault+1","theWildCard:Lucifer","theWildCard:ArcanaArtistry","theWildCard:Satanael","theWildCard:ArcanaArtistry+1"],"relics":["theWildCard:VelvetContract","Hammer of Thor","Seething Fire","Anvil of the Gods","Medical Kit","infinitespire:FocusingShard","Vajra","vexMod:Cooldron","LetterFromLob","Juzu Bracelet","Replay:WaspNest","Replay:Baseball","aspiration:SecretTechniqueScroll","halation:SwordOfLegend","vexMod:HeadHunter","Philosopher\u0027s Stone","aspiration:HiddenCompartment","BargainBundle","Oddly Smooth Stone","Lee\u0027s Waffle","aspiration:FrozenJewel"],"acts_visited":["Exordium","TheCity","TheBeyond","TheEnding"],"potions_floor_usage":[6,6,6,6,6,6,6,16,16,16,16,21,21,21,21,21,24,24,24,24,27,36,36,36,46,46,46,46,46,50,50,50,50,50],"damage_taken":[{"damage":0,"enemies":"Jaw Worm","floor":1,"turns":2},{"damage":0,"enemies":"Cultist","floor":3,"turns":3},{"damage":0,"enemies":"Small Slimes","floor":4,"turns":2},{"damage":8,"enemies":"3 Louse","floor":5,"turns":4},{"damage":0,"enemies":"Lagavulin","floor":6,"turns":2},{"damage":16,"enemies":"Exordium Thugs","floor":7,"turns":4},{"damage":18,"enemies":"Gremlin Nob","floor":12,"turns":3},{"damage":13,"enemies":"3 Sentries","floor":14,"turns":3},{"damage":25,"enemies":"Hexaghost","floor":16,"turns":3},{"damage":16,"enemies":"2 Thieves","floor":18,"turns":2},{"damage":16,"enemies":"conspire:FuzzyDice","floor":21,"turns":4},{"damage":36,"enemies":"Slavers","floor":24,"turns":3},{"damage":7,"enemies":"Cultist and Chosen","floor":26,"turns":4},{"damage":9,"enemies":"Cultist and Chosen","floor":27,"turns":3},{"damage":22,"enemies":"Collector","floor":33,"turns":3},{"damage":2,"enemies":"Orb Walker","floor":35,"turns":1},{"damage":2,"enemies":"Mind Bloom Boss Battle","floor":36,"turns":1},{"damage":17,"enemies":"3 Darklings","floor":38,"turns":3},{"damage":21,"enemies":"Sphere and 2 Shapes","floor":39,"turns":4},{"damage":42,"enemies":"Maw","floor":46,"turns":5},{"damage":6,"enemies":"R_Hoarder","floor":47,"turns":5},{"damage":0,"enemies":"Jaw Worm Horde","floor":48,"turns":1},{"damage":44,"enemies":"infinitespire:MassOfShapes","floor":50,"turns":4},{"damage":37,"enemies":"Shield and Spear","floor":54,"turns":4},{"damage":85,"enemies":"Kars","floor":55,"turns":5}],"seed_played":"-7786159241140526160","potions_obtained":[{"floor":5,"key":"EntropicBrew"},{"floor":12,"key":"EntropicBrew"},{"floor":16,"key":"EntropicBrew"},{"floor":21,"key":"EntropicBrew"},{"floor":33,"key":"EntropicBrew"},{"floor":39,"key":"EntropicBrew"},{"floor":47,"key":"EntropicBrew"}],"is_trial":false,"path_per_floor":["M","?","M","M","M","E","M","R","T","R","?","E","R","E","R","B",null,"M","?","$","M","AVR","R","E","R","MIM","M","R","M","R","?","R","B",null,"M","?","?","M","M","?","R","AVR","T","R","$","M","E","M","R","B",null,"R","$","E","B",null],"character_chosen":"THE_WILD_CARD","items_purchased":["Medical Kit","infinitespire:FocusingShard","Vajra","theWildCard:EnergyTheft","theWildCard:ArcaneArts","vexMod:Cooldron","theWildCard:Michael","theWildCard:Desolation","Mayhem","BargainBundle","theWildCard:PowerOfTheArcana","Master of Strategy","Lee\u0027s Waffle"],"campfire_rested":7,"item_purchase_floors":[0,0,0,0,0,0,0,20,20,45,45,45,53],"current_hp_per_floor":[33,33,33,33,25,25,60,60,60,60,36,18,36,23,41,16,60,44,47,47,40,40,40,4,21,14,5,26,26,47,47,47,25,60,58,56,56,39,18,18,48,48,48,60,60,60,60,60,60,16,60,60,67,30,39],"gold":151,"neow_bonus":"","is_daily":false,"chose_seed":false,"campfire_upgraded":5,"win_rate":0.0,"timestamp":1608514221,"path_taken":["M","?","M","M","M","E","M","R","T","R","?","E","R","E","R","BOSS","M","?","$","M","AVR","R","E","R","MIM","M","R","M","R","?","R","BOSS","M","?","?","M","M","?","R","AVR","T","R","?","M","E","M","R","BOSS","R","$","E","BOSS"],"items_purchased_type":["Relic","Relic","Relic","Card","Card","Relic","Card","Card","Card","Relic","Card","Card","Relic"],"build_version":"2020-12-13","purchased_purges":5,"victory":true,"max_hp_per_floor":[60,60,60,60,60,60,60,60,60,60,60,60,60,60,60,60,60,60,60,60,60,60,60,60,60,60,60,60,60,60,60,60,60,60,60,60,60,60,60,60,60,60,60,60,60,60,60,60,60,60,60,60,67,67,67],"card_choices":[{"not_picked":["theWildCard:Proficiency","theWildCard:Michael"],"picked":"theWildCard:StingingStrike","floor":1},{"not_picked":["theWildCard:EnergizedStroke","theWildCard:SacrificialStroke"],"picked":"theWildCard:Patience","floor":3},{"not_picked":["theWildCard:Safeguard","theWildCard:Attunement"],"picked":"theWildCard:ArchaicAssault","floor":4},{"not_picked":["theWildCard:SeveringSlash","theWildCard:Michael","theWildCard:Proficiency"],"picked":"SKIP","floor":5},{"not_picked":["theWildCard:ArcaneArts","theWildCard:MaskChange","theWildCard:BladeOfGenerations"],"picked":"SKIP","floor":6},{"not_picked":["theWildCard:StalwartBlade","theWildCard:Polydeuces"],"picked":"theWildCard:Thanatos","floor":7},{"not_picked":["theWildCard:Providence","theWildCard:ArchaicAssault"],"picked":"theWildCard:PowerOfTheArcana","floor":12},{"not_picked":["theWildCard:Attunement","theWildCard:StalwartBlade"],"picked":"theWildCard:SeveringSlash","floor":14},{"not_picked":["theWildCard:Deicide","theWildCard:AllOutAttack"],"picked":"theWildCard:FinalHour","floor":16},{"not_picked":["theWildCard:Polydeuces","theWildCard:Unburden","theWildCard:Michael"],"picked":"SKIP","floor":18},{"not_picked":["theWildCard:MaskChange","theWildCard:Proficiency"],"picked":"theWildCard:StingingStrike","floor":21},{"not_picked":["theWildCard:CryOfAgony","theWildCard:UnendingRitual","theWildCard:ArcaneArts"],"picked":"SKIP","floor":24},{"not_picked":["theWildCard:Abstinence","theWildCard:ArcaneArts+1"],"picked":"theWildCard:ArcanaArtistry+1","floor":26},{"not_picked":["theWildCard:SacrificialStroke+1","theWildCard:Sakuya","theWildCard:ArcanaArtistry"],"picked":"SKIP","floor":27},{"not_picked":["theWildCard:Amaterasu","theWildCard:Thanatos"],"picked":"theWildCard:Overwhelm","floor":33},{"not_picked":["theWildCard:Michael","theWildCard:MagicMettle","theWildCard:StingingStrike"],"picked":"SKIP","floor":35},{"not_picked":["theWildCard:StalwartBlade","theWildCard:Metatron+1"],"picked":"theWildCard:TheUniverse","floor":38},{"not_picked":["theWildCard:Patience","theWildCard:PaleRider","theWildCard:Michael+1"],"picked":"SKIP","floor":39},{"not_picked":["theWildCard:ArcaneArts+1","theWildCard:Odin+1"],"picked":"theWildCard:ArchaicAssault+1","floor":46},{"not_picked":["theWildCard:Satanael","theWildCard:Amaterasu"],"picked":"theWildCard:Lucifer","floor":47},{"not_picked":["theWildCard:PaleRider+1","theWildCard:ArcaneArts"],"picked":"theWildCard:ArcanaArtistry","floor":47},{"not_picked":["theWildCard:UnderLockAndKey+1","theWildCard:Patience","theWildCard:StalwartBlade+1"],"picked":"SKIP","floor":48},{"not_picked":["theWildCard:Amaterasu","theWildCard:FuelForTheFire"],"picked":"theWildCard:Satanael","floor":54},{"not_picked":["theWildCard:MagicMettle","theWildCard:Unburden+1"],"picked":"theWildCard:ArcanaArtistry+1","floor":54}],"player_experience":848386,"relics_obtained":[{"floor":1,"key":"LetterFromLob"},{"floor":12,"key":"Replay:WaspNest"},{"floor":14,"key":"Replay:Baseball"},{"floor":24,"key":"halation:SwordOfLegend"},{"floor":26,"key":"vexMod:HeadHunter"},{"floor":43,"key":"aspiration:HiddenCompartment"},{"floor":47,"key":"Oddly Smooth Stone"},{"floor":54,"key":"aspiration:FrozenJewel"}],"event_choices":[{"damage_healed":0,"gold_gain":0,"player_choice":"Invest 2","damage_taken":0,"max_hp_gain":0,"max_hp_loss":0,"event_name":"conspire:Investor","floor":2,"gold_loss":0},{"damage_healed":0,"gold_gain":220,"player_choice":"GO GO RE ","damage_taken":28,"relics_obtained":["Juzu Bracelet"],"max_hp_gain":0,"max_hp_loss":0,"event_name":"betterSkull:BetterSkull","floor":11,"gold_loss":0,"cards_upgraded":[]},{"damage_healed":3,"gold_gain":0,"player_choice":"LEAVE ","damage_taken":0,"relics_obtained":[],"max_hp_gain":0,"max_hp_loss":0,"event_name":"betterSkull:BetterSkull","floor":19,"gold_loss":0,"cards_upgraded":[]},{"damage_healed":0,"gold_gain":0,"player_choice":"Fight","damage_taken":0,"max_hp_gain":0,"max_hp_loss":0,"event_name":"MindBloom","floor":36,"gold_loss":0},{"damage_healed":0,"gold_gain":100,"player_choice":"Pray","damage_taken":0,"max_hp_gain":0,"max_hp_loss":0,"event_name":"Golden Shrine","floor":37,"gold_loss":0},{"damage_healed":0,"gold_gain":0,"player_choice":"Ignored","damage_taken":0,"max_hp_gain":0,"max_hp_loss":0,"event_name":"betterThird:BetterPortal","floor":40,"gold_loss":0}],"is_beta":false,"boss_relics":[{"not_picked":["halation:PinkAlligatorPlush","vexMod:MegatonBomb"],"picked":"aspiration:SecretTechniqueScroll"},{"not_picked":["SlaversCollar","beaked:MawFillet"],"picked":"Philosopher\u0027s Stone"}],"items_purged_floors":[0,20,20,45,53],"is_endless":false,"potions_floor_spawned":[5,12,16,21,33,39,47],"ascension_level":0}}