{"host":"bnbc66jny2i0hx0x","time":1608531642,"event":{"mods":["AchievementEnabler","BaseMod","Minty Spire (QoL Compilation)","Relic Sorter","StSLib"],"gold_per_floor":[366,366,381,35,35,35,58,93,93,141,177,204,245,61,61,144,144,168,190,190,207,132,132,168,168,168,168,186,186,227,242,242,325,325,361,384,58,68,87,129,129,171,220,220,72,99,148,190,190,190],"floor_reached":51,"playtime":2026,"items_purged":["Strike_R"],"score":1674,"play_id":"644d559b-7594-40c5-8f53-4a4c38a8a251","local_time":"20201220222042","is_ascension_mode":true,"campfire_choices":[{"data":"Twin Strike","floor":6.0,"key":"SMITH"},{"floor":15.0,"key":"REST"},{"floor":23.0,"key":"REST"},{"floor":25.0,"key":"RECALL"},{"floor":27.0,"key":"REST"},{"floor":32.0,"key":"REST"},{"floor":41.0,"key":"REST"},{"floor":44.0,"key":"REST"},{"floor":49,"key":"REST"}],"circlet_count":0,"master_deck":["AscendersBane","Strike_R+1","Strike_R","Strike_R","Strike_R+1","Defend_R","Defend_R","Defend_R","Defend_R","Bash+1","Flex+1","Anger","Twin Strike+1","Heavy Blade+1","Reaper+1","Armaments+1","Carnage","Flex+1","Feed","Dual Wield+1","Metallicize+1","Second Wind+1","Disarm+1","Limit Break+1","Shrug It Off+1","Evolve+1","Headbutt+1","Feel No Pain","Offering+1","Corruption","Dark Embrace+1","Sentinel+1"],"relics":["Burning Blood","ClockworkSouvenir","CeramicFish","Gremlin Horn","Pear","Omamori","Toxic Egg 2","Akabeko","Bag of Preparation","Fusion Hammer","Necronomicon","Pantograph","Mummified Hand","MealTicket","Calling Bell","Ancient Tea Set","Meat on the Bone","Prayer Wheel","Lantern","Anchor","Dream Catcher","Art of War","Happy Flower","Nunchaku","StoneCalendar","Whetstone"],"acts_visited":["Exordium","TheCity","TheBeyond"],"potions_floor_usage":[50,50],"damage_taken":[{"damage":9.0,"enemies":"Small Slimes","floor":1.0,"turns":4.0},{"damage":2.0,"enemies":"2 Louse","floor":3.0,"turns":3.0},{"damage":0.0,"enemies":"Jaw Worm","floor":7.0,"turns":1.0},{"damage":16.0,"enemies":"Gremlin Nob","floor":8.0,"turns":3.0},{"damage":15.0,"enemies":"Lagavulin","floor":11.0,"turns":5.0},{"damage":6.0,"enemies":"Blue Slaver","floor":12.0,"turns":3.0},{"damage":16.0,"enemies":"Gremlin Nob","floor":13.0,"turns":3.0},{"damage":52.0,"enemies":"The Guardian","floor":16.0,"turns":6.0},{"damage":14.0,"enemies":"3 Byrds","floor":18.0,"turns":4.0},{"damage":7.0,"enemies":"Shell Parasite","floor":19.0,"turns":3.0},{"damage":0.0,"enemies":"Snake Plant","floor":21.0,"turns":1.0},{"damage":0.0,"enemies":"Gremlin Leader","floor":24.0,"turns":4.0},{"damage":8.0,"enemies":"Cultist and Chosen","floor":28.0,"turns":4.0},{"damage":17.0,"enemies":"Slavers","floor":30.0,"turns":3.0},{"damage":0.0,"enemies":"Snecko","floor":31.0,"turns":2.0},{"damage":55.0,"enemies":"Automaton","floor":33.0,"turns":8.0},{"damage":0.0,"enemies":"3 Darklings","floor":35.0,"turns":4.0},{"damage":0.0,"enemies":"Orb Walker","floor":36.0,"turns":1.0},{"damage":26.0,"enemies":"Maw","floor":38.0,"turns":5.0},{"damage":33.0,"enemies":"Writhing Mass","floor":39.0,"turns":5.0},{"damage":21.0,"enemies":"Giant Head","floor":40.0,"turns":5.0},{"damage":6.0,"enemies":"Reptomancer","floor":42.0,"turns":2.0},{"damage":12.0,"enemies":"Giant Head","floor":46.0,"turns":5.0},{"damage":17.0,"enemies":"2 Orb Walkers","floor":47.0,"turns":4.0},{"damage":6,"enemies":"Reptomancer","floor":48,"turns":2},{"damage":44,"enemies":"Time Eater","floor":50,"turns":7}],"seed_played":"-2168941450951513048","potions_obtained":[{"floor":3.0,"key":"Weak Potion"},{"floor":7.0,"key":"SkillPotion"},{"floor":16.0,"key":"DuplicationPotion"},{"floor":21.0,"key":"Regen Potion"},{"floor":33.0,"key":"Explosive Potion"},{"floor":40.0,"key":"Block Potion"}],"is_trial":false,"path_per_floor":["M","?","M","$","?","R","M","E","T","T","E","M","E","$","R","B",null,"M","M","?","M","$","R","E","R","T","R","M","?","E","M","R","B",null,"M","M","$","M","M","E","R","E","T","R","$","E","?","E","R","B",null],"character_chosen":"IRONCLAD","items_purchased":["ClockworkSouvenir","Twin Strike","CeramicFish","Bag of Preparation","Flex+1","Lantern","Feel No Pain","Offering+1","Happy Flower"],"campfire_rested":7,"item_purchase_floors":[4,4,4,14,14,37,37,37,45],"current_hp_per_floor":[65,45,49,49,49,49,55,45,55,55,46,46,36,36,59,25,65,73,81,60,66,66,81,81,81,81,81,79,79,73,87,87,38,75,87,87,87,76,61,58,85,90,90,90,90,87,93,97,97,64],"gold":190,"neow_bonus":"TWO_FIFTY_GOLD","is_daily":false,"chose_seed":false,"campfire_upgraded":1,"win_rate":0.0,"timestamp":1608531642,"path_taken":["M","?","M","$","?","R","M","E","T","?","E","M","E","?","R","BOSS","M","M","?","M","$","R","E","R","T","R","M","?","E","M","R","BOSS","M","M","?","M","M","E","R","E","T","R","$","E","?","E","R","BOSS"],"items_purchased_type":["Relic","Card","Relic","Relic","Card","Relic","Card","Card","Relic"],"build_version":"2020-12-13","purchased_purges":1,"victory":true,"max_hp_per_floor":[68,68,68,68,68,68,68,68,78,78,78,78,78,78,78,78,78,81,81,81,81,81,81,81,81,81,81,81,81,84,87,87,87,87,87,87,87,90,90,90,90,90,90,90,90,93,93,97,97,97],"card_choices":[{"not_picked":["Havoc","Body Slam"],"picked":"Flex","floor":1.0},{"not_picked":["Infernal Blade","Burning Pact"],"picked":"Anger","floor":3.0},{"not_picked":["Rage","Anger"],"picked":"Heavy Blade","floor":7.0},{"not_picked":["Dual Wield","Clothesline","Havoc"],"picked":"SKIP","floor":8.0},{"not_picked":["True Grit+1","Clash"],"picked":"Reaper","floor":11.0},{"not_picked":["Heavy Blade","Dropkick"],"picked":"Armaments+1","floor":12.0},{"not_picked":["Infernal Blade+1","Body Slam"],"picked":"Carnage","floor":13.0},{"not_picked":["Bludgeon","Immolate"],"picked":"Feed","floor":16.0},{"not_picked":["Second Wind+1","Perfected Strike+1"],"picked":"Dual Wield+1","floor":18.0},{"not_picked":["Ghostly Armor+1","Bloodletting+1"],"picked":"Metallicize+1","floor":19.0},{"not_picked":["Pommel Strike","Havoc+1","Sword Boomerang"],"picked":"SKIP","floor":21.0},{"not_picked":["Searing Blow+1","Clothesline"],"picked":"Second Wind+1","floor":24.0},{"not_picked":["Sentinel+1","Perfected Strike","Warcry+1"],"picked":"SKIP","floor":28.0},{"not_picked":["Rage+1","Sword Boomerang"],"picked":"Disarm+1","floor":30.0},{"not_picked":["Dual Wield+1","Iron Wave","Body Slam"],"picked":"SKIP","floor":31.0},{"not_picked":["Fiend Fire","Corruption"],"picked":"Limit Break+1","floor":33.0},{"not_picked":["Rupture","Entrench+1"],"picked":"Shrug It Off+1","floor":35.0},{"not_picked":["Dual Wield+1","Flex+1"],"picked":"Evolve+1","floor":35.0},{"not_picked":["Rampage","Twin Strike"],"picked":"Headbutt+1","floor":36.0},{"not_picked":["Anger","Cleave","Rampage"],"picked":"SKIP","floor":36.0},{"not_picked":["Iron Wave","Shrug It Off+1","Body Slam"],"picked":"SKIP","floor":38.0},{"not_picked":["Carnage","Juggernaut","Twin Strike"],"picked":"SKIP","floor":38.0},{"not_picked":["Headbutt","Perfected Strike","Anger"],"picked":"SKIP","floor":39.0},{"not_picked":["Warcry+1","Wild Strike+1","Evolve"],"picked":"SKIP","floor":39.0},{"not_picked":["Entrench+1","Heavy Blade+1"],"picked":"Corruption","floor":40.0},{"not_picked":["Havoc+1","Warcry+1"],"picked":"Dark Embrace+1","floor":42.0},{"not_picked":["Headbutt+1","Twin Strike","Hemokinesis+1"],"picked":"SKIP","floor":46.0},{"not_picked":["Clothesline","Iron Wave"],"picked":"Sentinel+1","floor":48}],"player_experience":1257236,"relics_obtained":[{"floor":8.0,"key":"Gremlin Horn"},{"floor":9.0,"key":"Pear"},{"floor":10.0,"key":"Omamori"},{"floor":11.0,"key":"Toxic Egg 2"},{"floor":13.0,"key":"Akabeko"},{"floor":20.0,"key":"Necronomicon"},{"floor":24.0,"key":"Pantograph"},{"floor":26.0,"key":"Mummified Hand"},{"floor":30.0,"key":"MealTicket"},{"floor":34.0,"key":"Ancient Tea Set"},{"floor":34.0,"key":"Meat on the Bone"},{"floor":34.0,"key":"Prayer Wheel"},{"floor":40.0,"key":"Anchor"},{"floor":42.0,"key":"Dream Catcher"},{"floor":43.0,"key":"Art of War"},{"floor":46.0,"key":"Nunchaku"},{"floor":47.0,"key":"StoneCalendar"},{"floor":48,"key":"Whetstone"}],"event_choices":[{"damage_healed":0.0,"max_hp_gain":0.0,"max_hp_loss":0.0,"gold_gain":0.0,"event_name":"Shining Light","player_choice":"Entered Light","floor":2.0,"gold_loss":0.0,"damage_taken":20.0,"cards_upgraded":["Strike_R","Flex"]},{"damage_healed":0.0,"max_hp_gain":0.0,"max_hp_loss":0.0,"gold_gain":0.0,"event_name":"Living Wall","player_choice":"Grow","floor":5.0,"gold_loss":0.0,"damage_taken":0.0,"cards_upgraded":["Bash"]},{"damage_healed":0.0,"max_hp_gain":0.0,"max_hp_loss":0.0,"gold_gain":0.0,"event_name":"Cursed Tome","player_choice":"Obtained Book","floor":20.0,"gold_loss":0.0,"damage_taken":21.0},{"damage_healed":0.0,"max_hp_gain":0.0,"max_hp_loss":0.0,"gold_gain":0.0,"event_name":"Upgrade Shrine","player_choice":"Upgraded","floor":29.0,"gold_loss":0.0,"damage_taken":0.0,"cards_upgraded":["Heavy Blade"]},{"damage_healed":0.0,"max_hp_gain":0.0,"max_hp_loss":0.0,"gold_gain":0.0,"event_name":"Mysterious Sphere","player_choice":"Fight","floor":47.0,"gold_loss":0.0,"damage_taken":0.0}],"is_beta":false,"boss_relics":[{"not_picked":["Runic Pyramid","Astrolabe"],"picked":"Fusion Hammer"},{"not_picked":["SacredBark","Coffee Dripper"],"picked":"Calling Bell"}],"items_purged_floors":[22],"is_endless":false,"potions_floor_spawned":[3,7,16,21,24,30,33,35,40,42],"ascension_level":15}}