{"host":"d8d3jqle49sogkjv","time":1608583379,"event":{"mods":["BaseMod","Colored Map","Colored Powertips","Minty Spire (QoL Compilation)","StSLib"],"gold_per_floor":[115,190,190,200,216,216,216,236,236,265,265,440,440,440],"floor_reached":13,"playtime":450,"items_purged":[],"score":125,"play_id":"bdf35bc3-88ad-4349-b6cc-b01797e760fa","local_time":"20201221214259","is_ascension_mode":true,"campfire_choices":[{"data":"Limit Break","floor":6,"key":"SMITH"},{"floor":11,"key":"REST"}],"circlet_count":0,"master_deck":["AscendersBane","Strike_R","Strike_R","Strike_R","Defend_R","Defend_R","Defend_R","Defend_R","Bash","Decay","Whirlwind+1","Limit Break+1","Heavy Blade","Injury","Ghostly Armor","Metallicize","Doubt"],"relics":["Burning Blood","Bottled Flame","Bottled Tornado"],"acts_visited":["Exordium"],"potions_floor_usage":[13],"damage_taken":[{"damage":3,"enemies":"Small Slimes","floor":1,"turns":4},{"damage":13,"enemies":"2 Louse","floor":4,"turns":4},{"damage":11,"enemies":"Cultist","floor":5,"turns":5},{"damage":9,"enemies":"Looter","floor":8,"turns":4},{"damage":31,"enemies":"3 Sentries","floor":10,"turns":7},{"damage":43,"enemies":"Gremlin Nob","floor":13,"turns":5}],"seed_played":"837059871118876773","potions_obtained":[{"floor":10,"key":"ColorlessPotion"}],"is_trial":false,"path_per_floor":["M","?","?","M","M","R","?","M","T","E","R","?","E"],"character_chosen":"IRONCLAD","items_purchased":[],"campfire_rested":1,"item_purchase_floors":[],"current_hp_per_floor":[75,64,64,57,52,52,52,49,49,24,48,48,5,5],"gold":440,"neow_bonus":"TRANSFORM_TWO_CARDS","is_daily":false,"chose_seed":false,"campfire_upgraded":1,"win_rate":0.0,"timestamp":1608583379,"path_taken":["M","?","?","?","M","R","?","?","T","E","R","?","E"],"items_purchased_type":[],"build_version":"2020-12-13","purchased_purges":0,"victory":false,"max_hp_per_floor":[80,80,80,80,80,80,80,80,80,80,80,80,80,80],"card_choices":[{"not_picked":["True Grit","Clothesline"],"picked":"Heavy Blade","floor":1},{"not_picked":["Cleave","Intimidate"],"picked":"Ghostly Armor","floor":4},{"not_picked":["Hemokinesis","Flame Barrier","Carnage"],"picked":"SKIP","floor":5},{"not_picked":["Thunderclap","Bloodletting"],"picked":"Metallicize","floor":8},{"not_picked":["Carnage","Heavy Blade","Thunderclap"],"picked":"SKIP","floor":10}],"player_experience":322574,"relics_obtained":[{"floor":9,"key":"Bottled Flame"},{"floor":10,"key":"Bottled Tornado"}],"event_choices":[{"damage_healed":0,"gold_gain":75,"player_choice":"Gather Gold","damage_taken":11,"max_hp_gain":0,"max_hp_loss":0,"event_name":"World of Goop","floor":2,"gold_loss":0},{"damage_healed":0,"gold_gain":0,"player_choice":"1 cards matched","damage_taken":0,"max_hp_gain":0,"max_hp_loss":0,"event_name":"Match and Keep!","floor":3,"gold_loss":0,"cards_obtained":["Injury"]},{"damage_healed":0,"gold_gain":0,"player_choice":"Upgraded","damage_taken":0,"max_hp_gain":0,"max_hp_loss":0,"event_name":"Upgrade Shrine","floor":7,"gold_loss":0,"cards_upgraded":["Whirlwind"]},{"damage_healed":0,"gold_gain":175,"player_choice":"AGREE","damage_taken":0,"max_hp_gain":0,"max_hp_loss":0,"event_name":"Liars Game","floor":12,"gold_loss":0,"cards_obtained":["Doubt"]}],"is_beta":false,"boss_relics":[],"items_purged_floors":[],"is_endless":false,"potions_floor_spawned":[10],"killed_by":"Gremlin Nob","ascension_level":10}}