{"host":"30jsp143e4v19aze","time":1608568068,"event":{"mods":["BaseMod","Colored Map","Colored Powertips","Curses Come First","DeckTracker","Highlight Path","Minty Spire (QoL Compilation)","Quick Restart","Relic Stats","StSLib"],"gold_per_floor":[110,110,110,0,19,46,46,46,118,118,130,144,177,21,21,123,123,138,152,152,172,197,197,197,233,233,9,36,46,46,80,80,188,215,235,251,473,473,492,492,519,537,537,572,572,90,119,119,119,119,119,119,21,46,46],"floor_reached":56,"playtime":3153,"items_purged":["Regret","Strike_G","Neutralize"],"score":1965,"play_id":"beba30b5-0b39-42d4-a42e-c11832a154f4","local_time":"20201221172748","is_ascension_mode":true,"campfire_choices":[{"data":"Crippling Poison","floor":8,"key":"SMITH"},{"data":"Infinite Blades","floor":10,"key":"SMITH"},{"data":"Unload","floor":15,"key":"SMITH"},{"data":"After Image","floor":23,"key":"SMITH"},{"data":"Infinite Blades","floor":30,"key":"SMITH"},{"data":"Malaise","floor":32,"key":"SMITH"},{"data":"Catalyst","floor":40,"key":"SMITH"},{"floor":45,"key":"RECALL"},{"data":"Footwork","floor":49,"key":"SMITH"},{"data":"Caltrops","floor":52,"key":"SMITH"}],"circlet_count":0,"master_deck":["AscendersBane","Defend_G","Defend_G","Defend_G","Defend_G+1","Defend_G","Survivor+1","Predator+1","Infinite Blades+1","Crippling Poison+1","Well Laid Plans","Footwork+1","Acrobatics","All Out Attack","Unload+1","After Image+1","Underhanded Strike","Caltrops+1","Die Die Die","Accuracy","Eviscerate","Catalyst+1","Infinite Blades+1","Malaise+1","Phantasmal Killer","Night Terror+1","Crippling Poison+1","Leg Sweep+1","Acrobatics+1","Storm of Steel","Leg Sweep"],"relics":["Ring of the Snake","NeowsBlessing","Pantograph","Snake Skull","TungstenRod","Mummified Hand","Meat on the Bone","Snecko Eye","Red Mask","CeramicFish","Bird Faced Urn","War Paint","PreservedInsect","Astrolabe","Molten Egg 2","Ninja Scroll","Chemical X","Boot","Thread and Needle","Unceasing Top"],"acts_visited":["Exordium","TheCity","TheBeyond","TheEnding"],"potions_floor_usage":[16,33,50,55,55],"damage_taken":[{"damage":0,"enemies":"Cultist","floor":1,"turns":1},{"damage":0,"enemies":"2 Louse","floor":5,"turns":1},{"damage":0,"enemies":"Lagavulin","floor":6,"turns":1},{"damage":0,"enemies":"Jaw Worm","floor":11,"turns":3},{"damage":4,"enemies":"Red Slaver","floor":12,"turns":3},{"damage":25,"enemies":"Gremlin Nob","floor":13,"turns":4},{"damage":13,"enemies":"Slime Boss","floor":16,"turns":8},{"damage":2,"enemies":"3 Byrds","floor":18,"turns":4},{"damage":12,"enemies":"2 Thieves","floor":19,"turns":3},{"damage":0,"enemies":"Snecko","floor":21,"turns":4},{"damage":0,"enemies":"Masked Bandits","floor":22,"turns":3},{"damage":18,"enemies":"Book of Stabbing","floor":25,"turns":5},{"damage":13,"enemies":"Slavers","floor":28,"turns":3},{"damage":0,"enemies":"Cultist and Chosen","floor":29,"turns":4},{"damage":6,"enemies":"Gremlin Leader","floor":31,"turns":5},{"damage":53,"enemies":"Champ","floor":33,"turns":13},{"damage":2,"enemies":"Orb Walker","floor":35,"turns":3},{"damage":10,"enemies":"3 Darklings","floor":36,"turns":3},{"damage":0,"enemies":"4 Shapes","floor":39,"turns":3},{"damage":0,"enemies":"Giant Head","floor":41,"turns":5},{"damage":10,"enemies":"Jaw Worm Horde","floor":42,"turns":4},{"damage":11,"enemies":"Reptomancer","floor":44,"turns":6},{"damage":0,"enemies":"Nemesis","floor":47,"turns":6},{"damage":53,"enemies":"Donu and Deca","floor":50,"turns":8},{"damage":30,"enemies":"Shield and Spear","floor":54,"turns":5},{"damage":10,"enemies":"The Heart","floor":55,"turns":6}],"seed_played":"-5865472264951784638","potions_obtained":[{"floor":1,"key":"DuplicationPotion"},{"floor":5,"key":"GhostInAJar"},{"floor":13,"key":"AttackPotion"},{"floor":18,"key":"EssenceOfSteel"},{"floor":28,"key":"PowerPotion"},{"floor":35,"key":"Swift Potion"}],"is_trial":false,"path_per_floor":["M","?","?","$","M","E","?","R","T","R","M","M","E","$","R","B",null,"M","M","?","M","?","R","?","E","T","$","E","M","R","E","R","B",null,"M","M","?","?","M","R","E","M","T","E","R","$","E","?","R","B",null,"R","$","E","B",null],"character_chosen":"THE_SILENT","items_purchased":["Infinite Blades","Unload","Catalyst","Infinite Blades","Leg Sweep","Chemical X","Boot","GhostInAJar"],"campfire_rested":0,"item_purchase_floors":[4,14,27,27,46,46,46,53],"current_hp_per_floor":[63,63,63,63,63,63,63,63,63,63,63,59,34,34,34,46,64,62,50,50,50,50,50,50,44,44,44,41,53,53,61,61,31,60,70,64,64,64,70,70,70,64,64,59,59,59,69,65,65,35,61,61,61,42,60],"gold":46,"neow_bonus":"THREE_ENEMY_KILL","is_daily":false,"chose_seed":false,"campfire_upgraded":9,"win_rate":0.0,"timestamp":1608568068,"path_taken":["M","?","?","$","M","E","?","R","T","R","M","?","E","?","R","BOSS","M","M","?","?","?","R","?","E","T","$","E","?","R","E","R","BOSS","M","M","?","?","M","R","E","M","T","E","R","$","E","?","R","BOSS","R","$","E","BOSS"],"items_purchased_type":["Card","Card","Card","Card","Card","Relic","Relic","Potion"],"build_version":"2020-12-13","purchased_purges":3,"victory":true,"max_hp_per_floor":[70,70,70,70,70,70,70,70,70,70,70,70,70,70,70,70,70,70,70,70,70,70,70,70,70,70,70,70,70,70,70,70,70,70,70,70,70,70,70,70,70,70,70,70,70,70,70,70,70,70,70,70,70,70,70],"relic_stats":{"counters":[26,114],"CeramicFish":108,"Astrolabe":["Night Terror","Crippling Poison","Blur"],"Snake Skull":[68],"PreservedInsect":320,"War Paint":["Defend_G","Survivor"],"Boot":[68],"Mummified Hand":[212],"Pantograph":64,"Bird Faced Urn":[100],"Snecko Eye":[203,156,171,175],"Chemical X":[4],"obtain_stats":[{"NeowsBlessing":0,"CeramicFish":25,"Astrolabe":34,"Thread and Needle":47,"Snake Skull":6,"PreservedInsect":31,"War Paint":28,"Boot":46,"Mummified Hand":9,"Ninja Scroll":44,"Pantograph":3,"Bird Faced Urn":26,"Snecko Eye":17,"Molten Egg 2":41,"Red Mask":22,"Chemical X":46,"TungstenRod":7,"Unceasing Top":54,"Ring of the Snake":0,"Meat on the Bone":13},{"NeowsBlessing":0,"CeramicFish":12,"Astrolabe":16,"Thread and Needle":23,"Snake Skull":3,"PreservedInsect":15,"War Paint":13,"Boot":22,"Mummified Hand":3,"Ninja Scroll":22,"Pantograph":1,"Bird Faced Urn":12,"Snecko Eye":7,"Molten Egg 2":20,"Red Mask":11,"Chemical X":22,"TungstenRod":3,"Unceasing Top":25,"Ring of the Snake":0,"Meat on the Bone":6},{"NeowsBlessing":0,"CeramicFish":40,"Astrolabe":65,"Thread and Needle":95,"Snake Skull":3,"PreservedInsect":52,"War Paint":43,"Boot":89,"Mummified Hand":3,"Ninja Scroll":89,"Pantograph":1,"Bird Faced Urn":40,"Snecko Eye":21,"Molten Egg 2":79,"Red Mask":35,"Chemical X":89,"TungstenRod":3,"Unceasing Top":108,"Ring of the Snake":0,"Meat on the Bone":13}],"TungstenRod":56,"Unceasing Top":[3],"Ring of the Snake":[44],"Meat on the Bone":36},"card_choices":[{"not_picked":["Reflex","Escape Plan"],"picked":"Predator","floor":1},{"not_picked":["Blade Dance","Slice"],"picked":"Crippling Poison","floor":5},{"not_picked":["Expertise","Riddle With Holes"],"picked":"Well Laid Plans","floor":6},{"not_picked":["Prepared","Heel Hook"],"picked":"Footwork","floor":11},{"not_picked":["Flechettes","Riddle With Holes"],"picked":"Acrobatics","floor":12},{"not_picked":["Flechettes","Deflect"],"picked":"All Out Attack","floor":13},{"not_picked":["Burst","Malaise"],"picked":"After Image","floor":16},{"not_picked":["Blade Dance","Dodge and Roll+1"],"picked":"Underhanded Strike","floor":18},{"not_picked":["Dagger Spray+1","Deflect+1"],"picked":"Caltrops","floor":19},{"not_picked":["Poisoned Stab+1","Choke","Skewer"],"picked":"SKIP","floor":21},{"not_picked":["Poisoned Stab+1","Deflect+1"],"picked":"Accuracy","floor":22},{"not_picked":["PiercingWail","Sucker Punch"],"picked":"Eviscerate","floor":25},{"not_picked":["All Out Attack","Dagger Throw","Flying Knee+1"],"picked":"SKIP","floor":28},{"not_picked":["Blade Dance","Deflect","Flying Knee"],"picked":"SKIP","floor":29},{"not_picked":["PiercingWail+1","Setup+1"],"picked":"Malaise","floor":31},{"not_picked":["Unload","Malaise"],"picked":"Phantasmal Killer","floor":33},{"not_picked":["Blade Dance+1","PiercingWail"],"picked":"Leg Sweep+1","floor":35},{"not_picked":["Backflip+1","Expertise","Endless Agony+1"],"picked":"SKIP","floor":36},{"not_picked":["Deflect+1","Slice"],"picked":"Acrobatics+1","floor":39},{"not_picked":["Underhanded Strike+1","Sucker Punch+1","Bane+1"],"picked":"SKIP","floor":41},{"not_picked":["Quick Slash+1","Riddle With Holes+1","Blade Dance"],"picked":"SKIP","floor":42},{"not_picked":["Blade Dance","Dodge and Roll+1"],"picked":"Storm of Steel","floor":44},{"not_picked":["Masterful Stab+1","Slice+1","Dodge and Roll+1"],"picked":"SKIP","floor":47},{"not_picked":["PiercingWail","Riddle With Holes+1","Flechettes+1"],"picked":"SKIP","floor":54}],"player_experience":3012328,"relics_obtained":[{"floor":6,"key":"Snake Skull"},{"floor":9,"key":"Mummified Hand"},{"floor":13,"key":"Meat on the Bone"},{"floor":22,"key":"Red Mask"},{"floor":25,"key":"CeramicFish"},{"floor":26,"key":"Bird Faced Urn"},{"floor":28,"key":"War Paint"},{"floor":31,"key":"PreservedInsect"},{"floor":41,"key":"Molten Egg 2"},{"floor":44,"key":"Ninja Scroll"},{"floor":47,"key":"Thread and Needle"},{"floor":54,"key":"Unceasing Top"}],"event_choices":[{"damage_healed":0,"gold_gain":0,"player_choice":"Grow","damage_taken":0,"max_hp_gain":0,"max_hp_loss":0,"event_name":"Living Wall","floor":2,"gold_loss":0,"cards_upgraded":["Predator"]},{"damage_healed":0,"gold_gain":0,"player_choice":"Box","damage_taken":0,"relics_obtained":["Pantograph"],"max_hp_gain":0,"max_hp_loss":0,"event_name":"Big Fish","floor":3,"gold_loss":0,"cards_obtained":["Regret"]},{"damage_healed":0,"gold_gain":0,"player_choice":"Gave Potion","damage_taken":0,"relics_obtained":["TungstenRod"],"max_hp_gain":0,"max_hp_loss":0,"event_name":"WeMeetAgain","floor":7,"gold_loss":0},{"damage_healed":0,"gold_gain":0,"player_choice":"1 cards matched","damage_taken":0,"max_hp_gain":0,"max_hp_loss":0,"event_name":"Match and Keep!","floor":20,"gold_loss":0,"cards_obtained":["Die Die Die"]},{"damage_healed":0,"gold_gain":0,"player_choice":"Fought Bandits","damage_taken":0,"max_hp_gain":0,"max_hp_loss":0,"event_name":"Masked Bandits","floor":22,"gold_loss":0},{"cards_removed":["Strike_G"],"damage_healed":0,"gold_gain":0,"player_choice":"Purged","damage_taken":0,"max_hp_gain":0,"max_hp_loss":0,"event_name":"Purifier","floor":24,"gold_loss":0},{"damage_healed":0,"gold_gain":222,"player_choice":"Wore Mask","damage_taken":0,"max_hp_gain":0,"max_hp_loss":0,"event_name":"Tomb of Lord Red Mask","floor":37,"gold_loss":0},{"cards_removed":["Blur"],"damage_healed":0,"gold_gain":0,"player_choice":"Removed Skill","damage_taken":0,"max_hp_gain":0,"max_hp_loss":0,"event_name":"Falling","floor":38,"gold_loss":0},{"damage_healed":0,"gold_gain":0,"player_choice":"Memory 2","damage_taken":5,"max_hp_gain":0,"max_hp_loss":0,"event_name":"SensoryStone","floor":48,"gold_loss":0}],"is_beta":false,"boss_relics":[{"not_picked":["WristBlade","Tiny House"],"picked":"Snecko Eye"},{"not_picked":["SacredBark","Sozu"],"picked":"Astrolabe"}],"items_purged_floors":[4,27,46],"is_endless":false,"potions_floor_spawned":[1,5,6,13,18,22,28,35,41,47],"ascension_level":11}}