{"host":"4eao2pkwlmv012cz","time":1608527699,"event":{"mods":["BaseMod","Colored Powertips","Minty Spire (QoL Compilation)","Permanent Neow","Quick Restart","Random Character Button","StSLib"],"gold_per_floor":[110,0,10,26,41,41,72,72,72,90,90,165,165,185,185,259,259,231,156,172,182,201,201,251,251,276,44,44,59,59,59,59],"floor_reached":31,"playtime":837,"items_purged":["Parasite"],"score":474,"play_id":"cac6cca1-5b8c-43bb-b6b0-67a70ebdda52","local_time":"20201221001459","is_ascension_mode":true,"campfire_choices":[{"data":"Defragment","floor":6.0,"key":"SMITH"},{"floor":8.0,"key":"REST"},{"data":"Static Discharge","floor":13.0,"key":"SMITH"},{"floor":15.0,"key":"REST"},{"floor":23,"key":"REST"},{"floor":25,"key":"REST"},{"floor":30,"key":"REST"}],"circlet_count":0,"master_deck":["AscendersBane","Strike_B","Strike_B","Strike_B","Defend_B","Defend_B","Defend_B","Defend_B","Zap","Dualcast","Meteor Strike","Compile Driver","Aggregate","Ball Lightning","Leap","Static Discharge+1","Defragment+1","Defragment","Aggregate","Conserve Battery","Meteor Strike","Capacitor","Barrage","Cold Snap+1","Chill"],"relics":["Cracked Core","Orichalcum","Happy Flower","Shuriken","Cursed Key","Toy Ornithopter","DataDisk"],"acts_visited":["Exordium","TheCity"],"potions_floor_usage":[16,19,21,31],"damage_taken":[{"damage":1.0,"enemies":"Cultist","floor":1.0,"turns":3.0},{"damage":9.0,"enemies":"Jaw Worm","floor":3.0,"turns":4.0},{"damage":1.0,"enemies":"2 Louse","floor":4.0,"turns":2.0},{"damage":11.0,"enemies":"Blue Slaver","floor":5.0,"turns":4.0},{"damage":26.0,"enemies":"3 Sentries","floor":7.0,"turns":4.0},{"damage":4.0,"enemies":"Large Slime","floor":10.0,"turns":5.0},{"damage":15.0,"enemies":"Gremlin Gang","floor":14.0,"turns":3.0},{"damage":24,"enemies":"Slime Boss","floor":16,"turns":8},{"damage":24,"enemies":"2 Thieves","floor":18,"turns":4},{"damage":12,"enemies":"Chosen","floor":20,"turns":5},{"damage":10,"enemies":"Snake Plant","floor":21,"turns":2},{"damage":16,"enemies":"Snecko","floor":22,"turns":4},{"damage":29,"enemies":"3 Cultists","floor":29,"turns":4},{"damage":16,"enemies":"Colosseum Slavers","floor":31,"turns":3},{"damage":36,"enemies":"Colosseum Nobs","floor":31,"turns":3}],"seed_played":"-7302126838636442095","potions_obtained":[{"floor":3.0,"key":"Explosive Potion"},{"floor":5.0,"key":"PowerPotion"},{"floor":7.0,"key":"Block Potion"},{"floor":10.0,"key":"PotionOfCapacity"},{"floor":18,"key":"Fruit Juice"},{"floor":20,"key":"Regen Potion"},{"floor":29,"key":"SpeedPotion"}],"is_trial":false,"path_per_floor":["M","$","M","M","M","R","E","R","T","M","T","?","R","M","R","B",null,"M","?","M","M","M","R","?","R","T","$","?","M","R","?"],"character_chosen":"DEFECT","items_purchased":["Aggregate","Ball Lightning","DataDisk"],"campfire_rested":5,"item_purchase_floors":[2,2,27],"current_hp_per_floor":[63,63,54,53,42,42,16,37,37,33,33,22,22,7,28,4,54,30,35,23,18,2,24,24,46,46,46,46,17,38,0,0],"gold":59,"neow_bonus":"ONE_RANDOM_RARE_CARD","is_daily":false,"chose_seed":false,"campfire_upgraded":2,"win_rate":0.0,"timestamp":1608527699,"path_taken":["M","$","M","M","M","R","E","R","T","M","?","?","R","M","R","BOSS","M","?","M","M","M","R","?","R","T","$","?","?","R","?"],"items_purchased_type":["Card","Card","Relic"],"build_version":"2020-12-13","purchased_purges":1,"victory":false,"max_hp_per_floor":[71,71,71,71,71,71,71,71,71,71,71,71,71,71,71,71,71,71,76,76,76,76,76,76,76,76,73,73,73,73,73,73],"card_choices":[{"not_picked":["Steam","Sweeping Beam"],"picked":"Compile Driver","floor":1.0},{"not_picked":["Rip and Tear","Hologram"],"picked":"Leap","floor":3.0},{"not_picked":["White Noise","Gash"],"picked":"Static Discharge","floor":4.0},{"not_picked":["Compile Driver","Static Discharge"],"picked":"Defragment","floor":5.0},{"not_picked":["Genetic Algorithm","Coolheaded"],"picked":"Defragment","floor":7.0},{"not_picked":["Redo","Beam Cell"],"picked":"Aggregate","floor":10.0},{"not_picked":["Hologram","Heatsinks"],"picked":"Conserve Battery","floor":14.0},{"not_picked":["Reboot","Multi-Cast"],"picked":"Meteor Strike","floor":16},{"not_picked":["Stack","Hologram","Streamline"],"picked":"SKIP","floor":18},{"not_picked":["Coolheaded","Loop"],"picked":"Capacitor","floor":20},{"not_picked":["Streamline","Sweeping Beam"],"picked":"Barrage","floor":21},{"not_picked":["Compile Driver","Buffer"],"picked":"Cold Snap+1","floor":22},{"not_picked":["Lockon","Melter"],"picked":"Chill","floor":29}],"player_experience":2844224,"relics_obtained":[{"floor":7.0,"key":"Orichalcum"},{"floor":9.0,"key":"Happy Flower"},{"floor":11.0,"key":"Shuriken"},{"floor":26,"key":"Toy Ornithopter"}],"event_choices":[{"damage_healed":0.0,"max_hp_gain":0.0,"max_hp_loss":0.0,"gold_gain":75.0,"event_name":"World of Goop","player_choice":"Gather Gold","floor":12.0,"gold_loss":0.0,"damage_taken":11.0},{"cards_removed":["Strike_B"],"damage_healed":0,"gold_gain":0,"player_choice":"Gave Gold","damage_taken":0,"max_hp_gain":0,"max_hp_loss":0,"event_name":"Beggar","floor":19,"gold_loss":75},{"damage_healed":0,"gold_gain":50,"player_choice":"Stole From Cult","damage_taken":0,"max_hp_gain":0,"max_hp_loss":0,"event_name":"Nest","floor":24,"gold_loss":0},{"damage_healed":0,"gold_gain":0,"player_choice":"0 cards matched","damage_taken":0,"max_hp_gain":0,"max_hp_loss":0,"event_name":"Match and Keep!","floor":28,"gold_loss":0,"cards_obtained":[]},{"damage_healed":0,"gold_gain":0,"player_choice":"Fight","damage_taken":0,"max_hp_gain":0,"max_hp_loss":0,"event_name":"Colosseum","floor":31,"gold_loss":0},{"damage_healed":0,"gold_gain":0,"player_choice":"Fought Nobs","damage_taken":0,"max_hp_gain":0,"max_hp_loss":0,"event_name":"Colosseum","floor":31,"gold_loss":0}],"is_beta":false,"boss_relics":[{"not_picked":["SacredBark","FrozenCore"],"picked":"Cursed Key"}],"items_purged_floors":[27],"is_endless":false,"potions_floor_spawned":[3,5,7,10,18,20,29,31],"killed_by":"Colosseum Nobs","ascension_level":20}}