{"host":"k7ydf81uzdnp7fmx","time":1608566923,"event":{"mods":["AchievementEnabler","Act Like it!","BaseMod","Clockwork Mod","Colored Powertips","Minty Spire (QoL Compilation)","Relic Stats","Remove Card Discount Mod","Shade Mod","Shop Mod","StSLib","The Animator","The Cursed","The Hierophant","The Necromancer","The Servant 0.9.4"],"gold_per_floor":[110,125,125,90,90,130,130,174,174,190,211,211,211,245,245,375,438,456,490,490,509,509,550,550,570,570,570,601,642,665,69,69,198,198,216,236,137,137,156,194,194,194,249,284,309,342,405,429,429,429,429],"floor_reached":50,"playtime":4455,"items_purged":[],"score":763,"play_id":"308ed165-bd14-48fd-a360-0b8d41e14928","local_time":"20201221130843","is_ascension_mode":false,"campfire_choices":[{"data":"Negative_Energy_Arrows","floor":7,"key":"SMITH"},{"data":"Bone_Wall","floor":12,"key":"SMITH"},{"data":"Grasp_Heart","floor":15,"key":"SMITH"},{"floor":24,"key":"REST"},{"data":"Defend_W","floor":27,"key":"SMITH"},{"data":"Mayhem","floor":32,"key":"SMITH"},{"data":"Magnetism","floor":42,"key":"SMITH"},{"data":"Defend_W","floor":49,"key":"SMITH"}],"circlet_count":0,"master_deck":["Strike_W+1","Strike_W+1","Strike_W","Defend_W+1","Defend_W+1","Defend_W","Defend_W","Negative_Energy_Arrows+1","Bone_Wall+1","Clockwork:PerfectForm+1","DevaForm+1","Demon Form+1","Magnetism+1","Grasp_Heart+1","Mayhem+1","Magnetism+1"],"relics":["Vampire_Amulet","Golden Idol","Gremlin Horn","Pantograph","Lantern","White Beast Statue","Tiny House","Red Mask","Enchiridion","Orichalcum","Letter Opener","Juzu Bracelet","MerchantsRug","Bronze Scales","Whetstone","Snecko Eye","ClockworkSouvenir","Vajra","Smiling Mask","Bag of Preparation","Darkstone Periapt","FossilizedHelix"],"acts_visited":["Exordium","TheCity","TheBeyond"],"potions_floor_usage":[45],"damage_taken":[{"damage":0,"enemies":"2 Louse","floor":1,"turns":2},{"damage":6,"enemies":"Jaw Worm","floor":2,"turns":3},{"damage":4,"enemies":"3 Sentries","floor":6,"turns":7},{"damage":30,"enemies":"Lagavulin","floor":8,"turns":5},{"damage":0,"enemies":"Small Slimes","floor":10,"turns":3},{"damage":0,"enemies":"2 Fungi Beasts","floor":11,"turns":6},{"damage":0,"enemies":"Gremlin Nob","floor":14,"turns":3},{"damage":34,"enemies":"Hexaghost","floor":16,"turns":6},{"damage":20,"enemies":"2 Thieves","floor":18,"turns":4},{"damage":55,"enemies":"Masked Bandits","floor":19,"turns":7},{"damage":17,"enemies":"Shell Parasite","floor":21,"turns":4},{"damage":26,"enemies":"Slavers","floor":23,"turns":4},{"damage":6,"enemies":"Snake Plant","floor":25,"turns":5},{"damage":11,"enemies":"Gremlin Leader","floor":28,"turns":7},{"damage":0,"enemies":"Snecko","floor":29,"turns":2},{"damage":3,"enemies":"Centurion and Healer","floor":30,"turns":4},{"damage":5,"enemies":"Champ","floor":33,"turns":7},{"damage":0,"enemies":"Orb Walker","floor":35,"turns":3},{"damage":0,"enemies":"3 Shapes","floor":36,"turns":2},{"damage":0,"enemies":"Sphere and 2 Shapes","floor":39,"turns":3},{"damage":0,"enemies":"Nemesis","floor":40,"turns":3},{"damage":0,"enemies":"Reptomancer","floor":44,"turns":4},{"damage":0,"enemies":"Writhing Mass","floor":45,"turns":4},{"damage":13,"enemies":"Nemesis","floor":46,"turns":3},{"damage":0,"enemies":"Mind Bloom Boss Battle","floor":47,"turns":3},{"damage":0,"enemies":"Transient","floor":48,"turns":5},{"damage":100,"enemies":"Awakened One","floor":50,"turns":6}],"seed_played":"-8955570452169797603","potions_obtained":[{"floor":1,"key":"PowerPotion"},{"floor":14,"key":"EssenceOfSteel"},{"floor":16,"key":"Energy Potion"},{"floor":35,"key":"Energy Potion"},{"floor":36,"key":"SneckoOil"},{"floor":39,"key":"Energy Potion"},{"floor":40,"key":"DistilledChaos"},{"floor":44,"key":"DuplicationPotion"},{"floor":45,"key":"DuplicationPotion"}],"is_trial":false,"path_per_floor":["M","M","?","?","$","E","R","E","T","M","M","R","?","E","R","B",null,"M","?","?","M","?","E","R","M","T","R","E","M","M","$","R","B",null,"M","M","$","?","M","E","?","R","T","E","M","E","?","M","R","B"],"character_chosen":"NECROMANCER","items_purchased":["MerchantsRug","Bronze Scales","Mayhem","Whetstone","ClockworkSouvenir"],"campfire_rested":1,"item_purchase_floors":[31,31,31,31,37],"current_hp_per_floor":[82,78,58,78,78,80,80,52,52,65,82,82,87,87,87,67,92,76,48,32,26,56,36,63,83,83,83,84,86,87,87,87,92,92,92,92,92,92,92,92,92,92,92,92,92,81,92,92,92,0,0],"gold":429,"neow_bonus":"TEN_PERCENT_HP_BONUS","is_daily":false,"chose_seed":false,"campfire_upgraded":7,"win_rate":0.0,"timestamp":1608566923,"path_taken":["M","M","?","?","$","E","R","E","T","M","M","R","?","E","R","BOSS","M","?","?","M","?","E","R","?","T","R","E","M","M","$","R","BOSS","M","M","$","?","M","E","?","R","T","E","M","E","?","M","R","BOSS"],"items_purchased_type":["Relic","Relic","Card","Relic","Relic"],"build_version":"2020-12-13","purchased_purges":0,"victory":false,"max_hp_per_floor":[82,82,82,82,82,82,82,82,82,82,82,82,87,87,87,87,92,92,92,92,92,92,92,92,92,92,92,92,92,92,92,92,92,92,92,92,92,92,92,92,92,92,92,92,92,92,92,92,92,92,92],"relic_stats":{"Darkstone Periapt":0,"Gremlin Horn":[18,21],"counters":[27,115],"Golden Idol":194,"Juzu Bracelet":0,"Bag of Preparation":[10],"Letter Opener":[190],"Whetstone":["Strike_W","Strike_W"],"Orichalcum":[66],"Smiling Mask":0,"Pantograph":16,"Bronze Scales":[121],"Snecko Eye":[53,60,72,69],"obtain_stats":[{"Darkstone Periapt":46,"MerchantsRug":31,"Lantern":9,"Tiny House":17,"Gremlin Horn":6,"Golden Idol":3,"Enchiridion":20,"Vajra":40,"Juzu Bracelet":28,"Bag of Preparation":44,"Letter Opener":26,"Whetstone":31,"Orichalcum":23,"Smiling Mask":43,"White Beast Statue":14,"ClockworkSouvenir":37,"Pantograph":8,"Bronze Scales":31,"Snecko Eye":34,"Vampire_Amulet":0,"Red Mask":19,"FossilizedHelix":47},{"Darkstone Periapt":24,"MerchantsRug":16,"Lantern":4,"Tiny House":8,"Gremlin Horn":3,"Golden Idol":2,"Enchiridion":10,"Vajra":21,"Juzu Bracelet":14,"Bag of Preparation":22,"Letter Opener":13,"Whetstone":16,"Orichalcum":12,"Smiling Mask":21,"White Beast Statue":7,"ClockworkSouvenir":19,"Pantograph":4,"Bronze Scales":16,"Snecko Eye":17,"Vampire_Amulet":0,"Red Mask":10,"FossilizedHelix":25},{"Darkstone Periapt":101,"MerchantsRug":72,"Lantern":17,"Tiny House":35,"Gremlin Horn":12,"Golden Idol":5,"Enchiridion":46,"Vajra":90,"Juzu Bracelet":66,"Bag of Preparation":94,"Letter Opener":59,"Whetstone":72,"Orichalcum":54,"Smiling Mask":90,"White Beast Statue":29,"ClockworkSouvenir":84,"Pantograph":17,"Bronze Scales":72,"Snecko Eye":79,"Vampire_Amulet":0,"Red Mask":46,"FossilizedHelix":104}]},"card_choices":[{"not_picked":["Spectral_Armor","Bone_Shift","Violent_Necrosis"],"picked":"SKIP","floor":1},{"not_picked":["Spectral_Armor","Bone_Shift","Violent_Necrosis"],"picked":"SKIP","floor":1},{"not_picked":["Spectral_Armor","Summon_Undead","Slay_Living"],"picked":"SKIP","floor":2},{"not_picked":["Blood_Wake","Bones_to_Steel","Negative_Energy_Javelin"],"picked":"SKIP","floor":6},{"not_picked":["Pandemic","Acid_Javelin"],"picked":"Grasp_Heart","floor":8},{"not_picked":["Toxic_Smoke_Screen","Uncharnel","Blood_Curse"],"picked":"SKIP","floor":10},{"not_picked":["Bone_Armory","Spectral_Armor","Chill_Blood"],"picked":"SKIP","floor":11},{"not_picked":["Chill_Blood","Bone_Armory","Necrotic_Claws"],"picked":"SKIP","floor":14},{"not_picked":["Bone_Shift","Necromantic_Selection","Bone_Bullets"],"picked":"SKIP","floor":18},{"not_picked":["Negative_Energy_Javelin","Exploit","Blood_Curse"],"picked":"SKIP","floor":21},{"not_picked":["Shade_Step","Bones_to_Steel","Negative_Energy_Mist"],"picked":"SKIP","floor":23},{"not_picked":["Bones_to_Steel","Necrotic_Claws","Skeleton_Dragon"],"picked":"SKIP","floor":25},{"not_picked":["Necromantic_Selection","Bones_to_Steel+1","Chill_Blood"],"picked":"SKIP","floor":28},{"not_picked":["Scare","Death_Knell","Negative_Energy_Shield+1"],"picked":"SKIP","floor":29},{"not_picked":["Shackles_Of_Pain","Negative_Energy_Burst","Siphon_Strength"],"picked":"SKIP","floor":30},{"not_picked":["Death_March_Dance+1","Blood_Shield","Bones_to_Steel"],"picked":"SKIP","floor":35},{"not_picked":["Shackles_Of_Pain+1","Scare+1","Corrupt"],"picked":"SKIP","floor":36},{"not_picked":["Siphon_Strength","Negative_Energy_Shield+1","Shackles_Of_Pain+1"],"picked":"SKIP","floor":39},{"not_picked":["Exploit+1","Blood_for_Blood+1","Bone_Spikes"],"picked":"SKIP","floor":40},{"not_picked":["Purity","Thinking Ahead"],"picked":"Magnetism","floor":41},{"not_picked":["Blood_for_Blood","Necrotic_Claws","Bone_Bullets+1"],"picked":"SKIP","floor":44},{"not_picked":["Scare+1","Stop_Heart+1","Finger_Of_Death+1"],"picked":"SKIP","floor":45},{"not_picked":["Shackles_Of_Pain","Bone_Spikes","Necrotic_Claws+1"],"picked":"SKIP","floor":46},{"not_picked":["Siphon_Strength+1","Death_Coil+1","Plague_Bolt"],"picked":"SKIP","floor":48}],"player_experience":166578,"relics_obtained":[{"floor":6,"key":"Gremlin Horn"},{"floor":8,"key":"Pantograph"},{"floor":9,"key":"Lantern"},{"floor":14,"key":"White Beast Statue"},{"floor":19,"key":"Red Mask"},{"floor":20,"key":"Enchiridion"},{"floor":23,"key":"Orichalcum"},{"floor":26,"key":"Letter Opener"},{"floor":28,"key":"Juzu Bracelet"},{"floor":40,"key":"Vajra"},{"floor":43,"key":"Smiling Mask"},{"floor":44,"key":"Bag of Preparation"},{"floor":46,"key":"Darkstone Periapt"},{"floor":47,"key":"FossilizedHelix"}],"event_choices":[{"damage_healed":0,"gold_gain":0,"player_choice":"Take Damage","damage_taken":20,"relics_obtained":["Golden Idol"],"max_hp_gain":0,"max_hp_loss":0,"event_name":"Golden Idol","floor":3,"gold_loss":0},{"damage_healed":20,"gold_gain":0,"player_choice":"Healed","damage_taken":0,"max_hp_gain":0,"max_hp_loss":0,"event_name":"The Cleric","floor":4,"gold_loss":35},{"damage_healed":0,"gold_gain":0,"player_choice":"Donut","damage_taken":0,"max_hp_gain":5,"max_hp_loss":0,"event_name":"Big Fish","floor":13,"gold_loss":0},{"damage_healed":0,"gold_gain":0,"player_choice":"Fought Bandits","damage_taken":0,"max_hp_gain":0,"max_hp_loss":0,"event_name":"Masked Bandits","floor":19,"gold_loss":0},{"damage_healed":0,"gold_gain":0,"player_choice":"Obtained Book","damage_taken":16,"max_hp_gain":0,"max_hp_loss":0,"event_name":"Cursed Tome","floor":20,"gold_loss":0},{"damage_healed":30,"gold_gain":0,"player_choice":"Heal","damage_taken":0,"max_hp_gain":0,"max_hp_loss":0,"event_name":"The Library","floor":22,"gold_loss":0},{"cards_removed":["Strike_W"],"damage_healed":0,"gold_gain":0,"player_choice":"Removed Attack","damage_taken":0,"max_hp_gain":0,"max_hp_loss":0,"event_name":"Falling","floor":38,"gold_loss":0},{"damage_healed":0,"gold_gain":0,"player_choice":"Memory 1","damage_taken":0,"max_hp_gain":0,"max_hp_loss":0,"event_name":"SensoryStone","floor":41,"gold_loss":0},{"damage_healed":0,"gold_gain":0,"player_choice":"Fight","damage_taken":0,"max_hp_gain":0,"max_hp_loss":0,"event_name":"MindBloom","floor":47,"gold_loss":0}],"is_beta":false,"boss_relics":[{"not_picked":["Velvet Choker","Philosopher\u0027s Stone"],"picked":"Tiny House"},{"not_picked":["Coffee Dripper","Empty Cage"],"picked":"Snecko Eye"}],"items_purged_floors":[],"is_endless":false,"potions_floor_spawned":[1,2,14,16,18,19,21,23,25,28,29,30,33,35,36,39,40,44,45,46,47,48],"killed_by":"Awakened One","ascension_level":0}}