{"host":"61r95uy0hn86b9iu","time":1608521391,"event":{"mods":["AchievementEnabler","BaseMod","Better Vampires","BetterRewards","Colored Powertips","Hubris","Minty Spire (QoL Compilation)","Shop Mod","StSLib"],"gold_per_floor":[111,130,18,18,18,18,18,18,43,43,92,124,124,148,148,248,329,358,376,376,266,266,266,293,293,293,326,326,326,326,326,326,414,414,438,110,123,148,148,175,175,186,212,212,237,287,287,312,312,312,312],"floor_reached":52,"playtime":2610,"items_purged":["Strike_G","Distraction","Reflex"],"score":2342,"play_id":"4afb4be0-7c4c-4243-9429-495dac6af7b1","local_time":"20201220212951","is_ascension_mode":true,"campfire_choices":[{"data":"Catalyst","floor":6.0,"key":"SMITH"},{"data":"Noxious Fumes","floor":8.0,"key":"SMITH"},{"data":"Poisoned Stab","floor":13.0,"key":"SMITH"},{"floor":15.0,"key":"REST"},{"floor":28.0,"key":"REST"},{"data":"Venomology","floor":32.0,"key":"SMITH"},{"data":"Adrenaline","floor":41.0,"key":"SMITH"},{"data":"Shockwave","floor":49,"key":"SMITH"}],"circlet_count":0,"master_deck":["AscendersBane","Survivor","Neutralize","Poisoned Stab+1","Backstab","Catalyst+1","Caltrops","Noxious Fumes+1","Dash","Deadly Poison","PiercingWail","Venomology","Night Terror","Deadly Poison","Venomology+1","Deflect","Corpse Explosion","Backflip","Calculated Gamble","Adrenaline+1","hubris:ReadiedAction","Sadistic Nature","Sucker Punch+1","Shockwave+1"],"relics":["Ring of the Snake","hubris:PeanutButter","Letter Opener","Juzu Bracelet","Bloody Idol","CeramicFish","MerchantsRug","hubris:Icosahedron","hubris:DisguiseKit","hubris:SphereOfDissonance","hubris:RunicObelisk","hubris:Towel","hubris:SlimyHat","Orichalcum"],"acts_visited":["Exordium","TheCity","TheBeyond"],"potions_floor_usage":[45,45,45,48,50,50,50,50,51,51],"damage_taken":[{"damage":0.0,"enemies":"Cultist","floor":1.0,"turns":4.0},{"damage":0.0,"enemies":"2 Louse","floor":2.0,"turns":2.0},{"damage":23.0,"enemies":"Lagavulin","floor":11.0,"turns":7.0},{"damage":0.0,"enemies":"Small Slimes","floor":12.0,"turns":3.0},{"damage":0.0,"enemies":"Blue Slaver","floor":14.0,"turns":3.0},{"damage":27.0,"enemies":"Slime Boss","floor":16.0,"turns":10.0},{"damage":0.0,"enemies":"3 Byrds","floor":18.0,"turns":3.0},{"damage":11.0,"enemies":"2 Thieves","floor":19.0,"turns":3.0},{"damage":42.0,"enemies":"Sentry and Sphere","floor":24.0,"turns":6.0},{"damage":8.0,"enemies":"Gremlin Leader","floor":27.0,"turns":4.0},{"damage":0.0,"enemies":"Snecko","floor":29.0,"turns":1.0},{"damage":39.0,"enemies":"hubris:MusketHawk","floor":33.0,"turns":7.0},{"damage":0.0,"enemies":"3 Shapes","floor":35.0,"turns":3.0},{"damage":0.0,"enemies":"Orb Walker","floor":37.0,"turns":1.0},{"damage":0.0,"enemies":"Mind Bloom Boss Battle","floor":38.0,"turns":4.0},{"damage":32.0,"enemies":"Nemesis","floor":40.0,"turns":5.0},{"damage":29.0,"enemies":"Jaw Worm Horde","floor":42.0,"turns":3.0},{"damage":0,"enemies":"Spire Growth","floor":45,"turns":2},{"damage":0,"enemies":"Sphere and 2 Shapes","floor":48,"turns":3},{"damage":57,"enemies":"hubris:GrandSnecko","floor":50,"turns":7},{"damage":17,"enemies":"Donu and Deca","floor":51,"turns":3}],"seed_played":"8377421313631137869","potions_obtained":[{"floor":11.0,"key":"Explosive Potion"},{"floor":12.0,"key":"Dexterity Potion"},{"floor":14.0,"key":"EntropicBrew"},{"floor":18.0,"key":"Regen Potion"},{"floor":24.0,"key":"Fruit Juice"},{"floor":25.0,"key":"SmokeBomb"},{"floor":37.0,"key":"GhostInAJar"},{"floor":40.0,"key":"FairyPotion"}],"is_trial":false,"path_per_floor":["M","M","$","?","?","R","T","R","T","?","E","M","R","M","R","B",null,"M","M","?","$","?","?","M","?","T","E","R","M","?","?","R","B",null,"M","$","M","?","?","E","R","M","T","?","M","?","?","M","R","B","B",null],"character_chosen":"THE_SILENT","items_purchased":["hubris:PeanutButter","Poisoned Stab","Caltrops","MerchantsRug","Sadistic Nature"],"campfire_rested":2,"item_purchase_floors":[0,0,3,21,36],"current_hp_per_floor":[59,59,59,59,64,64,64,64,64,64,41,41,41,41,60,33,56,56,53,53,64,64,64,37,37,37,34,54,54,57,60,60,31,60,69,69,69,69,69,42,42,18,23,26,36,44,79,79,79,22,5],"gold":312,"neow_bonus":"","is_daily":false,"chose_seed":false,"campfire_upgraded":6,"win_rate":0.0,"timestamp":1608521391,"path_taken":["M","?","$","?","?","R","?","R","T","?","E","M","R","M","R","BOSS","M","M","?","$","?","?","M","?","T","E","R","M","?","?","R","BOSS","M","$","M","?","?","E","R","M","T","?","M","?","?","M","R","BOSS","BOSS"],"items_purchased_type":["Relic","Card","Card","Relic","Card"],"build_version":"2020-12-13","purchased_purges":3,"victory":true,"max_hp_per_floor":[66,66,66,66,71,71,71,71,71,64,64,64,64,64,64,64,64,64,64,64,64,64,64,69,69,69,69,69,69,69,69,69,69,69,69,69,69,69,69,69,69,69,69,69,69,69,79,79,79,79,79],"card_choices":[{"not_picked":["Acrobatics","Skewer"],"picked":"Backstab","floor":1.0},{"not_picked":["Dagger Spray","All Out Attack"],"picked":"Catalyst","floor":2.0},{"not_picked":["Prepared","Quick Slash"],"picked":"Dash","floor":11.0},{"not_picked":["Accuracy","Slice"],"picked":"Deadly Poison","floor":12.0},{"not_picked":["Dagger Spray","Acrobatics"],"picked":"PiercingWail","floor":14.0},{"not_picked":["Bullet Time","Night Terror"],"picked":"Venomology","floor":16.0},{"not_picked":["Finisher","Endless Agony"],"picked":"Backflip","floor":18.0},{"not_picked":["Poisoned Stab","Masterful Stab","hubris:SlightOfHand"],"picked":"SKIP","floor":19.0},{"not_picked":["Blade Dance","Prepared"],"picked":"Calculated Gamble","floor":24.0},{"not_picked":["Underhanded Strike","Flying Knee","Deflect","Body Slam"],"picked":"SKIP","floor":27.0},{"not_picked":["Unload","Malaise","Demon Form"],"picked":"Adrenaline","floor":33.0},{"not_picked":["Caltrops","Quick Slash","hubris:SlightOfHand"],"picked":"hubris:ReadiedAction","floor":35.0},{"not_picked":["Terror+1","Backstab","Acrobatics+1","Blood for Blood"],"picked":"SKIP","floor":37.0},{"not_picked":["Setup","Skewer","Dagger Spray+1","Uppercut"],"picked":"SKIP","floor":40.0},{"not_picked":["Noxious Fumes","Flechettes","Dash","Carnage"],"picked":"SKIP","floor":42.0},{"not_picked":["Distraction+1","Blade Dance","Clothesline"],"picked":"Sucker Punch+1","floor":45},{"not_picked":["hubris:SlightOfHand","Concentrate","Deadly Poison","Shockwave"],"picked":"SKIP","floor":48},{"not_picked":["hubris:SlightOfHand","Concentrate","Deadly Poison"],"picked":"Shockwave","floor":48}],"player_experience":3204004,"relics_obtained":[{"floor":7.0,"key":"Letter Opener"},{"floor":9.0,"key":"Juzu Bracelet"},{"floor":11.0,"key":"CeramicFish"},{"floor":26.0,"key":"hubris:DisguiseKit"},{"floor":27.0,"key":"hubris:SphereOfDissonance"},{"floor":40.0,"key":"hubris:SlimyHat"},{"floor":43.0,"key":"Orichalcum"}],"event_choices":[{"damage_healed":0.0,"max_hp_gain":5.0,"max_hp_loss":0.0,"gold_gain":0.0,"event_name":"Big Fish","player_choice":"Donut","floor":5.0,"gold_loss":0.0,"damage_taken":0.0},{"damage_healed":0.0,"max_hp_gain":0.0,"max_hp_loss":7.0,"gold_gain":0.0,"event_name":"Golden Idol","player_choice":"Lose Max HP","floor":10.0,"gold_loss":0.0,"damage_taken":0.0,"relics_obtained":["Golden Idol"]},{"damage_healed":0.0,"max_hp_gain":0.0,"max_hp_loss":0.0,"gold_gain":0.0,"event_name":"Forgotten Altar","player_choice":"Gave Idol","floor":20.0,"relics_lost":["Golden Idol"],"gold_loss":0.0,"damage_taken":0.0,"relics_obtained":["Bloody Idol"]},{"damage_healed":0.0,"max_hp_gain":0.0,"max_hp_loss":0.0,"gold_gain":0.0,"event_name":"Lab","player_choice":"Got Potions","floor":25.0,"gold_loss":0.0,"damage_taken":0.0},{"damage_healed":0.0,"max_hp_gain":0.0,"max_hp_loss":0.0,"gold_gain":0.0,"event_name":"Cursed Tome","player_choice":"Ignored","floor":30.0,"gold_loss":0.0,"damage_taken":0.0},{"cards_removed":["Distraction"],"damage_healed":0.0,"max_hp_gain":0.0,"max_hp_loss":0.0,"gold_gain":0.0,"event_name":"Back to Basics","player_choice":"Elegance","floor":31.0,"gold_loss":0.0,"damage_taken":0.0},{"damage_healed":0.0,"max_hp_gain":0.0,"max_hp_loss":0.0,"gold_gain":0.0,"event_name":"MindBloom","player_choice":"Fight","floor":38.0,"gold_loss":0.0,"damage_taken":0.0},{"damage_healed":0,"gold_gain":0,"player_choice":"Memory 1","damage_taken":0,"max_hp_gain":0,"max_hp_loss":0,"event_name":"SensoryStone","floor":44,"gold_loss":0},{"damage_healed":0,"gold_gain":50,"player_choice":"Pray","damage_taken":0,"max_hp_gain":0,"max_hp_loss":0,"event_name":"Golden Shrine","floor":46,"gold_loss":0},{"cards_removed":["Venomology"],"damage_healed":22,"gold_gain":0,"player_choice":"Offered Rare","damage_taken":0,"max_hp_gain":10,"max_hp_loss":0,"event_name":"Bonfire Elementals","floor":47,"gold_loss":0}],"is_beta":false,"boss_relics":[{"not_picked":["WristBlade","hubris:CrackedHourglass"],"picked":"Pandora\u0027s Box"},{"not_picked":["Coffee Dripper","hubris:BlackHole"],"picked":"hubris:RunicObelisk"}],"items_purged_floors":[3,21,36],"is_endless":false,"potions_floor_spawned":[11,12,14,18,19,24,29,37,40,45,48],"ascension_level":20}}