{"host":"e87rn453naquue3h","time":1608525188,"event":{"mods":["AchievementEnabler","BaseMod","Downfall","Minty Spire (QoL Compilation)","StSLib"],"gold_per_floor":[99,99,110,110,142,142,142,142,176,176,191,204,220,239,259,364,364,364,464,464,464,481,516,516,516,548,548,559,559,578,401,415,512,512,512,523,523,573,607,707,707,725,754,754,770,415,66,116,128,128],"floor_reached":51,"playtime":3776,"items_purged":["Slimebound:Defend_Slimebound","Slimebound:Defend_Slimebound","Slimebound:Defend_Slimebound"],"score":864,"play_id":"b553af72-a877-4a93-ad8a-83c70c04aa43","local_time":"20201220233308","is_ascension_mode":true,"campfire_choices":[{"data":"Slimebound:Split","floor":1,"key":"SMITH"},{"data":"Slimebound:ItLooksTasty","floor":6,"key":"SMITH"},{"floor":10,"key":"REST"},{"data":"Slimebound:DouseInSlime","floor":18,"key":"SMITH"},{"data":"Slimebound:Replication","floor":20,"key":"SMITH"},{"data":"Slimebound:RainOfGoop","floor":25,"key":"SMITH"},{"floor":27,"key":"REST"},{"data":"Slimebound:SlimeSlap","floor":35,"key":"SMITH"},{"data":"Slimebound:SlimeSlap","floor":37,"key":"SMITH"},{"data":"Slimebound:OozeBath","floor":44,"key":"SMITH"}],"circlet_count":0,"master_deck":["Slimebound:Strike_Slimebound","Slimebound:Strike_Slimebound","Slimebound:Tackle","Slimebound:Split+1","Slimebound:CorrosiveSpit","Slimebound:ItLooksTasty+1","Slimebound:Replication+1","Slimebound:SplitBruiser","Slimebound:Dissolve","Slimebound:MegaLick","Slimebound:MegaLick","Slimebound:DouseInSlime+1","Slimebound:FormOfPuddle+1","Slimebound:RainOfGoop+1","Slimebound:SlimeSlap+1","Slimebound:AcidTongue+1","Slimebound:RainOfGoop","Slimebound:OozeBath+1","Slimebound:RejuvenatingLick","Slimebound:HauntingLick","Slimebound:Dissolve","Slimebound:SlimeSlap+1","Slimebound:HauntingLick+1","Slimebound:HauntingLick","Slimebound:RejuvenatingLick+1","Slimebound:SplitMire+1","Slimebound:LeechLife","Slimebound:RejuvenatingLick+1","Slimebound:Dissolve","Slimebound:MegaLick+1"],"relics":["Black Star","Bronze Scales","Question Card","Vajra","Dead Branch","Dream Catcher","Sozu","Pocketwatch","Pear","Slimebound:AggressiveSlimeRelic","Bag of Marbles","Frozen Egg 2","Kunai","Ornamental Fan","Nunchaku","Eternal Feather","Slimebound:TarBlob","StoneCalendar","HornCleat","Blue Candle","Potion Belt","Regal Pillow","Meat on the Bone","Letter Opener","Slimebound:MaxSlimesRelic","Oddly Smooth Stone","Unceasing Top"],"acts_visited":["Exordium","TheCity","TheBeyond"],"potions_floor_usage":[5,16,50],"damage_taken":[{"damage":9,"enemies":"Jaw Worm","floor":3,"turns":4},{"damage":28,"enemies":"Gremlin Nob","floor":5,"turns":3},{"damage":27,"enemies":"Lagavulin","floor":9,"turns":7},{"damage":18,"enemies":"Small Slimes","floor":11,"turns":3},{"damage":20,"enemies":"2 Louse","floor":12,"turns":2},{"damage":20,"enemies":"Red Slaver","floor":13,"turns":2},{"damage":8,"enemies":"Exordium Wildlife","floor":14,"turns":2},{"damage":8,"enemies":"2 Fungi Beasts","floor":15,"turns":2},{"damage":17,"enemies":"downfall:Defect","floor":16,"turns":4},{"damage":18,"enemies":"Colosseum Nobs","floor":19,"turns":3},{"damage":12,"enemies":"Shell Parasite","floor":22,"turns":2},{"damage":25,"enemies":"Slavers","floor":23,"turns":3},{"damage":53,"enemies":"Book of Stabbing","floor":26,"turns":4},{"damage":15,"enemies":"3 Byrds","floor":28,"turns":1},{"damage":9,"enemies":"Snecko","floor":30,"turns":3},{"damage":18,"enemies":"downfall:FleeingMerchant","floor":31,"turns":4},{"damage":22,"enemies":"Sentry and Sphere","floor":32,"turns":3},{"damage":43,"enemies":"downfall:Ironclad","floor":33,"turns":4},{"damage":24,"enemies":"3 Shapes","floor":36,"turns":2},{"damage":20,"enemies":"2 Orb Walkers","floor":38,"turns":2},{"damage":27,"enemies":"Giant Head","floor":39,"turns":4},{"damage":12,"enemies":"downfall:LadyInBlue","floor":40,"turns":3},{"damage":13,"enemies":"Orb Walker","floor":42,"turns":2},{"damage":33,"enemies":"Reptomancer","floor":43,"turns":3},{"damage":30,"enemies":"3 Darklings","floor":45,"turns":3},{"damage":33,"enemies":"Mind Bloom Boss Battle","floor":48,"turns":2},{"damage":24,"enemies":"Maw","floor":49,"turns":2},{"damage":25,"enemies":"downfall:Watcher","floor":50,"turns":3}],"seed_played":"6405839802747584522","potions_obtained":[{"floor":3,"key":"Slimebound:SlimedPotion"},{"floor":11,"key":"LiquidMemories"},{"floor":14,"key":"PowerPotion"},{"floor":15,"key":"SkillPotion"}],"is_trial":false,"path_per_floor":["R","?","M","?","E","R","T","?","E","R","M","M","M","M","M","B",null,"R","?","R","?","M","E","T","R","E","R","M","?","M","$","M","B",null,"R","M","R","?","E","?","T","M","E","R","M","$","$","?","M","B",null],"character_chosen":"SLIMEBOUND","items_purchased":["Slimebound:RejuvenatingLick","Slimebound:HauntingLick","Eternal Feather","Slimebound:MaxSlimesRelic","Slimebound:Dissolve","Oddly Smooth Stone"],"campfire_rested":2,"item_purchase_floors":[31,31,31,46,47,47],"current_hp_per_floor":[60,65,64,64,44,44,44,49,30,49,47,47,47,47,47,50,65,65,65,65,65,65,52,52,52,38,60,57,57,56,54,54,75,75,75,71,75,61,60,62,62,63,75,75,73,73,73,68,75,75],"gold":128,"neow_bonus":"BOSS_RELIC","is_daily":false,"chose_seed":false,"campfire_upgraded":8,"win_rate":0.0,"timestamp":1608525188,"path_taken":["R","?","M","?","E","R","T","?","E","R","M","M","M","?","M","BOSS","R","?","R","?","M","E","T","R","E","R","M","?","M","?","M","BOSS","R","M","R","?","E","?","T","?","E","R","M","$","$","?","M","BOSS"],"items_purchased_type":["Card","Card","Relic","Relic","Card","Relic"],"build_version":"2020-12-13","purchased_purges":3,"victory":true,"max_hp_per_floor":[60,65,65,65,65,65,65,65,65,65,65,65,65,65,65,65,65,65,75,75,75,75,75,75,75,75,75,75,75,75,75,75,75,75,75,75,75,75,75,75,75,75,75,75,75,75,75,75,75,75],"card_choices":[{"not_picked":["Slimebound:FlameTackle","Slimebound:SlimeSpikes"],"picked":"Slimebound:ComboTackle","floor":3},{"not_picked":["Slimebound:MegaLick","Slimebound:SamplingLick"],"picked":"Slimebound:ItLooksTasty","floor":5},{"not_picked":["Slimebound:ComboTackle","Slimebound:Grow","Slimebound:SlimeSpikes"],"picked":"Slimebound:Replication","floor":9},{"not_picked":["Slimebound:LevelUp","Slimebound:ForwardTackle","Slimebound:ComboTackle"],"picked":"Slimebound:SplitBruiser","floor":11},{"not_picked":["Slimebound:ViciousTackle","Slimebound:SelfFormingGoo","Slimebound:SamplingLick"],"picked":"Slimebound:Dissolve","floor":12},{"not_picked":["Slimebound:LeechingTouch","Slimebound:LevelUp","Slimebound:PressTheAttack"],"picked":"Slimebound:MegaLick","floor":13},{"not_picked":["Slimebound:SplitBruiser","Slimebound:FlameTackle","Slimebound:ViciousTackle","Slimebound:ComboTackle"],"picked":"SKIP","floor":14},{"not_picked":["Slimebound:ForwardTackle","Slimebound:RollThrough","Slimebound:Repurpose"],"picked":"Slimebound:MegaLick","floor":15},{"not_picked":["Slimebound:DuplicatedForm","Slimebound:MassRepurpose","Slimebound:CheckThePlaybook"],"picked":"Slimebound:DouseInSlime","floor":16},{"not_picked":["Slimebound:SplitAcid+1","Slimebound:FlameTackle","Slimebound:SamplingLick"],"picked":"Slimebound:FormOfPuddle+1","floor":22},{"not_picked":["Slimebound:MegaLick","Slimebound:FirmFortitude+1","Slimebound:SplitMire"],"picked":"Slimebound:RainOfGoop","floor":23},{"not_picked":["Slimebound:ViciousTackle","Slimebound:SplitLeeching","Slimebound:FirmFortitude+1","Slimebound:LeechingTouch"],"picked":"SKIP","floor":26},{"not_picked":["Slimebound:SplitBruiser+1","Slimebound:SplitLeeching+1","Slimebound:SplitAcid"],"picked":"Slimebound:SlimeSlap","floor":27},{"not_picked":["Slimebound:LevelUp+1","Slimebound:RejuvenatingLick","Slimebound:SamplingLick"],"picked":"Slimebound:AcidTongue+1","floor":28},{"not_picked":["Slimebound:BestDefense+1","Slimebound:ViciousTackle","Slimebound:SplitAcid"],"picked":"Slimebound:RainOfGoop","floor":30},{"not_picked":["Slimebound:RollThrough","Slimebound:ItLooksTasty","Slimebound:FormOfPuddle"],"picked":"Slimebound:OozeBath","floor":31},{"not_picked":["Slimebound:Chomp","Slimebound:Grow+1","Slimebound:ViciousTackle"],"picked":"Slimebound:Dissolve","floor":32},{"not_picked":["Slimebound:CheckThePlaybook","Slimebound:Teamwork","Slimebound:MinionMaster+1"],"picked":"Slimebound:SlimeSlap","floor":33},{"not_picked":["Slimebound:SplitLeeching+1","Slimebound:SplitMire+1","Slimebound:LivingWall","Slimebound:Grow+1"],"picked":"SKIP","floor":36},{"not_picked":["Slimebound:ViciousTackle","Slimebound:DisruptingSlam+1","Slimebound:GrowthPunch+1"],"picked":"Slimebound:HauntingLick+1","floor":38},{"not_picked":["Slimebound:SlimeSpikes+1","Slimebound:MassFeed","Slimebound:GoopTackle"],"picked":"Slimebound:HauntingLick","floor":39},{"not_picked":["Slimebound:SplitAcid","Slimebound:ComboTackle+1","Slimebound:FinishingTackle"],"picked":"Slimebound:RejuvenatingLick+1","floor":40},{"not_picked":["Slimebound:SplitAcid","Slimebound:ComboTackle","Slimebound:LeechEnergy"],"picked":"Slimebound:SplitMire+1","floor":42},{"not_picked":["Slimebound:GoopTackle+1","Slimebound:Schlurp","Slimebound:SamplingLick+1"],"picked":"Slimebound:LeechLife","floor":43},{"not_picked":["Slimebound:Schlurp","Slimebound:GrowthPunch","Slimebound:Gluttony+1"],"picked":"Slimebound:RejuvenatingLick+1","floor":45},{"not_picked":["Slimebound:PressTheAttack","Slimebound:SlimeSpikes","Slimebound:SpikyOuterGoop+1"],"picked":"Slimebound:MegaLick+1","floor":48},{"not_picked":["Slimebound:SlimeBarrage","Slimebound:LeechingTouch+1","Slimebound:SplitBruiser","Slimebound:SplitLeeching"],"picked":"SKIP","floor":49}],"player_experience":2329220,"relics_obtained":[{"floor":5,"key":"Bronze Scales"},{"floor":5,"key":"Question Card"},{"floor":7,"key":"Vajra"},{"floor":9,"key":"Dead Branch"},{"floor":9,"key":"Dream Catcher"},{"floor":19,"key":"Pocketwatch"},{"floor":19,"key":"Pear"},{"floor":23,"key":"Bag of Marbles"},{"floor":23,"key":"Frozen Egg 2"},{"floor":24,"key":"Kunai"},{"floor":26,"key":"Ornamental Fan"},{"floor":26,"key":"Nunchaku"},{"floor":38,"key":"StoneCalendar"},{"floor":39,"key":"HornCleat"},{"floor":39,"key":"Blue Candle"},{"floor":40,"key":"Potion Belt"},{"floor":41,"key":"Regal Pillow"},{"floor":43,"key":"Meat on the Bone"},{"floor":43,"key":"Letter Opener"},{"floor":48,"key":"Unceasing Top"}],"event_choices":[{"damage_healed":0,"gold_gain":0,"player_choice":"Donut","damage_taken":0,"max_hp_gain":5,"max_hp_loss":0,"event_name":"Big Fish","floor":2,"gold_loss":0},{"cards_removed":["Slimebound:ComboTackle"],"damage_healed":5,"gold_gain":0,"player_choice":"Offered Common","damage_taken":0,"max_hp_gain":0,"max_hp_loss":0,"event_name":"Bonfire Elementals","floor":8,"gold_loss":0},{"cards_removed":["Slimebound:ComboTackle"],"damage_healed":5,"gold_gain":0,"player_choice":"Offered Special","damage_taken":0,"max_hp_gain":0,"max_hp_loss":0,"event_name":"Bonfire Elementals","floor":8,"gold_loss":0},{"damage_healed":0,"gold_gain":0,"player_choice":"Fight","damage_taken":0,"max_hp_gain":0,"max_hp_loss":0,"event_name":"Mysterious Sphere","floor":38,"gold_loss":0}],"is_beta":false,"boss_relics":[{"not_picked":["Fusion Hammer","Pandora\u0027s Box"],"picked":"Sozu"},{"not_picked":["Runic Pyramid","Runic Dome"],"picked":"Slimebound:TarBlob"}],"items_purged_floors":[31,46,47],"is_endless":false,"potions_floor_spawned":[3,11,14,15,22,26,30,36,43,45,48],"ascension_level":1}}