{"host":"87fdiiwflhrwsj8a","time":1608589844,"event":{"mods":["Aspiration","BaseMod","Better Match","Better Third Choice","BetterRewards","Colored Map","Downfall","GifTheSpireLib","Infinite Spire","Minty Spire (QoL Compilation)","Relic Sorter","Replay The Spire","Robot Space Explorer","StSLib","Stuff the Spire","The Cursed"],"gold_per_floor":[111,125,125,141,16,46,61,61,61,61,116,116,134,161,183,210,222,308,320,332,332],"floor_reached":20,"playtime":738,"items_purged":[],"score":368,"play_id":"36d4c8fc-4978-43e8-b9c8-290eb4aec2c6","local_time":"20201221173044","is_ascension_mode":true,"campfire_choices":[{"floor":10,"key":"REST"},{"floor":12,"key":"REST"},{"floor":17,"key":"REST"}],"circlet_count":0,"master_deck":["AscendersBane","Bash","Blood for Blood","Clash","Inflame","Cleave","Heavy Blade","Power Through","ReplayTheSpireMod:Stacked","Rage","StuffTheSpire:Resist","Thunderclap","Injury","Havoc+1","Brutality+1","Barricade+1","Corruption+1","Armaments+1","ReplayTheSpireMod:Strike From Hell","Warcry+1","Armaments+1","Defy Death+1","Body Slam","Demon Form"],"relics":["Pandora\u0027s Box","Toxic Egg 2","Happy Flower","Blood Vial","MawBank","infinitespire:Burning Sword"],"acts_visited":["Exordium","TheCity"],"potions_floor_usage":[7,18,18],"damage_taken":[{"damage":0.0,"enemies":"2 Louse","floor":1.0,"turns":3.0},{"damage":1.0,"enemies":"Jaw Worm","floor":2.0,"turns":4.0},{"damage":3.0,"enemies":"Cultist","floor":4.0,"turns":3.0},{"damage":61.0,"enemies":"3 Sentries","floor":6.0,"turns":8.0},{"damage":11,"enemies":"Exordium Thugs","floor":7,"turns":4},{"damage":12,"enemies":"2 Fungi Beasts","floor":13,"turns":4},{"damage":3,"enemies":"Lagavulin","floor":14,"turns":7},{"damage":15,"enemies":"Blue Slaver","floor":15,"turns":3},{"damage":6,"enemies":"Looter","floor":16,"turns":4},{"damage":19,"enemies":"Slime Boss","floor":18,"turns":12},{"damage":28,"enemies":"3 Byrds","floor":20,"turns":4}],"seed_played":"1464071352370537728","potions_obtained":[{"floor":2.0,"key":"FearPotion"},{"floor":4.0,"key":"Regen Potion"},{"floor":13,"key":"Flashbang"},{"floor":14,"key":"Guardian:BlockOnCardUsePotion"}],"is_trial":false,"path_per_floor":["M","M","?","M","?","E","M","PTL","PTL","R","T","R","M","E","M","M","R","B",null,"M"],"character_chosen":"IRONCLAD","items_purchased":[],"campfire_rested":3,"item_purchase_floors":[],"current_hp_per_floor":[68,67,67,64,64,3,4,4,4,26,26,48,38,37,24,20,42,25,63,37,37],"gold":332,"neow_bonus":"BOSS_RELIC","is_daily":false,"chose_seed":false,"campfire_upgraded":0,"win_rate":0.0,"timestamp":1608589844,"path_taken":["M","M","?","M","?","E","M","PTL","PTL","R","T","R","M","E","?","M","R","BOSS","M"],"items_purchased_type":[],"build_version":"2020-12-13","purchased_purges":0,"victory":false,"max_hp_per_floor":[75,75,75,75,75,75,75,75,75,75,75,75,75,75,75,75,75,75,75,75,75],"card_choices":[{"not_picked":["Havoc","Cleave","Run Through"],"picked":"SKIP","floor":1.0},{"not_picked":["Entrench","StuffTheSpire:BloodClot"],"picked":"Thunderclap","floor":2.0},{"not_picked":["Rage+1","Flex+1"],"picked":"Havoc+1","floor":4.0},{"not_picked":["Feed+1","Hemogenesis+1"],"picked":"Brutality+1","floor":5.0},{"not_picked":["Bludgeon+1","Fiend Fire+1"],"picked":"Barricade+1","floor":5.0},{"not_picked":["Immolate+1","Demonic Infusion+1"],"picked":"Corruption+1","floor":5.0},{"not_picked":["Barricade","Uppercut"],"picked":"Armaments+1","floor":6.0},{"not_picked":["Sword Boomerang","ReplayTheSpireMod:Muscle Training+1"],"picked":"ReplayTheSpireMod:Strike From Hell","floor":7},{"not_picked":["Run Through","Dropkick"],"picked":"Warcry+1","floor":13},{"not_picked":["Warcry+1","Clothesline"],"picked":"Armaments+1","floor":14},{"not_picked":["Bludgeon","Run Through"],"picked":"Defy Death+1","floor":15},{"not_picked":["Thunderclap","Twin Strike"],"picked":"Body Slam","floor":16},{"not_picked":["Replay:Many Hands+1","Brutality"],"picked":"Demon Form","floor":18}],"player_experience":2613873,"relics_obtained":[{"floor":6.0,"key":"Happy Flower"},{"floor":11,"key":"Blood Vial"},{"floor":14,"key":"MawBank"}],"event_choices":[{"damage_healed":0.0,"max_hp_gain":0.0,"max_hp_loss":0.0,"gold_gain":0.0,"event_name":"betterMatch:BetterMatch","player_choice":"3","floor":5.0,"gold_loss":0.0,"damage_taken":0.0,"cards_obtained":["betterMatch:RareCard"]}],"is_beta":false,"boss_relics":[{"not_picked":["ReplayTheSpireMod:SealedPack","Cursed Key"],"picked":"infinitespire:Burning Sword"}],"items_purged_floors":[],"is_endless":false,"potions_floor_spawned":[2,4,13,14,16],"killed_by":"3 Byrds","ascension_level":20}}