{"host":"gy28cvaawxgarp7n","time":1608552161,"event":{"mods":["BaseMod","Conspire","Minty Spire (QoL Compilation)","StSLib","The Servant 0.9.4"],"gold_per_floor":[112,129,129,141,154,154,180,194,194,213,17,37,37,54,54,150,150,167,167,167,167,167,195,206,73,100,100,100],"floor_reached":27,"playtime":1069,"items_purged":[],"score":235,"play_id":"75ed873e-feca-4b26-a94d-f677419e7043","local_time":"20201221200241","is_ascension_mode":false,"campfire_choices":[{"data":"Luminosity","floor":6,"key":"SMITH"},{"data":"BestPractice","floor":13,"key":"SMITH"},{"data":"SilverBlades","floor":15,"key":"SMITH"}],"circlet_count":0,"master_deck":["Strike_S","Strike_S","Strike_S","Strike_S","Defend_S","Defend_S","Defend_S","Defend_S","KidneyShot","Exchange","Shame","Luminosity+1","Defy","Moonlight","ReturningBlade","SilverBlades+1","Ricochet","StarChef","BestPractice+1","Revamp","WasteNot","Solidify","Starlight+1","RitualDagger","Sabotage+1","Comet","Bandage Up"],"relics":["Uniform","conspire:GlowingRock","Ginger","StrikeDummy","Bag of Marbles","SlaversCollar","HornCleat","Juzu Bracelet"],"acts_visited":["Exordium","TheCity"],"potions_floor_usage":[10,10,16,16,23,23],"damage_taken":[{"damage":2,"enemies":"conspire:RoseBush","floor":1,"turns":5},{"damage":0,"enemies":"Cultist","floor":2,"turns":4},{"damage":0,"enemies":"2 Louse","floor":4,"turns":3},{"damage":3,"enemies":"2 Fungi Beasts","floor":5,"turns":3},{"damage":26,"enemies":"Lagavulin","floor":7,"turns":12},{"damage":2,"enemies":"Blue Slaver","floor":8,"turns":3},{"damage":0,"enemies":"Large Slime","floor":10,"turns":4},{"damage":12,"enemies":"3 Louse","floor":12,"turns":2},{"damage":0,"enemies":"2 Fungi Beasts","floor":14,"turns":2},{"damage":7,"enemies":"Slime Boss","floor":16,"turns":7},{"damage":10,"enemies":"Shell Parasite","floor":18,"turns":6},{"damage":42,"enemies":"Slavers","floor":23,"turns":4},{"damage":0,"enemies":"3 Byrds","floor":24,"turns":4},{"damage":11,"enemies":"conspire:MimicChest","floor":27,"turns":4}],"seed_played":"-8938890791105500509","potions_obtained":[{"floor":3,"key":"LiquidBronze"},{"floor":3,"key":"Block Potion"},{"floor":3,"key":"AttackPotion"},{"floor":10,"key":"Dexterity Potion"},{"floor":14,"key":"SpeedPotion"},{"floor":16,"key":"PowerPotion"},{"floor":18,"key":"BlessingOfTheForge"}],"is_trial":false,"path_per_floor":["M","M","?","M","M","R","E","M","T","M","$","M","R","M","R","B",null,"M","?","?","?","?","E","M","$","T","?"],"character_chosen":"THE_SERVANT","items_purchased":["BestPractice","Bag of Marbles","Comet","Bandage Up"],"campfire_rested":0,"item_purchase_floors":[11,11,25,25],"current_hp_per_floor":[63,63,63,63,60,60,34,32,32,32,32,20,20,20,20,13,65,55,49,49,49,49,7,7,7,7,0,0],"gold":100,"neow_bonus":"ONE_RARE_RELIC","is_daily":false,"chose_seed":false,"campfire_upgraded":3,"win_rate":0.0,"timestamp":1608552161,"path_taken":["M","M","?","M","?","R","E","M","T","M","?","M","R","M","R","BOSS","M","?","?","?","?","E","M","$","T","?"],"items_purchased_type":["Card","Relic","Card","Card"],"build_version":"2020-12-13","purchased_purges":0,"victory":false,"max_hp_per_floor":[65,65,65,65,65,65,65,65,65,65,65,65,65,65,65,65,65,65,65,65,65,65,65,65,65,65,65,65],"card_choices":[{"not_picked":["Alleviate","Starlight"],"picked":"Luminosity","floor":1},{"not_picked":["TimeWarp","DualDimension"],"picked":"Defy","floor":2},{"not_picked":["Collapse","Spin"],"picked":"Moonlight","floor":4},{"not_picked":["Snipe","Moonlight"],"picked":"ReturningBlade","floor":5},{"not_picked":["Dilation","Unruled"],"picked":"SilverBlades","floor":7},{"not_picked":["Barrier","Manipulate"],"picked":"Ricochet","floor":8},{"not_picked":["Manipulate","Misdirection"],"picked":"StarChef","floor":10},{"not_picked":["ShatteredReality","Rearm"],"picked":"Revamp","floor":12},{"not_picked":["Replace","Rewind"],"picked":"WasteNot","floor":14},{"not_picked":["ForgedInTime","MurderousAura"],"picked":"Solidify","floor":16},{"not_picked":["FastForward+1","GearUp"],"picked":"Starlight+1","floor":18},{"not_picked":["Moonlight","Alleviate"],"picked":"Sabotage+1","floor":23},{"not_picked":["Alleviate+1","ShatteredReality","WasteNot"],"picked":"SKIP","floor":24}],"player_experience":154282,"relics_obtained":[{"floor":7,"key":"Ginger"},{"floor":9,"key":"StrikeDummy"},{"floor":23,"key":"HornCleat"},{"floor":26,"key":"Juzu Bracelet"}],"event_choices":[{"damage_healed":0,"gold_gain":0,"player_choice":"Got Potions","damage_taken":0,"max_hp_gain":0,"max_hp_loss":0,"event_name":"Lab","floor":3,"gold_loss":0},{"damage_healed":0,"gold_gain":0,"player_choice":"Joined the Cult","damage_taken":6,"max_hp_gain":0,"max_hp_loss":0,"event_name":"Nest","floor":19,"gold_loss":0,"cards_obtained":["RitualDagger"]},{"damage_healed":0,"gold_gain":0,"player_choice":"Ignored","damage_taken":0,"max_hp_gain":0,"max_hp_loss":0,"event_name":"Ghosts","floor":20,"gold_loss":0},{"damage_healed":0,"gold_gain":0,"player_choice":"Leave","damage_taken":0,"max_hp_gain":0,"max_hp_loss":0,"event_name":"conspire:Investor","floor":21,"gold_loss":0},{"damage_healed":0,"gold_gain":0,"player_choice":"Ignored","damage_taken":0,"max_hp_gain":0,"max_hp_loss":0,"event_name":"Vampires","floor":22,"gold_loss":0}],"is_beta":false,"boss_relics":[{"not_picked":["conspire:RunicOctahedron","conspire:SlowCooker"],"picked":"SlaversCollar"}],"items_purged_floors":[],"is_endless":false,"potions_floor_spawned":[5,8,10,14,16,18],"killed_by":"conspire:MimicChest","ascension_level":0}}