{"host":"zsm7nv3crm3m4x5c","time":1608514762,"event":{"mods":["AchievementEnabler","BaseMod","Colored Map","Colored Powertips","Minty Spire (QoL Compilation)","Shop Mod"],"gold_per_floor":[99,99,99,99,99,99,99,99,99,99,99,99,99,99,99,99,99,54,54,54,54,54,54,54,54,54],"floor_reached":25,"playtime":649,"items_purged":[],"score":358,"play_id":"1d183f48-2ca2-4e75-96c7-d8b1ab314e83","local_time":"20201220203922","is_ascension_mode":true,"campfire_choices":[{"floor":6,"key":"REST"},{"floor":8,"key":"REST"},{"floor":15,"key":"REST"},{"floor":23,"key":"REST"}],"circlet_count":0,"master_deck":["AscendersBane","Strike_R","Strike_R+1","Strike_R","Strike_R","Strike_R","Defend_R","Defend_R","Defend_R","Defend_R","Bash","Perfected Strike","Shrug It Off","Spot Weakness+1","Heavy Blade","Inflame","Demon Form","Inflame+1","Impervious"],"relics":["Ectoplasm","Thread and Needle","Sozu","Nilry\u0027s Codex"],"acts_visited":["Exordium","TheCity"],"potions_floor_usage":[11,11,12,14,16],"damage_taken":[{"damage":7,"enemies":"2 Louse","floor":1,"turns":3},{"damage":0,"enemies":"Small Slimes","floor":2,"turns":3},{"damage":0,"enemies":"Cultist","floor":4,"turns":2},{"damage":13,"enemies":"Exordium Thugs","floor":7,"turns":3},{"damage":6,"enemies":"Large Slime","floor":11,"turns":3},{"damage":7,"enemies":"Lots of Slimes","floor":12,"turns":4},{"damage":10,"enemies":"Red Slaver","floor":13,"turns":2},{"damage":0,"enemies":"Large Slime","floor":14,"turns":3},{"damage":32,"enemies":"Hexaghost","floor":16,"turns":7},{"damage":19,"enemies":"2 Thieves","floor":18,"turns":4},{"damage":0,"enemies":"Chosen","floor":19,"turns":3},{"damage":11,"enemies":"Snecko","floor":22,"turns":4},{"damage":20,"enemies":"Centurion and Healer","floor":24,"turns":4},{"damage":16,"enemies":"Slavers","floor":25,"turns":1}],"seed_played":"4222833713698809480","potions_obtained":[{"floor":1,"key":"FearPotion"},{"floor":10,"key":"SkillPotion"},{"floor":11,"key":"PowerPotion"},{"floor":12,"key":"GamblersBrew"},{"floor":14,"key":"DistilledChaos"}],"is_trial":false,"path_per_floor":["M","M","?","M","?","R","M","R","T","?","M","M","M","M","R","B",null,"M","M","?","?","M","R","M","E"],"character_chosen":"IRONCLAD","items_purchased":[],"campfire_rested":4,"item_purchase_floors":[],"current_hp_per_floor":[61,61,61,61,38,60,47,69,69,69,63,56,46,46,68,36,65,46,46,25,25,14,36,16,0,0],"gold":54,"neow_bonus":"BOSS_RELIC","is_daily":false,"chose_seed":false,"campfire_upgraded":0,"win_rate":0.0,"timestamp":1608514762,"path_taken":["M","M","?","M","?","R","M","R","T","?","M","M","?","M","R","BOSS","M","M","?","?","M","R","?","E"],"items_purchased_type":[],"build_version":"2020-12-13","purchased_purges":0,"victory":false,"max_hp_per_floor":[75,75,75,75,75,75,75,75,75,75,75,75,75,75,75,75,75,75,75,75,75,75,75,75,75,75],"card_choices":[{"not_picked":["Metallicize","Dropkick"],"picked":"Perfected Strike","floor":1},{"not_picked":["Thunderclap","Iron Wave"],"picked":"Shrug It Off","floor":2},{"not_picked":["Headbutt","Wild Strike"],"picked":"Spot Weakness","floor":4},{"not_picked":["Clash","Intimidate"],"picked":"Heavy Blade","floor":7},{"not_picked":["Twin Strike","Thunderclap","Feel No Pain"],"picked":"SKIP","floor":11},{"not_picked":["Whirlwind","Disarm","Wild Strike"],"picked":"SKIP","floor":12},{"not_picked":["Rupture","Dark Embrace","Clash"],"picked":"SKIP","floor":13},{"not_picked":["Anger","Sword Boomerang"],"picked":"Inflame","floor":14},{"not_picked":["Brutality","Offering"],"picked":"Demon Form","floor":16},{"not_picked":["Heavy Blade+1","Twin Strike","Thunderclap+1"],"picked":"SKIP","floor":18},{"not_picked":["Flex","Perfected Strike"],"picked":"Inflame+1","floor":19},{"not_picked":["Spot Weakness","Clash","Feel No Pain"],"picked":"SKIP","floor":22},{"not_picked":["Inflame","Sword Boomerang"],"picked":"Impervious","floor":24}],"player_experience":510259,"relics_obtained":[{"floor":9,"key":"Thread and Needle"},{"floor":20,"key":"Nilry\u0027s Codex"}],"event_choices":[{"damage_healed":0,"gold_gain":0,"player_choice":"Ignored","damage_taken":0,"max_hp_gain":0,"max_hp_loss":0,"event_name":"Golden Idol","floor":3,"gold_loss":0},{"damage_healed":0,"gold_gain":0,"player_choice":"Entered Light","damage_taken":23,"max_hp_gain":0,"max_hp_loss":0,"event_name":"Shining Light","floor":5,"gold_loss":0,"cards_upgraded":["Spot Weakness","Strike_R"]},{"damage_healed":0,"gold_gain":0,"player_choice":"Got Potions","damage_taken":0,"max_hp_gain":0,"max_hp_loss":0,"event_name":"Lab","floor":10,"gold_loss":0},{"damage_healed":0,"gold_gain":0,"player_choice":"Obtained Book","damage_taken":21,"max_hp_gain":0,"max_hp_loss":0,"event_name":"Cursed Tome","floor":20,"gold_loss":0},{"damage_healed":0,"gold_gain":50,"player_choice":"Pray","damage_taken":0,"max_hp_gain":0,"max_hp_loss":0,"event_name":"Golden Shrine","floor":21,"gold_loss":0}],"is_beta":false,"boss_relics":[{"not_picked":["Tiny House","Runic Pyramid"],"picked":"Sozu"}],"items_purged_floors":[],"is_endless":false,"potions_floor_spawned":[1,11,12,14,22],"killed_by":"Slavers","ascension_level":16}}