{"host":"tknto047uabgu3zm","time":1608521084,"event":{"mods":["AchievementEnabler","BaseMod","Block Reminder","Colored Map","Colored Powertips","Highlight Path","Minty Spire (QoL Compilation)","MonsterHotkey","Permanent Neow","Random Character Button","Rare Cards Sparkle","Relic Sorter","StSLib"],"gold_per_floor":[118,118,128,203,47,47,77,1,1,1,21,53,53,84,84,163,163,178,178,178,178,205,234,234,11,81,97,117,117,133,152,152,225,225,238,238,238,238,282,326,390,390,390,437,477,53,70,70,70,70],"floor_reached":51,"playtime":2997,"items_purged":["Defend_P"],"score":1342,"play_id":"042f6f79-7aa5-47e1-bd14-ea010305c343","local_time":"20201220192444","is_ascension_mode":true,"campfire_choices":[{"data":"WindmillStrike","floor":6.0,"key":"SMITH"},{"data":"Conclude","floor":10.0,"key":"SMITH"},{"data":"TalkToTheHand","floor":15.0,"key":"SMITH"},{"floor":24.0,"key":"REST"},{"data":"Vault","floor":29.0,"key":"SMITH"},{"floor":32.0,"key":"REST"},{"data":"WindmillStrike","floor":42.0,"key":"SMITH"},{"data":"Nirvana","floor":49.0,"key":"SMITH"}],"circlet_count":0,"master_deck":["AscendersBane","Strike_P+1","Strike_P+1","Defend_P+1","Eruption+1","Vigilance+1","Crescendo+1","WindmillStrike+1","Conclude+1","LessonLearned+1","FlurryOfBlows","Protect+1","TalkToTheHand+1","Vault+1","Adaptation+1","Worship+1","Indignation+1","EmptyMind","Eruption+1","DevaForm","Wireheading+1","Nirvana+1","Halt+1","WindmillStrike+1","Nirvana+1","Evaluate+1","Wish+1","Writhe","SashWhip+1","ForeignInfluence+1","Wish+1","ClearTheMind+1","Omniscience+1","ThirdEye+1"],"relics":["Velvet Choker","Lee\u0027s Waffle","InkBottle","Eternal Feather","Ice Cream","Tiny Chest","Astrolabe","MealTicket","Gremlin Horn","Potion Belt","Toxic Egg 2","Snecko Eye","Blue Candle","Damaru","Bottled Tornado","Pen Nib"],"acts_visited":["Exordium","TheCity","TheBeyond"],"potions_floor_usage":[50],"damage_taken":[{"damage":2.0,"enemies":"Jaw Worm","floor":1.0,"turns":4.0},{"damage":0.0,"enemies":"2 Louse","floor":3.0,"turns":3.0},{"damage":12.0,"enemies":"Lagavulin","floor":7.0,"turns":5.0},{"damage":1.0,"enemies":"Cultist","floor":11.0,"turns":3.0},{"damage":0.0,"enemies":"Gremlin Nob","floor":12.0,"turns":2.0},{"damage":7.0,"enemies":"3 Sentries","floor":14.0,"turns":3.0},{"damage":25.0,"enemies":"Hexaghost","floor":16.0,"turns":8.0},{"damage":6.0,"enemies":"2 Thieves","floor":18.0,"turns":3.0},{"damage":43.0,"enemies":"Slavers","floor":23.0,"turns":3.0},{"damage":7.0,"enemies":"Chosen","floor":27.0,"turns":4.0},{"damage":9.0,"enemies":"Shelled Parasite and Fungi","floor":28.0,"turns":4.0},{"damage":7.0,"enemies":"Sentry and Sphere","floor":30.0,"turns":5.0},{"damage":30.0,"enemies":"3 Cultists","floor":31.0,"turns":5.0},{"damage":31.0,"enemies":"Automaton","floor":33.0,"turns":10.0},{"damage":9.0,"enemies":"3 Shapes","floor":35.0,"turns":5.0},{"damage":8.0,"enemies":"3 Darklings","floor":39.0,"turns":4.0},{"damage":12.0,"enemies":"Transient","floor":40.0,"turns":6.0},{"damage":0.0,"enemies":"Reptomancer","floor":41.0,"turns":4.0},{"damage":4.0,"enemies":"Sphere and 2 Shapes","floor":44.0,"turns":4.0},{"damage":0.0,"enemies":"Maw","floor":45.0,"turns":6.0},{"damage":31.0,"enemies":"3 Darklings","floor":47.0,"turns":5.0},{"damage":29,"enemies":"Awakened One","floor":50,"turns":10}],"seed_played":"7058680300925953223","potions_obtained":[{"floor":7.0,"key":"EssenceOfSteel"},{"floor":11.0,"key":"LiquidMemories"},{"floor":23.0,"key":"FairyPotion"},{"floor":28.0,"key":"SpeedPotion"},{"floor":33.0,"key":"LiquidMemories"},{"floor":35.0,"key":"LiquidMemories"},{"floor":40.0,"key":"LiquidMemories"},{"floor":41.0,"key":"BottledMiracle"},{"floor":45.0,"key":"Weak Potion"}],"is_trial":false,"path_per_floor":["M","?","M","?","$","R","E","$","T","R","M","E","?","E","R","B",null,"M","?","?","?","T","E","R","$","T","M","M","R","M","M","R","B",null,"M","?","?","T","M","M","E","R","T","M","M","$","M","$","R","B",null],"character_chosen":"WATCHER","items_purchased":["Lee\u0027s Waffle","LessonLearned","Potion Belt","Nirvana","Pen Nib","ClearTheMind+1","Omniscience+1"],"campfire_rested":2,"item_purchase_floors":[5,8,25,25,46,46,46],"current_hp_per_floor":[59,39,39,28,75,75,63,63,63,72,71,71,71,64,73,48,68,62,62,62,62,62,19,53,68,68,61,52,67,60,30,67,36,65,56,71,71,71,63,51,51,69,69,65,65,75,44,59,75,46],"gold":70,"neow_bonus":"BOSS_RELIC","is_daily":false,"chose_seed":false,"campfire_upgraded":6,"win_rate":0.0,"timestamp":1608521084,"path_taken":["M","?","M","?","$","R","E","?","T","R","?","E","?","E","R","BOSS","M","?","?","?","?","E","R","?","T","M","M","R","M","M","R","BOSS","M","?","?","?","?","M","E","R","T","M","?","$","M","?","R","BOSS"],"items_purchased_type":["Relic","Card","Relic","Card","Relic","Card","Card"],"build_version":"2020-12-13","purchased_purges":1,"victory":true,"max_hp_per_floor":[68,68,68,68,75,75,75,75,75,75,75,75,75,75,75,75,75,75,75,75,75,75,75,75,75,75,75,75,75,75,75,75,75,75,75,75,75,75,75,75,75,75,75,75,75,75,75,75,75,75],"card_choices":[{"not_picked":["DeceiveReality","ThirdEye"],"picked":"Crescendo","floor":1.0},{"not_picked":["Adaptation","CrushJoints"],"picked":"WindmillStrike","floor":3.0},{"not_picked":["PathToVictory","SashWhip"],"picked":"Conclude","floor":7.0},{"not_picked":["PathToVictory","CutThroughFate"],"picked":"FlurryOfBlows","floor":11.0},{"not_picked":["DeusExMachina","Crescendo"],"picked":"Protect","floor":12.0},{"not_picked":["EmptyBody","Protect"],"picked":"TalkToTheHand","floor":14.0},{"not_picked":["Establishment","Devotion"],"picked":"Vault","floor":16.0},{"not_picked":["FlyingSleeves","Fasting2"],"picked":"EmptyMind","floor":18.0},{"not_picked":["FlurryOfBlows","Omniscience"],"picked":"Wireheading","floor":23.0},{"not_picked":["Adaptation","Wireheading+1"],"picked":"Halt+1","floor":27.0},{"not_picked":["FlurryOfBlows","SashWhip"],"picked":"WindmillStrike","floor":28.0},{"not_picked":["PathToVictory+1","Perseverance+1"],"picked":"Nirvana+1","floor":30.0},{"not_picked":["EmptyBody+1","Adaptation+1"],"picked":"Evaluate+1","floor":31.0},{"not_picked":["Scrawl+1","Ragnarok"],"picked":"Wish+1","floor":33.0},{"not_picked":["BowlingBash","EmptyFist","BattleHymn"],"picked":"SKIP","floor":35.0},{"not_picked":["CrushJoints","Crescendo+1"],"picked":"SashWhip+1","floor":39.0},{"not_picked":["PathToVictory+1","FollowUp"],"picked":"ForeignInfluence+1","floor":40.0},{"not_picked":["FollowUp","Crescendo+1","CutThroughFate"],"picked":"SKIP","floor":41.0},{"not_picked":["Crescendo+1","Conclude"],"picked":"Wish+1","floor":44.0},{"not_picked":["FlurryOfBlows","Halt+1","CutThroughFate"],"picked":"SKIP","floor":45.0},{"not_picked":["Study","Crescendo+1"],"picked":"ThirdEye+1","floor":47.0}],"player_experience":463274,"relics_obtained":[{"floor":7.0,"key":"InkBottle"},{"floor":9.0,"key":"Eternal Feather"},{"floor":12.0,"key":"Ice Cream"},{"floor":14.0,"key":"Tiny Chest"},{"floor":22.0,"key":"MealTicket"},{"floor":23.0,"key":"Gremlin Horn"},{"floor":26.0,"key":"Toxic Egg 2"},{"floor":38.0,"key":"Blue Candle"},{"floor":41.0,"key":"Damaru"},{"floor":43.0,"key":"Bottled Tornado"}],"event_choices":[{"damage_healed":0.0,"max_hp_gain":0.0,"max_hp_loss":0.0,"gold_gain":0.0,"event_name":"Shining Light","player_choice":"Entered Light","floor":2.0,"gold_loss":0.0,"damage_taken":20.0,"cards_upgraded":["Strike_P","Crescendo"]},{"damage_healed":0.0,"max_hp_gain":0.0,"max_hp_loss":0.0,"gold_gain":75.0,"event_name":"World of Goop","player_choice":"Gather Gold","floor":4.0,"gold_loss":0.0,"damage_taken":11.0},{"damage_healed":0.0,"max_hp_gain":0.0,"max_hp_loss":0.0,"gold_gain":0.0,"event_name":"Liars Game","player_choice":"Ignored","floor":13.0,"gold_loss":0.0,"damage_taken":0.0},{"cards_removed":["Strike_P"],"damage_healed":0.0,"max_hp_gain":0.0,"max_hp_loss":0.0,"gold_gain":0.0,"event_name":"Back to Basics","player_choice":"Elegance","floor":19.0,"gold_loss":0.0,"damage_taken":0.0},{"damage_healed":0.0,"max_hp_gain":0.0,"max_hp_loss":0.0,"gold_gain":0.0,"event_name":"Ghosts","player_choice":"Ignored","floor":20.0,"gold_loss":0.0,"damage_taken":0.0},{"damage_healed":0.0,"max_hp_gain":0.0,"max_hp_loss":0.0,"gold_gain":0.0,"event_name":"Match and Keep!","player_choice":"2 cards matched","floor":21.0,"gold_loss":0.0,"damage_taken":0.0,"cards_obtained":["Eruption","DevaForm"]},{"damage_healed":15.0,"max_hp_gain":0.0,"max_hp_loss":0.0,"gold_gain":0.0,"event_name":"Winding Halls","player_choice":"Writhe","floor":36.0,"gold_loss":0.0,"damage_taken":0.0,"cards_obtained":["Writhe"]},{"damage_healed":0.0,"max_hp_gain":0.0,"max_hp_loss":0.0,"gold_gain":0.0,"event_name":"Tomb of Lord Red Mask","player_choice":"Ignored","floor":37.0,"gold_loss":0.0,"damage_taken":0.0}],"is_beta":false,"boss_relics":[{"not_picked":["Ectoplasm","Calling Bell"],"picked":"Astrolabe"},{"not_picked":["Runic Dome","Sozu"],"picked":"Snecko Eye"}],"items_purged_floors":[46],"is_endless":false,"potions_floor_spawned":[7,11,12,23,28,33,35,40,41,45],"ascension_level":15}}