{"host":"30jsp143e4v19aze","time":1608564878,"event":{"mods":["BaseMod","Colored Map","Colored Powertips","Curses Come First","DeckTracker","Highlight Path","Minty Spire (QoL Compilation)","Quick Restart","Relic Stats","StSLib"],"gold_per_floor":[118,131,144,219,0,35,48,48,48,82,94,94,94,118,118,243,243,266,356,402,402,447,447,497,497,497,343,387,387,387,442,442,442,442],"floor_reached":33,"playtime":2449,"items_purged":["Strike_P"],"score":302,"play_id":"1df6ec86-c2ff-4ee2-8c6c-8f6b9e23d29a","local_time":"20201221163438","is_ascension_mode":false,"campfire_choices":[{"data":"SignatureMove","floor":8,"key":"SMITH"},{"floor":13,"key":"REST"},{"data":"Devotion","floor":15,"key":"SMITH"},{"floor":23,"key":"REST"},{"floor":25,"key":"REST"},{"floor":30,"key":"REST"},{"floor":32,"key":"REST"}],"circlet_count":0,"master_deck":["Strike_P","Strike_P","Strike_P","Defend_P","Defend_P","Defend_P","Eruption","Vigilance","Devotion+1","DeceiveReality","Scrawl","SignatureMove+1","Evaluate","EmptyMind+1","Judgement+1","Perseverance+1","Crescendo+1","Wish+1","WindmillStrike+1","InnerPeace+1","Conclude","Vault+1"],"relics":["PureWater","Orrery","Toxic Egg 2","Gremlin Horn","Darkstone Periapt","Golden Idol","Snecko Eye","Nilry\u0027s Codex","Lizard Tail","Calipers"],"acts_visited":["Exordium","TheCity"],"potions_floor_usage":[6,28,28,33],"damage_taken":[{"damage":9,"enemies":"Jaw Worm","floor":1,"turns":7},{"damage":0,"enemies":"Cultist","floor":2,"turns":2},{"damage":3,"enemies":"2 Louse","floor":3,"turns":2},{"damage":14,"enemies":"Gremlin Nob","floor":6,"turns":3},{"damage":0,"enemies":"Large Slime","floor":7,"turns":5},{"damage":17,"enemies":"Lagavulin","floor":10,"turns":11},{"damage":10,"enemies":"Exordium Thugs","floor":11,"turns":3},{"damage":0,"enemies":"Looter","floor":14,"turns":2},{"damage":2,"enemies":"The Guardian","floor":16,"turns":10},{"damage":0,"enemies":"Chosen","floor":18,"turns":2},{"damage":10,"enemies":"3 Byrds","floor":20,"turns":4},{"damage":11,"enemies":"Snake Plant","floor":22,"turns":7},{"damage":1,"enemies":"Centurion and Healer","floor":24,"turns":5},{"damage":106,"enemies":"Slavers","floor":28,"turns":4},{"damage":0,"enemies":"Cultist and Chosen","floor":31,"turns":4},{"damage":41,"enemies":"Automaton","floor":33,"turns":7}],"seed_played":"-571318069709685413","potions_obtained":[{"floor":1,"key":"Weak Potion"},{"floor":2,"key":"AttackPotion"},{"floor":6,"key":"LiquidBronze"},{"floor":14,"key":"Regen Potion"},{"floor":16,"key":"DuplicationPotion"},{"floor":22,"key":"StancePotion"},{"floor":31,"key":"SpeedPotion"}],"is_trial":false,"path_per_floor":["M","M","M","?","$","E","M","R","T","E","M","?","R","M","R","B",null,"M","?","M","?","M","R","M","R","T","$","E","?","R","M","R","B"],"character_chosen":"WATCHER","items_purchased":["Orrery","SignatureMove","Conclude"],"campfire_rested":5,"item_purchase_floors":[5,5,27],"current_hp_per_floor":[63,63,60,49,49,35,35,35,35,18,8,8,28,28,28,26,67,67,55,45,29,18,38,37,57,57,57,9,9,29,29,49,8,8],"gold":442,"neow_bonus":"ONE_RANDOM_RARE_CARD","is_daily":false,"chose_seed":false,"campfire_upgraded":2,"win_rate":0.0,"timestamp":1608564878,"path_taken":["M","M","M","?","$","E","M","R","T","E","M","?","R","M","R","BOSS","M","?","?","?","M","R","M","R","T","$","E","?","R","M","R","BOSS"],"items_purchased_type":["Relic","Card","Card"],"build_version":"2020-12-13","purchased_purges":1,"victory":false,"max_hp_per_floor":[72,72,72,72,72,72,72,72,72,72,72,67,67,67,67,67,67,67,67,67,67,67,67,67,67,67,67,67,67,67,67,67,67,67],"relic_stats":{"Darkstone Periapt":0,"Lizard Tail":33,"Gremlin Horn":[8,9],"counters":[16,78],"Golden Idol":59,"Snecko Eye":[58,62,69,56],"obtain_stats":[{"Darkstone Periapt":10,"Lizard Tail":26,"Calipers":28,"Gremlin Horn":9,"Golden Idol":12,"Nilry\u0027s Codex":21,"Orrery":5,"Snecko Eye":17,"PureWater":0,"Toxic Egg 2":6},{"Darkstone Periapt":6,"Lizard Tail":13,"Calipers":14,"Gremlin Horn":5,"Golden Idol":7,"Nilry\u0027s Codex":11,"Orrery":3,"Snecko Eye":9,"PureWater":0,"Toxic Egg 2":4},{"Darkstone Periapt":30,"Lizard Tail":63,"Calipers":67,"Gremlin Horn":19,"Golden Idol":33,"Nilry\u0027s Codex":51,"Orrery":11,"Snecko Eye":45,"PureWater":0,"Toxic Egg 2":14}]},"card_choices":[{"not_picked":["Nirvana","Crescendo","Sanctity"],"picked":"SKIP","floor":1},{"not_picked":["Weave","BowlingBash","FlurryOfBlows"],"picked":"SKIP","floor":2},{"not_picked":["Perseverance","CrushJoints"],"picked":"DeceiveReality","floor":3},{"not_picked":["FlyingSleeves","LikeWater"],"picked":"Scrawl","floor":5},{"not_picked":["ClearTheMind","FlurryOfBlows"],"picked":"Evaluate","floor":5},{"not_picked":["MentalFortress","CrushJoints","Study"],"picked":"SKIP","floor":6},{"not_picked":["ClearTheMind+1","PathToVictory+1"],"picked":"EmptyMind+1","floor":7},{"not_picked":["Prostrate+1","JustLucky"],"picked":"Judgement+1","floor":10},{"not_picked":["SignatureMove","Prostrate+1"],"picked":"Perseverance+1","floor":11},{"not_picked":["Consecrate","EmptyBody+1"],"picked":"Crescendo+1","floor":14},{"not_picked":["ConjureBlade+1","LessonLearned"],"picked":"Wish+1","floor":16},{"not_picked":["SashWhip","EmptyMind+1"],"picked":"WindmillStrike+1","floor":18},{"not_picked":["DeceiveReality+1","EmptyMind+1","ClearTheMind+1"],"picked":"SKIP","floor":20},{"not_picked":["CrushJoints+1","BowlingBash"],"picked":"InnerPeace+1","floor":22},{"not_picked":["Prostrate+1","BowlingBash+1","WindmillStrike"],"picked":"SKIP","floor":24},{"not_picked":["Vengeance+1","Study","WindmillStrike"],"picked":"SKIP","floor":28},{"not_picked":["Pray+1","FollowUp"],"picked":"Vault+1","floor":31}],"player_experience":3009879,"relics_obtained":[{"floor":6,"key":"Toxic Egg 2"},{"floor":9,"key":"Gremlin Horn"},{"floor":10,"key":"Darkstone Periapt"},{"floor":21,"key":"Nilry\u0027s Codex"},{"floor":26,"key":"Lizard Tail"},{"floor":28,"key":"Calipers"}],"event_choices":[{"damage_healed":0,"gold_gain":75,"player_choice":"Gather Gold","damage_taken":11,"max_hp_gain":0,"max_hp_loss":0,"event_name":"World of Goop","floor":4,"gold_loss":0},{"damage_healed":0,"gold_gain":0,"player_choice":"Lose Max HP","damage_taken":0,"relics_obtained":["Golden Idol"],"max_hp_gain":0,"max_hp_loss":5,"event_name":"Golden Idol","floor":12,"gold_loss":0},{"damage_healed":0,"gold_gain":90,"player_choice":"GOLD ","damage_taken":12,"max_hp_gain":0,"max_hp_loss":0,"event_name":"Knowing Skull","floor":19,"potions_obtained":[],"gold_loss":0,"cards_obtained":[]},{"damage_healed":0,"gold_gain":0,"player_choice":"Obtained Book","damage_taken":16,"max_hp_gain":0,"max_hp_loss":0,"event_name":"Cursed Tome","floor":21,"gold_loss":0},{"cards_removed":["Defend_P"],"damage_healed":0,"gold_gain":0,"player_choice":"Offered Basic","damage_taken":0,"max_hp_gain":0,"max_hp_loss":0,"event_name":"Bonfire Elementals","floor":29,"gold_loss":0}],"is_beta":false,"boss_relics":[{"not_picked":["Black Star","HolyWater"],"picked":"Snecko Eye"}],"items_purged_floors":[27],"is_endless":false,"potions_floor_spawned":[1,2,6,14,16,20,22,31],"killed_by":"Automaton","ascension_level":0}}