{"host":"sav7uxregyirlf69","time":1608530199,"event":{"mods":["AchievementEnabler","BaseMod","Colored Map","DeckTracker","Keyboard Shortcuts","Minty Spire (QoL Compilation)","READ ME - Guardian Mod","StSLib","SuperFastMode"],"gold_per_floor":[109,123,123,144,165,165,198,273,298,298,312,333,333,333],"floor_reached":13,"playtime":211,"items_purged":[],"score":116,"play_id":"f26ec1e6-b8aa-4259-a326-a072ca89af11","local_time":"20201221145639","is_ascension_mode":true,"campfire_choices":[{"data":"Reflex","floor":6.0,"key":"SMITH"},{"data":"Neutralize","floor":10,"key":"SMITH"}],"circlet_count":0,"master_deck":["AscendersBane","Strike_G","Strike_G","Strike_G","Strike_G","Strike_G","Defend_G","Defend_G","Defend_G","Defend_G","Defend_G","Survivor","Neutralize+1","Underhanded Strike","Dagger Spray","Dagger Throw","Reflex+1","Reflex"],"relics":["Ring of the Snake","Golden Idol","Odd Mushroom","Orichalcum"],"acts_visited":["Exordium"],"potions_floor_usage":[7,13,13],"damage_taken":[{"damage":0.0,"enemies":"2 Louse","floor":1.0,"turns":5.0},{"damage":0.0,"enemies":"Cultist","floor":2.0,"turns":5.0},{"damage":1.0,"enemies":"Small Slimes","floor":4.0,"turns":4.0},{"damage":8.0,"enemies":"Blue Slaver","floor":5.0,"turns":3.0},{"damage":0,"enemies":"The Mushroom Lair","floor":7,"turns":3},{"damage":14,"enemies":"Exordium Thugs","floor":11,"turns":5},{"damage":4,"enemies":"Exordium Wildlife","floor":12,"turns":4},{"damage":17,"enemies":"Lagavulin","floor":13,"turns":3}],"seed_played":"6971578305112447136","potions_obtained":[{"floor":1.0,"key":"SneckoOil"},{"floor":5.0,"key":"Poison Potion"},{"floor":11,"key":"Poison Potion"}],"is_trial":false,"path_per_floor":["M","M","?","M","M","R","?","?","T","R","M","M","E"],"character_chosen":"THE_SILENT","items_purchased":[],"campfire_rested":0,"item_purchase_floors":[],"current_hp_per_floor":[70,70,51,50,42,42,42,35,35,35,21,17,0,0],"gold":333,"neow_bonus":"TEN_PERCENT_HP_BONUS","is_daily":false,"chose_seed":false,"campfire_upgraded":2,"win_rate":0.0,"timestamp":1608530199,"path_taken":["M","M","?","M","M","R","?","?","T","R","?","M","E"],"items_purchased_type":[],"build_version":"2020-12-13","purchased_purges":0,"victory":false,"max_hp_per_floor":[77,77,77,77,77,77,77,77,77,77,77,77,77,77],"card_choices":[{"not_picked":["Well Laid Plans","Deadly Poison"],"picked":"Underhanded Strike","floor":1.0},{"not_picked":["Cloak And Dagger","Flechettes"],"picked":"Dagger Spray","floor":2.0},{"not_picked":["Acrobatics","Reflex"],"picked":"Dagger Throw","floor":4.0},{"not_picked":["Well Laid Plans","Leg Sweep"],"picked":"Reflex","floor":5.0},{"not_picked":["Bane","Flechettes"],"picked":"Reflex","floor":11},{"not_picked":["Expertise","Catalyst","Caltrops"],"picked":"SKIP","floor":12}],"player_experience":972882,"relics_obtained":[{"floor":7,"key":"Odd Mushroom"},{"floor":9,"key":"Orichalcum"}],"event_choices":[{"damage_healed":0.0,"max_hp_gain":0.0,"max_hp_loss":0.0,"gold_gain":0.0,"event_name":"Golden Idol","player_choice":"Take Damage","floor":3.0,"gold_loss":0.0,"damage_taken":19.0,"relics_obtained":["Golden Idol"]},{"damage_healed":0,"gold_gain":0,"player_choice":"Fought Mushrooms","damage_taken":0,"max_hp_gain":0,"max_hp_loss":0,"event_name":"Mushrooms","floor":7,"gold_loss":0},{"damage_healed":0,"gold_gain":75,"player_choice":"Touch","damage_taken":7,"max_hp_gain":0,"max_hp_loss":0,"event_name":"FaceTrader","floor":8,"gold_loss":0}],"is_beta":false,"boss_relics":[],"items_purged_floors":[],"is_endless":false,"potions_floor_spawned":[1,5,11],"killed_by":"Lagavulin","ascension_level":10}}