{"host":"xnrw1j8ho83czkv7","time":1608594601,"event":{"mods":["AchievementEnabler","BaseMod","Colored Map","Colored Powertips","Minty Spire (QoL Compilation)","Quick Restart","StSLib"],"gold_per_floor":[112,37,52,66,141,141,41,41,41,41,71,71,90,110,110,205,205,225,225,238,238,44,44,62,62,62,62,75,75,75,95,95,196,196,214,214,226,276,576,604,604,380,380,400,400,416,37,47,47,47],"floor_reached":51,"playtime":2897,"items_purged":["Strike_R","Strike_R","Bash","Sword Boomerang"],"score":725,"play_id":"b8e90415-d065-4ea8-bef6-12b37b40ceae","local_time":"20201221235001","is_ascension_mode":false,"campfire_choices":[{"data":"Body Slam","floor":6,"key":"SMITH"},{"data":"Rampage","floor":8,"key":"SMITH"},{"data":"Inflame","floor":15,"key":"SMITH"},{"data":"Barricade","floor":23,"key":"SMITH"},{"data":"Entrench","floor":27,"key":"SMITH"},{"data":"Shrug It Off","floor":29,"key":"SMITH"},{"data":"Metallicize","floor":32,"key":"SMITH"},{"data":"Defend_R","floor":41,"key":"SMITH"},{"data":"Fire Breathing","floor":45,"key":"SMITH"},{"data":"Defend_R","floor":49,"key":"SMITH"}],"circlet_count":0,"master_deck":["Defend_R","Defend_R","Defend_R+1","Defend_R+1","Body Slam+1","Rampage+1","Inflame+1","Metallicize+1","Barricade+1","Entrench+1","Shrug It Off+1","Fire Breathing+1","Inflame","Inflame+1"],"relics":["Burning Blood","Orichalcum","Mercury Hourglass","Torii","Busted Crown","Gremlin Horn","Eternal Feather","SlaversCollar","StoneCalendar","Mummified Hand","Thread and Needle","Letter Opener"],"acts_visited":["TheCity","TheBeyond"],"potions_floor_usage":[11,16,28,31,33,37,40,44,47,50,50],"damage_taken":[{"damage":0,"enemies":"Cultist","floor":1,"turns":3},{"damage":1,"enemies":"Jaw Worm","floor":3,"turns":3},{"damage":0,"enemies":"2 Louse","floor":4,"turns":3},{"damage":7,"enemies":"3 Sentries","floor":11,"turns":6},{"damage":1,"enemies":"Red Slaver","floor":13,"turns":4},{"damage":1,"enemies":"Exordium Wildlife","floor":14,"turns":3},{"damage":2,"enemies":"Slime Boss","floor":16,"turns":8},{"damage":2,"enemies":"Shell Parasite","floor":18,"turns":4},{"damage":12,"enemies":"Spheric Guardian","floor":20,"turns":4},{"damage":2,"enemies":"3 Cultists","floor":24,"turns":5},{"damage":1,"enemies":"Shelled Parasite and Fungi","floor":28,"turns":4},{"damage":10,"enemies":"Centurion and Healer","floor":31,"turns":7},{"damage":8,"enemies":"Champ","floor":33,"turns":8},{"damage":27,"enemies":"3 Darklings","floor":35,"turns":5},{"damage":18,"enemies":"3 Shapes","floor":37,"turns":4},{"damage":0,"enemies":"Mind Bloom Boss Battle","floor":38,"turns":5},{"damage":22,"enemies":"Nemesis","floor":40,"turns":11},{"damage":0,"enemies":"Transient","floor":44,"turns":5},{"damage":0,"enemies":"4 Shapes","floor":46,"turns":4},{"damage":0,"enemies":"3 Darklings","floor":48,"turns":7},{"damage":0,"enemies":"Awakened One","floor":50,"turns":7}],"seed_played":"-8597237787928395658","potions_obtained":[{"floor":3,"key":"Block Potion"},{"floor":4,"key":"DuplicationPotion"},{"floor":13,"key":"SkillPotion"},{"floor":14,"key":"LiquidBronze"},{"floor":24,"key":"GamblersBrew"},{"floor":28,"key":"BlessingOfTheForge"},{"floor":35,"key":"LiquidMemories"},{"floor":36,"key":"SpeedPotion"},{"floor":46,"key":"SpeedPotion"},{"floor":48,"key":"SkillPotion"}],"is_trial":false,"path_per_floor":["M","$","M","M","?","R","$","R","T","?","E","?","M","M","R","B",null,"M","?","M","?","$","R","M","?","T","R","M","R","?","M","R","B",null,"M","?","M","?","?","E","R","$","T","M","R","M","$","M","R","B",null],"character_chosen":"IRONCLAD","items_purchased":["Entrench","Fire Breathing","Letter Opener","Fruit Juice","Inflame"],"campfire_rested":0,"item_purchase_floors":[22,42,47,47,47],"current_hp_per_floor":[80,80,80,80,69,69,69,69,69,62,61,61,66,71,71,75,80,80,80,74,74,74,74,78,78,78,80,80,80,65,61,67,65,85,64,64,52,58,58,42,48,48,48,54,60,66,71,77,83,89],"gold":47,"neow_bonus":"RANDOM_COMMON_RELIC","is_daily":false,"chose_seed":false,"campfire_upgraded":10,"win_rate":0.0,"timestamp":1608594601,"path_taken":["M","$","?","M","?","R","$","R","T","?","E","?","M","?","R","BOSS","M","?","M","?","$","R","?","?","T","R","M","R","?","M","R","BOSS","M","?","?","?","?","E","R","$","T","M","R","M","$","M","R","BOSS"],"items_purchased_type":["Card","Card","Relic","Potion","Card"],"build_version":"2020-12-13","purchased_purges":4,"victory":true,"max_hp_per_floor":[80,80,80,80,80,80,80,80,80,80,80,80,80,80,80,80,80,80,80,80,80,80,80,80,80,80,80,80,80,85,85,85,85,85,85,85,85,85,85,85,85,85,85,85,85,85,90,90,90,90],"card_choices":[{"not_picked":["Pommel Strike","Armaments"],"picked":"Body Slam","floor":1},{"not_picked":["Blood for Blood","Shockwave"],"picked":"Rampage","floor":3},{"not_picked":["Pommel Strike","Perfected Strike"],"picked":"Inflame","floor":4},{"not_picked":["Reaper","Iron Wave"],"picked":"Metallicize","floor":11},{"not_picked":["Clash","Power Through","Thunderclap"],"picked":"SKIP","floor":13},{"not_picked":["Shockwave","True Grit","Cleave"],"picked":"SKIP","floor":14},{"not_picked":["Reaper","Berserk"],"picked":"Barricade","floor":16},{"not_picked":["Whirlwind"],"picked":"SKIP","floor":18},{"not_picked":["Headbutt"],"picked":"SKIP","floor":20},{"not_picked":["Headbutt"],"picked":"SKIP","floor":24},{"not_picked":["Heavy Blade"],"picked":"SKIP","floor":28},{"not_picked":["Entrench"],"picked":"SKIP","floor":31},{"not_picked":["Cleave"],"picked":"SKIP","floor":35},{"not_picked":["Clothesline"],"picked":"SKIP","floor":37},{"not_picked":["Perfected Strike"],"picked":"SKIP","floor":40},{"not_picked":["Headbutt+1"],"picked":"SKIP","floor":44},{"not_picked":["Armaments+1"],"picked":"SKIP","floor":46},{"not_picked":[],"picked":"Inflame+1","floor":48}],"player_experience":3047,"relics_obtained":[{"floor":9,"key":"Mercury Hourglass"},{"floor":11,"key":"Torii"},{"floor":26,"key":"Eternal Feather"},{"floor":38,"key":"StoneCalendar"},{"floor":40,"key":"Mummified Hand"},{"floor":43,"key":"Thread and Needle"}],"event_choices":[{"damage_healed":0,"gold_gain":75,"player_choice":"Gather Gold","damage_taken":11,"max_hp_gain":0,"max_hp_loss":0,"event_name":"World of Goop","floor":5,"gold_loss":0},{"cards_removed":["Strike_R"],"damage_healed":0,"gold_gain":0,"player_choice":"Card Removal","damage_taken":7,"max_hp_gain":0,"max_hp_loss":0,"event_name":"Golden Wing","floor":10,"gold_loss":0},{"damage_healed":0,"gold_gain":0,"cards_transformed":["Strike_R"],"player_choice":"Transformed","damage_taken":0,"max_hp_gain":0,"max_hp_loss":0,"event_name":"Transmorgrifier","floor":12,"gold_loss":0,"cards_obtained":["Sword Boomerang"]},{"damage_healed":0,"gold_gain":0,"player_choice":"Opened","damage_taken":0,"relics_obtained":["Gremlin Horn"],"max_hp_gain":0,"max_hp_loss":0,"event_name":"The Mausoleum","floor":19,"gold_loss":0},{"cards_removed":["Strike_R"],"damage_healed":0,"gold_gain":0,"player_choice":"Offered Basic","damage_taken":0,"max_hp_gain":0,"max_hp_loss":0,"event_name":"Bonfire Elementals","floor":21,"gold_loss":0},{"damage_healed":0,"gold_gain":0,"player_choice":"Read","damage_taken":0,"max_hp_gain":0,"max_hp_loss":0,"event_name":"The Library","floor":25,"gold_loss":0,"cards_obtained":["Shrug It Off"]},{"damage_healed":0,"gold_gain":0,"player_choice":"Shed Blood","damage_taken":20,"max_hp_gain":5,"max_hp_loss":0,"event_name":"Forgotten Altar","floor":30,"gold_loss":0},{"damage_healed":0,"gold_gain":0,"player_choice":"Got Potions","damage_taken":0,"max_hp_gain":0,"max_hp_loss":0,"event_name":"Lab","floor":36,"gold_loss":0},{"damage_healed":0,"gold_gain":0,"player_choice":"Fight","damage_taken":0,"max_hp_gain":0,"max_hp_loss":0,"event_name":"MindBloom","floor":38,"gold_loss":0},{"damage_healed":0,"gold_gain":300,"player_choice":"Gold","damage_taken":0,"max_hp_gain":0,"max_hp_loss":0,"event_name":"Wheel of Change","floor":39,"gold_loss":0}],"is_beta":false,"boss_relics":[{"not_picked":["Sozu","Philosopher\u0027s Stone"],"picked":"Busted Crown"},{"not_picked":["Black Blood","Black Star"],"picked":"SlaversCollar"}],"items_purged_floors":[2,7,22,42],"is_endless":false,"potions_floor_spawned":[3,4,13,14,24,28,35,46,48],"ascension_level":0}}