{"host":"dbkc9h3etq50r1dq","time":1608588015,"event":{"mods":["AchievementEnabler","BaseMod","Block Reminder","Colored Powertips","Custom Start","Downfall","Minty Spire (QoL Compilation)","Permanent Neow","Potion Indicator Mod","Rare Cards Sparkle","StSLib","SuperFastMode"],"gold_per_floor":[99,129,129,163,263,313,336,336,350,376,439,41,106,156,175,271,271,221,27,54,283,313,363,363,394,344,375,389,458,608,284,299,402,402,352,384,404,454,480,103,129,179,193,224,289,353,42,92,105,105],"floor_reached":51,"playtime":5933,"items_purged":["Slimebound:Defend_Slimebound","Slimebound:Defend_Slimebound","Slimebound:Defend_Slimebound"],"score":1619,"play_id":"defa92a7-db1b-48a7-86d5-2d22456b4d45","local_time":"20201222060015","is_ascension_mode":true,"campfire_choices":[{"data":"Slimebound:Split","floor":1.0,"key":"SMITH"},{"data":"Slimebound:ComboTackle","floor":3.0,"key":"SMITH"},{"data":"Slimebound:SplitMire","floor":8.0,"key":"SMITH"},{"data":"Slimebound:GrowthPunch","floor":18.0,"key":"SMITH"},{"data":"Slimebound:LivingWall","floor":26.0,"key":"SMITH"},{"data":"J.A.X.","floor":35.0,"key":"SMITH"}],"circlet_count":0,"master_deck":["Slimebound:Tackle","Slimebound:Split+1","Slimebound:CorrosiveSpit","Slimebound:ComboTackle+1","Slimebound:SplitMire+1","Slimebound:Prepare","Slimebound:LeechEnergy","Slimebound:GrowthPunch+1","Slimebound:SlimeSpikes","Slimebound:Equalize","Slimebound:OneTwoCombo","Slimebound:ComboTackle","Slimebound:RallyTheTroops","Slimebound:SlimeSpikes","Slimebound:LivingWall+1","Slimebound:Repurpose","Slimebound:SamplingLick","Slimebound:LeadByExample+1","Slimebound:FinishingTackle","Slimebound:SlimeSpikes+1","Slimebound:HauntingLick+1","Slimebound:Nibble","Slimebound:RollThrough","Slimebound:MinionMaster","Slimebound:DouseInSlime","J.A.X.+1","Slimebound:SplitLeeching","Slimebound:GrowthPunch","Finesse","expansioncontent:Collect","Slimebound:FinishingTackle","Slimebound:PressTheAttack","Slimebound:MassFeed","Slimebound:LivingWall+1","Slimebound:RainOfGoop+1","Slimebound:SplitBruiser+1","Slimebound:SplitLeeching+1","Madness","Slimebound:LevelUp","Slimebound:Equalize","Slimebound:Darklings","Slimebound:SplitAcid+1","Slimebound:SlimeSpikes+1","Slimebound:SplitSpecialist","Slimebound:LeechEnergy+1","Slimebound:ComboTackle+1","Slimebound:SplitSpecialist+1","Slimebound:Nibble+1","Slimebound:LevelUp","Slimebound:LevelUp","Slimebound:SplitBruiser","Slimebound:SplitMire","Deep Breath","expansioncontent:CaCaw","expansioncontent:CaCaw","expansioncontent:DecasProtection","Slimebound:RollThrough+1"],"relics":["Slimebound:AbsorbEndCombat","downfall:HeartsMalice","Matryoshka","Lantern","downfall:CloakOfManyFaces","CultistMask","FaceOfCleric","NlothsMask","GremlinMask","SsserpentHead","Strawberry","The Courier","ClockworkSouvenir","Potion Belt","Slimebound:GreedOozeRelic","Philosopher\u0027s Stone","Happy Flower","Centennial Puzzle","Prayer Wheel","Omamori","Pear","Ornamental Fan","HornCleat","MutagenicStrength","Slimebound:MaxSlimesRelic","Slimebound:TarBlob","Anchor","Bottled Tornado","Strange Spoon","Boot"],"acts_visited":["Exordium","TheCity","TheBeyond"],"potions_floor_usage":[50,50,50,50,50],"damage_taken":[{"damage":0.0,"enemies":"Lagavulin","floor":2.0,"turns":1.0},{"damage":0.0,"enemies":"3 Sentries","floor":4.0,"turns":1.0},{"damage":0.0,"enemies":"downfall:FaceTrader","floor":5.0,"turns":1.0},{"damage":12.0,"enemies":"Small Slimes","floor":9.0,"turns":3.0},{"damage":32.0,"enemies":"Lagavulin","floor":10.0,"turns":5.0},{"damage":4.0,"enemies":"2 Louse","floor":11.0,"turns":1.0},{"damage":15.0,"enemies":"downfall:FleeingMerchant","floor":12.0,"turns":4.0},{"damage":12.0,"enemies":"2 Fungi Beasts","floor":13.0,"turns":2.0},{"damage":19.0,"enemies":"Gremlin Gang","floor":15.0,"turns":3.0},{"damage":24.0,"enemies":"downfall:Ironclad","floor":16.0,"turns":4.0},{"damage":21.0,"enemies":"downfall:FleeingMerchant","floor":19.0,"turns":4.0},{"damage":17.0,"enemies":"Book of Stabbing","floor":20.0,"turns":4.0},{"damage":29.0,"enemies":"downfall:FleeingMerchant","floor":21.0,"turns":3.0},{"damage":26.0,"enemies":"Slavers","floor":22.0,"turns":3.0},{"damage":18.0,"enemies":"Book of Stabbing","floor":25.0,"turns":4.0},{"damage":12.0,"enemies":"Gremlin Leader","floor":27.0,"turns":5.0},{"damage":8.0,"enemies":"Chosen","floor":28.0,"turns":2.0},{"damage":10.0,"enemies":"Snake Plant","floor":29.0,"turns":2.0},{"damage":18.0,"enemies":"downfall:Augmenter","floor":30.0,"turns":4.0},{"damage":15.0,"enemies":"Centurion and Healer","floor":32.0,"turns":3.0},{"damage":31.0,"enemies":"downfall:Silent","floor":33.0,"turns":6.0},{"damage":45.0,"enemies":"Nemesis","floor":36.0,"turns":5.0},{"damage":15.0,"enemies":"3 Darklings","floor":37.0,"turns":2.0},{"damage":50.0,"enemies":"Reptomancer","floor":39.0,"turns":5.0},{"damage":36.0,"enemies":"3 Shapes","floor":43.0,"turns":2.0},{"damage":38.0,"enemies":"Nemesis","floor":44.0,"turns":5.0},{"damage":39.0,"enemies":"Maw","floor":45.0,"turns":4.0},{"damage":24.0,"enemies":"Transient","floor":46.0,"turns":5.0},{"damage":40.0,"enemies":"Writhing Mass","floor":49.0,"turns":3.0},{"damage":68,"enemies":"downfall:Defect","floor":50,"turns":4}],"seed_played":"8711356289850828586","potions_obtained":[{"floor":4.0,"key":"Dexterity Potion"},{"floor":5.0,"key":"hexamod:EctoCoolerPotion"},{"floor":11.0,"key":"Swift Potion"},{"floor":15.0,"key":"GamblersBrew"},{"floor":20.0,"key":"ColorlessPotion"},{"floor":22.0,"key":"Explosive Potion"},{"floor":28.0,"key":"Dexterity Potion"},{"floor":33.0,"key":"BlessingOfTheForge"},{"floor":36.0,"key":"SpeedPotion"}],"is_trial":false,"path_per_floor":["R","E","R","E","?","?","T","R","M","E","M","$","M","?","M","B",null,"R","$","E","$","E","?","T","E","R","E","M","M","?","$","M","B",null,"R","E","M","?","E","$","T","?","M","E","M","M","?","?","M","B",null],"character_chosen":"SLIMEBOUND","items_purchased":["Slimebound:OneTwoCombo","ClockworkSouvenir","Potion Belt","Slimebound:LivingWall","Happy Flower","Slimebound:SamplingLick","Slimebound:MaxSlimesRelic","Slimebound:GrowthPunch","Finesse","expansioncontent:Collect","Madness","Slimebound:LevelUp","Strange Spoon","Slimebound:Equalize","Slimebound:LevelUp","Slimebound:LevelUp","Slimebound:SplitBruiser","Slimebound:SplitMire","Deep Breath","Fruit Juice","Energy Potion"],"campfire_rested":0,"item_purchase_floors":[12,12,12,19,19,21,31,31,31,31,40,40,40,40,47,47,47,47,47,47,47],"current_hp_per_floor":[60,60,60,60,60,60,67,67,68,54,59,67,72,72,66,66,74,74,74,76,60,55,55,65,80,80,90,91,92,93,93,94,94,95,95,83,91,91,89,89,89,89,93,90,97,106,111,101,92,79],"gold":105,"neow_bonus":"THREE_ENEMY_KILL","is_daily":false,"chose_seed":false,"campfire_upgraded":6,"win_rate":0.0,"timestamp":1608588015,"path_taken":["R","E","R","E","?","?","T","R","M","E","?","?","?","?","M","BOSS","R","$","E","$","E","?","T","E","R","E","M","?","?","?","M","BOSS","R","E","M","?","E","$","T","?","M","E","?","?","?","?","M","BOSS"],"items_purchased_type":["Card","Relic","Relic","Card","Relic","Card","Relic","Card","Card","Card","Card","Card","Relic","Card","Card","Card","Card","Card","Card","Potion","Potion"],"build_version":"2020-12-13","purchased_purges":3,"victory":true,"max_hp_per_floor":[60,60,60,60,60,60,67,67,68,69,70,71,72,72,73,74,74,74,75,76,77,78,78,88,89,89,90,91,92,93,93,94,95,95,95,96,97,97,101,101,101,101,105,106,110,111,116,116,117,118],"card_choices":[{"not_picked":["Slimebound:SpikyOuterGoop","Slimebound:FinishingTackle"],"picked":"Slimebound:ComboTackle","floor":2.0},{"not_picked":["Slimebound:Dissolve","Slimebound:ItLooksTasty"],"picked":"Slimebound:SplitMire","floor":4.0},{"not_picked":["Slimebound:Repurpose","Slimebound:SlimeTap"],"picked":"Slimebound:Prepare","floor":5.0},{"not_picked":["Slimebound:SlimeSpikes","Slimebound:Schlurp"],"picked":"Slimebound:LeechEnergy","floor":9.0},{"not_picked":["Slimebound:SamplingLick","Slimebound:MegaLick"],"picked":"Slimebound:GrowthPunch","floor":10.0},{"not_picked":["Slimebound:Schlurp","Slimebound:FormOfPuddle"],"picked":"Slimebound:SlimeSpikes","floor":11.0},{"not_picked":["Slimebound:FinishingTackle","Slimebound:RainOfGoop"],"picked":"Slimebound:Equalize","floor":12.0},{"not_picked":["Slimebound:Equalize","Slimebound:Chomp"],"picked":"Slimebound:ComboTackle","floor":13.0},{"not_picked":["Slimebound:SamplingLick","Slimebound:PressTheAttack","Slimebound:SplitBruiser"],"picked":"SKIP","floor":15.0},{"not_picked":["Slimebound:OneTwoCombo","Slimebound:Overexert"],"picked":"Slimebound:RallyTheTroops","floor":16.0},{"not_picked":["Slimebound:LeechingTouch","Slimebound:SplitLeeching+1"],"picked":"Slimebound:SlimeSpikes","floor":19.0},{"not_picked":["Slimebound:LeechEnergy","Slimebound:BestDefense"],"picked":"Slimebound:Repurpose","floor":20.0},{"not_picked":["Slimebound:DivideAndConquer+1","Slimebound:SlimeSpikes"],"picked":"Slimebound:LeadByExample+1","floor":22.0},{"not_picked":["Slimebound:ItLooksTasty","Slimebound:SplitAcid+1"],"picked":"Slimebound:FinishingTackle","floor":25.0},{"not_picked":["Slimebound:LeechingTouch+1","Slimebound:PressTheAttack+1"],"picked":"Slimebound:SlimeSpikes+1","floor":27.0},{"not_picked":["Slimebound:SplitAcid","Slimebound:GoopSpray+1"],"picked":"Slimebound:HauntingLick+1","floor":28.0},{"not_picked":["Slimebound:LeechingTouch","Slimebound:Schlurp"],"picked":"Slimebound:Nibble","floor":28.0},{"not_picked":["Slimebound:LeechingTouch","Slimebound:SplitMire"],"picked":"Slimebound:RollThrough","floor":29.0},{"not_picked":["Slimebound:DivideAndConquer","Slimebound:Schlurp"],"picked":"Slimebound:MinionMaster","floor":29.0},{"not_picked":[],"picked":"J.A.X.","floor":30.0},{"not_picked":["Slimebound:ItLooksTasty+1","Slimebound:ViciousTackle"],"picked":"Slimebound:SplitLeeching","floor":30.0},{"not_picked":["Slimebound:SlimeSpikes","Slimebound:FlameTackle"],"picked":"Slimebound:FinishingTackle","floor":32.0},{"not_picked":["Slimebound:SamplingLick","Slimebound:Schlurp+1"],"picked":"Slimebound:PressTheAttack","floor":32.0},{"not_picked":["Slimebound:LeechLife","Slimebound:Overexert"],"picked":"Slimebound:MassFeed","floor":33.0},{"not_picked":["Slimebound:LeadByExample+1","Slimebound:RollThrough"],"picked":"Slimebound:LivingWall+1","floor":36.0},{"not_picked":["Slimebound:PressTheAttack","Slimebound:Repurpose+1"],"picked":"Slimebound:RainOfGoop+1","floor":37.0},{"not_picked":["Slimebound:DisruptingSlam+1","Slimebound:ComboTackle+1"],"picked":"Slimebound:SplitBruiser+1","floor":37.0},{"not_picked":["Slimebound:ComboTackle","Slimebound:Dissolve"],"picked":"Slimebound:SplitLeeching+1","floor":39.0},{"not_picked":["Slimebound:LeechEnergy+1","Slimebound:RollThrough"],"picked":"Slimebound:SplitAcid+1","floor":43.0},{"not_picked":["Slimebound:ComboTackle+1","Slimebound:GoopSpray+1"],"picked":"Slimebound:SlimeSpikes+1","floor":43.0},{"not_picked":["Slimebound:MegaLick+1","Slimebound:SamplingLick"],"picked":"Slimebound:SplitSpecialist","floor":44.0},{"not_picked":["Slimebound:ComboTackle","Slimebound:Grow+1"],"picked":"Slimebound:LeechEnergy+1","floor":45.0},{"not_picked":["Slimebound:SelfFormingGoo","Slimebound:LeechEnergy"],"picked":"Slimebound:ComboTackle+1","floor":45.0},{"not_picked":["Slimebound:LeechingTouch","Slimebound:Repurpose"],"picked":"Slimebound:SplitSpecialist+1","floor":46.0},{"not_picked":["Slimebound:DivideAndConquer+1","Slimebound:ServeAndProtect+1"],"picked":"Slimebound:Nibble+1","floor":46.0},{"not_picked":["expansioncontent:GuardianWhirl","expansioncontent:LastStand"],"picked":"expansioncontent:CaCaw","floor":48.0},{"not_picked":["expansioncontent:LastStand","expansioncontent:ManipulateTime"],"picked":"expansioncontent:CaCaw","floor":48.0},{"not_picked":["expansioncontent:LastStand","expansioncontent:DefensiveMode"],"picked":"expansioncontent:DecasProtection","floor":48.0},{"not_picked":["Slimebound:FirmFortitude","Slimebound:ViciousTackle+1"],"picked":"Slimebound:RollThrough+1","floor":49.0},{"not_picked":["Slimebound:GoopTackle+1","Slimebound:Repurpose","Slimebound:ViciousTackle+1"],"picked":"SKIP","floor":49.0}],"player_experience":160873,"relics_obtained":[{"floor":2.0,"key":"Matryoshka"},{"floor":4.0,"key":"Lantern"},{"floor":5.0,"key":"downfall:CloakOfManyFaces"},{"floor":7.0,"key":"Strawberry"},{"floor":10.0,"key":"The Courier"},{"floor":20.0,"key":"Centennial Puzzle"},{"floor":22.0,"key":"Prayer Wheel"},{"floor":24.0,"key":"Omamori"},{"floor":24.0,"key":"Pear"},{"floor":25.0,"key":"Ornamental Fan"},{"floor":27.0,"key":"HornCleat"},{"floor":30.0,"key":"MutagenicStrength"},{"floor":36.0,"key":"Anchor"},{"floor":39.0,"key":"Bottled Tornado"},{"floor":44.0,"key":"Boot"}],"event_choices":[{"cards_removed":["Slimebound:Strike_Slimebound"],"damage_healed":0.0,"max_hp_gain":0.0,"max_hp_loss":0.0,"gold_gain":0.0,"event_name":"Purifier","player_choice":"Purged","floor":6.0,"gold_loss":0.0,"damage_taken":0.0},{"cards_removed":["Slimebound:Strike_Slimebound"],"damage_healed":0.0,"max_hp_gain":0.0,"max_hp_loss":0.0,"gold_gain":0.0,"event_name":"Purifier","player_choice":"Purged","floor":23.0,"gold_loss":0.0,"damage_taken":0.0},{"cards_removed":["Slimebound:Grow"],"damage_healed":0.0,"max_hp_gain":0.0,"max_hp_loss":0.0,"gold_gain":0.0,"event_name":"Falling","player_choice":"Removed Power","floor":38.0,"gold_loss":0.0,"damage_taken":0.0}],"is_beta":false,"boss_relics":[{"not_picked":["Busted Crown","Tiny House"],"picked":"Philosopher\u0027s Stone"},{"not_picked":["Fusion Hammer","SacredBark"],"picked":"Slimebound:TarBlob"}],"items_purged_floors":[12,21,40],"is_endless":false,"potions_floor_spawned":[4,5,11,15,20,22,28,33,36,39,43],"ascension_level":1}}