{"host":"sa7ebub27cgn5wai","time":1608560108,"event":{"mods":["BaseMod","Colored Map","Minty Spire (QoL Compilation)","SuperFastMode"],"gold_per_floor":[114,132,150,169,94,94,110,121,144,144,175,189,224,241,241,341,341,351,208,220,235,248,274,274,299,299,299,313,313,333,353,353,457,507,527,527,527,541,560,595,595,623,623,649,649,663,675,703,703,703],"floor_reached":51,"playtime":938,"items_purged":["Bash"],"score":950,"play_id":"f0391b0f-d9e4-47a5-9f45-76aa5ffcb9b7","local_time":"20201221231508","is_ascension_mode":false,"campfire_choices":[{"data":"Perfected Strike","floor":6,"key":"SMITH"},{"data":"Perfected Strike","floor":10,"key":"SMITH"},{"data":"Whirlwind","floor":15,"key":"SMITH"},{"data":"Double Tap","floor":24,"key":"SMITH"},{"data":"Perfected Strike","floor":32,"key":"SMITH"},{"data":"Perfected Strike","floor":41,"key":"SMITH"},{"floor":45,"key":"REST"},{"data":"Battle Trance","floor":49,"key":"SMITH"}],"circlet_count":0,"master_deck":["Strike_R","Strike_R","Strike_R","Strike_R","Defend_R","Defend_R","Defend_R","Defend_R","Perfected Strike+1","Pommel Strike","Twin Strike","Twin Strike","Twin Strike","Perfected Strike+1","Battle Trance+1","Whirlwind+1","Thunderclap","Double Tap+1","Spot Weakness","Twin Strike+1","Pommel Strike","Battle Trance","Wild Strike+1","Twin Strike","Perfected Strike+1","Reaper","Perfected Strike+1","Spot Weakness","Inflame+1","Warcry+1"],"relics":["Burning Blood","Bag of Marbles","Question Card","Vajra","SlaversCollar","Blood Vial","Lantern","Peace Pipe","Strawberry","Tiny House","Toy Ornithopter","Toxic Egg 2","Paper Frog","Ornamental Fan","Gremlin Horn"],"acts_visited":["Exordium","TheCity","TheBeyond"],"potions_floor_usage":[4,40,43,50,50],"damage_taken":[{"damage":3,"enemies":"Jaw Worm","floor":1,"turns":4},{"damage":1,"enemies":"Cultist","floor":2,"turns":3},{"damage":1,"enemies":"2 Louse","floor":3,"turns":2},{"damage":0,"enemies":"Lots of Slimes","floor":4,"turns":1},{"damage":5,"enemies":"Looter","floor":7,"turns":3},{"damage":8,"enemies":"Red Slaver","floor":8,"turns":2},{"damage":9,"enemies":"3 Sentries","floor":11,"turns":4},{"damage":0,"enemies":"Exordium Wildlife","floor":12,"turns":2},{"damage":36,"enemies":"Lagavulin","floor":13,"turns":4},{"damage":0,"enemies":"Gremlin Gang","floor":14,"turns":1},{"damage":28,"enemies":"Slime Boss","floor":16,"turns":6},{"damage":10,"enemies":"3 Byrds","floor":18,"turns":3},{"damage":5,"enemies":"Spheric Guardian","floor":20,"turns":3},{"damage":15,"enemies":"Snecko","floor":21,"turns":3},{"damage":20,"enemies":"Cultist and Chosen","floor":22,"turns":4},{"damage":0,"enemies":"Gremlin Leader","floor":23,"turns":3},{"damage":12,"enemies":"Book of Stabbing","floor":25,"turns":2},{"damage":0,"enemies":"Centurion and Healer","floor":28,"turns":3},{"damage":0,"enemies":"Snake Plant","floor":30,"turns":1},{"damage":10,"enemies":"Chosen and Byrds","floor":31,"turns":4},{"damage":60,"enemies":"Champ","floor":33,"turns":4},{"damage":29,"enemies":"3 Darklings","floor":35,"turns":4},{"damage":0,"enemies":"Orb Walker","floor":38,"turns":1},{"damage":10,"enemies":"Writhing Mass","floor":39,"turns":2},{"damage":36,"enemies":"Nemesis","floor":40,"turns":3},{"damage":56,"enemies":"Reptomancer","floor":42,"turns":4},{"damage":0,"enemies":"Nemesis","floor":44,"turns":1},{"damage":10,"enemies":"Sphere and 2 Shapes","floor":46,"turns":3},{"damage":5,"enemies":"Maw","floor":47,"turns":4},{"damage":14,"enemies":"Reptomancer","floor":48,"turns":2},{"damage":57,"enemies":"Donu and Deca","floor":50,"turns":5}],"seed_played":"-9103691827649560838","potions_obtained":[{"floor":3,"key":"Explosive Potion"},{"floor":7,"key":"Block Potion"},{"floor":13,"key":"Dexterity Potion"},{"floor":14,"key":"Energy Potion"},{"floor":33,"key":"Fire Potion"},{"floor":34,"key":"BloodPotion"},{"floor":40,"key":"Swift Potion"}],"is_trial":false,"path_per_floor":["M","M","M","M","$","R","M","M","T","R","E","M","E","M","R","B",null,"M","$","M","M","M","E","R","E","T","?","M","$","M","M","R","B",null,"M","?","?","M","M","E","R","E","T","E","R","M","M","E","R","B",null],"character_chosen":"IRONCLAD","items_purchased":["Blood Vial"],"campfire_rested":1,"item_purchase_floors":[19],"current_hp_per_floor":[80,80,80,80,80,80,80,78,78,78,75,80,50,56,56,34,80,76,76,79,71,59,67,67,63,70,64,72,72,80,78,78,26,92,69,69,69,77,75,54,54,27,50,58,85,83,86,80,80,41],"gold":703,"neow_bonus":"REMOVE_CARD","is_daily":false,"chose_seed":false,"campfire_upgraded":7,"win_rate":0.0,"timestamp":1608560108,"path_taken":["M","M","M","M","$","R","M","M","T","R","E","M","E","M","R","BOSS","M","$","M","M","M","E","R","E","T","?","?","?","?","M","R","BOSS","M","?","?","M","M","E","R","E","T","E","R","M","M","E","R","BOSS"],"items_purchased_type":["Relic"],"build_version":"2020-12-13","purchased_purges":1,"victory":true,"max_hp_per_floor":[80,80,80,80,80,80,80,80,80,80,80,80,80,80,80,80,80,80,80,80,80,80,80,80,80,87,87,87,87,87,87,87,87,92,92,92,92,92,92,92,92,92,92,92,92,92,92,92,92,92],"card_choices":[{"not_picked":["Blood for Blood","Flame Barrier"],"picked":"Perfected Strike","floor":1},{"not_picked":["Shockwave","Clash"],"picked":"Pommel Strike","floor":2},{"not_picked":["Sever Soul","Wild Strike"],"picked":"Twin Strike","floor":3},{"not_picked":["Uppercut","Clothesline"],"picked":"Twin Strike","floor":4},{"not_picked":["Cleave","Sentinel"],"picked":"Twin Strike","floor":7},{"not_picked":["Berserk","Pommel Strike"],"picked":"Perfected Strike","floor":8},{"not_picked":["Havoc","Body Slam","True Grit"],"picked":"SKIP","floor":11},{"not_picked":["Shockwave","Sentinel","Anger"],"picked":"Battle Trance","floor":12},{"not_picked":["Sword Boomerang","Evolve","Intimidate"],"picked":"Whirlwind","floor":13},{"not_picked":["Entrench","Limit Break","Flex"],"picked":"Thunderclap","floor":14},{"not_picked":["Juggernaut","Exhume","Corruption"],"picked":"Double Tap","floor":16},{"not_picked":["Burning Pact+1","Second Wind","Thunderclap+1","Armaments"],"picked":"SKIP","floor":18},{"not_picked":["Rupture","Iron Wave","Seeing Red"],"picked":"Spot Weakness","floor":20},{"not_picked":["Blood for Blood","Rage","Iron Wave"],"picked":"Twin Strike","floor":21},{"not_picked":["Shockwave","Clothesline","Blood for Blood"],"picked":"Pommel Strike","floor":22},{"not_picked":["Havoc","Body Slam+1","Dropkick+1"],"picked":"Battle Trance","floor":23},{"not_picked":["Bloodletting","Rampage","Hemokinesis","Shockwave"],"picked":"SKIP","floor":25},{"not_picked":["Body Slam","Juggernaut","Sword Boomerang"],"picked":"Wild Strike+1","floor":28},{"not_picked":["Warcry","Anger","Searing Blow"],"picked":"Twin Strike","floor":30},{"not_picked":["Twin Strike","Flex","Clothesline+1"],"picked":"Perfected Strike","floor":31},{"not_picked":["Double Tap","Limit Break","Fiend Fire"],"picked":"Reaper","floor":33},{"not_picked":["Wild Strike+1","Warcry+1","Clash+1"],"picked":"Perfected Strike","floor":35},{"not_picked":["Seeing Red","Heavy Blade","Flex+1"],"picked":"Spot Weakness","floor":38},{"not_picked":["Power Through+1","Clothesline+1","Flex+1","Cleave+1"],"picked":"SKIP","floor":39},{"not_picked":["Anger","Sever Soul","True Grit+1","Metallicize+1"],"picked":"SKIP","floor":40},{"not_picked":["Double Tap+1","Flex+1","Carnage","Second Wind+1"],"picked":"SKIP","floor":42},{"not_picked":["Power Through+1","Cleave","Clothesline+1"],"picked":"Inflame+1","floor":44},{"not_picked":["Clash","Clothesline+1","Havoc+1"],"picked":"Warcry+1","floor":46},{"not_picked":["Body Slam","Whirlwind","Cleave","Impervious+1"],"picked":"SKIP","floor":47},{"not_picked":["Sever Soul","Flex+1","Cleave+1","Shrug It Off+1"],"picked":"SKIP","floor":48}],"player_experience":254132,"relics_obtained":[{"floor":9,"key":"Bag of Marbles"},{"floor":11,"key":"Question Card"},{"floor":13,"key":"Vajra"},{"floor":23,"key":"Lantern"},{"floor":25,"key":"Peace Pipe"},{"floor":26,"key":"Strawberry"},{"floor":40,"key":"Toy Ornithopter"},{"floor":42,"key":"Toxic Egg 2"},{"floor":43,"key":"Paper Frog"},{"floor":44,"key":"Ornamental Fan"},{"floor":48,"key":"Gremlin Horn"}],"event_choices":[{"damage_healed":0,"gold_gain":0,"player_choice":"","damage_taken":6,"max_hp_gain":0,"max_hp_loss":0,"event_name":"Knowing Skull","floor":27,"potions_obtained":[],"gold_loss":0,"cards_obtained":[]},{"damage_healed":0,"gold_gain":0,"player_choice":"Ignored","damage_taken":0,"max_hp_gain":0,"max_hp_loss":0,"event_name":"Tomb of Lord Red Mask","floor":36,"gold_loss":0},{"damage_healed":0,"gold_gain":0,"player_choice":"Ignored","damage_taken":0,"max_hp_gain":0,"max_hp_loss":0,"event_name":"NoteForYourself","floor":37,"gold_loss":0}],"is_beta":false,"boss_relics":[{"not_picked":["Busted Crown","Black Blood"],"picked":"SlaversCollar"},{"not_picked":["Snecko Eye","SacredBark"],"picked":"Tiny House"}],"items_purged_floors":[5],"is_endless":false,"potions_floor_spawned":[3,7,13,14,21,22,33,35,38,40],"ascension_level":0}}