{"host":"k5dhp0bkccqfauyu","time":1608561478,"event":{"mods":["BaseMod","Better Note","Better Skull","Better Vampires","Colored Map","Colored Powertips","DeckTracker","Minty Spire (QoL Compilation)","Permanent Neow","StSLib","SuperFastMode"],"gold_per_floor":[127,156,182,194,219,231,265,277,312,324,324],"floor_reached":10,"playtime":325,"items_purged":[],"score":116,"play_id":"b422f584-895d-4854-b787-faab4dd4b923","local_time":"20201222013758","is_ascension_mode":true,"campfire_choices":[{"floor":6,"key":"REST"},{"data":"Fusion","floor":8,"key":"SMITH"}],"circlet_count":0,"master_deck":["AscendersBane","Strike_B+1","Strike_B","Strike_B","Strike_B+1","Defend_B","Defend_B","Defend_B","Defend_B","Zap","Dualcast","FTL","Fusion+1","Capacitor","Cold Snap","Multi-Cast"],"relics":["Cracked Core","MawBank","Odd Mushroom","Blood Vial"],"acts_visited":["Exordium"],"potions_floor_usage":[7,7],"damage_taken":[{"damage":7,"enemies":"Jaw Worm","floor":1,"turns":2},{"damage":11,"enemies":"2 Louse","floor":2,"turns":3},{"damage":1,"enemies":"Cultist","floor":3,"turns":4},{"damage":7,"enemies":"Looter","floor":5,"turns":4},{"damage":7,"enemies":"The Mushroom Lair","floor":7,"turns":3},{"damage":35,"enemies":"3 Sentries","floor":10,"turns":5}],"seed_played":"6277071560817250645","potions_obtained":[{"floor":1,"key":"Block Potion"},{"floor":3,"key":"AttackPotion"}],"is_trial":false,"path_per_floor":["M","M","M","?","M","R","?","R","T","E"],"character_chosen":"DEFECT","items_purchased":[],"campfire_rested":1,"item_purchase_floors":[],"current_hp_per_floor":[57,46,45,24,17,38,31,31,31,0,0],"gold":324,"neow_bonus":"RANDOM_COMMON_RELIC","is_daily":false,"chose_seed":false,"campfire_upgraded":1,"win_rate":0.0,"timestamp":1608561478,"path_taken":["M","M","M","?","M","R","?","R","T","E"],"items_purchased_type":[],"build_version":"2020-12-13","purchased_purges":0,"victory":false,"max_hp_per_floor":[71,71,71,71,71,71,71,71,71,71,71],"card_choices":[{"not_picked":["Conserve Battery","Turbo"],"picked":"FTL","floor":1},{"not_picked":["Leap","Redo"],"picked":"Fusion","floor":2},{"not_picked":["Sweeping Beam","Sunder"],"picked":"Capacitor","floor":3},{"not_picked":["Sweeping Beam","Coolheaded"],"picked":"Cold Snap","floor":5},{"not_picked":["Double Energy","Leap"],"picked":"Multi-Cast","floor":7}],"player_experience":1807052,"relics_obtained":[{"floor":7,"key":"Odd Mushroom"},{"floor":9,"key":"Blood Vial"}],"event_choices":[{"damage_healed":0,"gold_gain":0,"player_choice":"Entered Light","damage_taken":21,"max_hp_gain":0,"max_hp_loss":0,"event_name":"Shining Light","floor":4,"gold_loss":0,"cards_upgraded":["Strike_B","Strike_B"]},{"damage_healed":0,"gold_gain":0,"player_choice":"Fought Mushrooms","damage_taken":0,"max_hp_gain":0,"max_hp_loss":0,"event_name":"Mushrooms","floor":7,"gold_loss":0}],"is_beta":false,"boss_relics":[],"items_purged_floors":[],"is_endless":false,"potions_floor_spawned":[1,3,5],"killed_by":"3 Sentries","ascension_level":20}}