{"host":"qzblds3hycbe0oxf","time":1608549951,"event":{"mods":["2.2 Compatiblity","AchievementEnabler","BaseMod","Colored Map","DeckTracker","Highlight Path","Minty Spire (QoL Compilation)","Random Character Button","Rare Cards Sparkle"],"gold_per_floor":[112,129,149,168,180,206,206,241,241,260,260,19,34,48,48,147,147,157,157,169,169,2,32,32,62,62,62,94,119,145,145,145,248,248,258,480,499,511,511,511,541,541,620,279,305,316,316,331,331,331,331],"floor_reached":50,"playtime":5508,"items_purged":[],"score":677,"play_id":"21498ed2-825d-4877-a29d-d31e238a2805","local_time":"20201221122551","is_ascension_mode":true,"campfire_choices":[{"floor":7.0,"key":"REST"},{"floor":15.0,"key":"REST"},{"floor":24.0,"key":"REST"},{"floor":27.0,"key":"REST"},{"floor":32.0,"key":"REST"},{"floor":40.0,"key":"REST"},{"floor":42.0,"key":"REST"},{"floor":49.0,"key":"REST"}],"circlet_count":0,"master_deck":["Strike_G","Strike_G","Strike_G","Strike_G","Strike_G","Defend_G","Defend_G","Defend_G","Defend_G","Defend_G","Survivor","Neutralize","Dark Shackles","Blade Dance","Bouncing Flask","Dagger Spray","Calculated Gamble","Burst","Corpse Explosion","Backstab","Crippling Poison","Bandage Up","Terror","All Out Attack","Flying Knee","Dagger Throw","Bullet Time","Blur+1","Finisher","Infinite Blades","Swift Strike","Dodge and Roll","Bane","Dodge and Roll+1","Poisoned Stab","Die Die Die","Leg Sweep+1","Flying Knee+1","Sucker Punch","Well Laid Plans+1","Noxious Fumes","Phantasmal Killer","Blade Dance","Deadly Poison+1","Cloak And Dagger"],"relics":["Ring of the Snake","Smiling Mask","Meat on the Bone","Shuriken","Calipers","WristBlade","Paper Crane","Bronze Scales","Lantern","Ice Cream","Juzu Bracelet","Red Mask","SacredBark","Tough Bandages","Darkstone Periapt","Strawberry","Prayer Wheel"],"acts_visited":["Exordium","TheCity","TheBeyond"],"potions_floor_usage":[50,50],"damage_taken":[{"damage":0.0,"enemies":"Cultist","floor":1.0,"turns":4.0},{"damage":1.0,"enemies":"2 Louse","floor":2.0,"turns":4.0},{"damage":4.0,"enemies":"Jaw Worm","floor":3.0,"turns":3.0},{"damage":14.0,"enemies":"Gremlin Gang","floor":4.0,"turns":4.0},{"damage":0.0,"enemies":"Looter","floor":5.0,"turns":4.0},{"damage":4.0,"enemies":"3 Sentries","floor":6.0,"turns":5.0},{"damage":30.0,"enemies":"Gremlin Nob","floor":8.0,"turns":5.0},{"damage":13.0,"enemies":"Blue Slaver","floor":10.0,"turns":3.0},{"damage":2.0,"enemies":"Large Slime","floor":13.0,"turns":5.0},{"damage":6.0,"enemies":"2 Fungi Beasts","floor":14.0,"turns":2.0},{"damage":34.0,"enemies":"The Guardian","floor":16.0,"turns":9.0},{"damage":0.0,"enemies":"2 Thieves","floor":18.0,"turns":1.0},{"damage":18.0,"enemies":"Shell Parasite","floor":20.0,"turns":5.0},{"damage":40.0,"enemies":"Slavers","floor":23.0,"turns":4.0},{"damage":7.0,"enemies":"Book of Stabbing","floor":25.0,"turns":4.0},{"damage":23.0,"enemies":"Slavers","floor":28.0,"turns":4.0},{"damage":6.0,"enemies":"Masked Bandits","floor":30.0,"turns":2.0},{"damage":29.0,"enemies":"Collector","floor":33.0,"turns":7.0},{"damage":0.0,"enemies":"3 Shapes","floor":35.0,"turns":3.0},{"damage":11.0,"enemies":"Orb Walker","floor":37.0,"turns":2.0},{"damage":0.0,"enemies":"4 Shapes","floor":38.0,"turns":2.0},{"damage":35.0,"enemies":"Giant Head","floor":41.0,"turns":7.0},{"damage":27.0,"enemies":"Reptomancer","floor":45.0,"turns":6.0},{"damage":5.0,"enemies":"Spire Growth","floor":46.0,"turns":4.0},{"damage":16.0,"enemies":"Jaw Worm Horde","floor":48.0,"turns":3.0},{"damage":100,"enemies":"Awakened One","floor":50,"turns":10}],"seed_played":"8023315377207634815","potions_obtained":[{"floor":5.0,"key":"SteroidPotion"},{"floor":8.0,"key":"LiquidMemories"},{"floor":10.0,"key":"FearPotion"},{"floor":16.0,"key":"Swift Potion"},{"floor":25.0,"key":"Energy Potion"},{"floor":30.0,"key":"Swift Potion"},{"floor":35.0,"key":"SpeedPotion"},{"floor":38.0,"key":"Block Potion"},{"floor":45.0,"key":"Ancient Potion"},{"floor":48.0,"key":"DuplicationPotion"}],"is_trial":false,"path_per_floor":["M","M","M","M","M","E","R","E","T","M","?","$","M","M","R","B",null,"M","?","M","?","$","E","R","E","T","R","E","T","?","?","R","B",null,"M","?","M","M","?","R","E","R","T","$","E","M","?","M","R","B"],"character_chosen":"THE_SILENT","items_purchased":["Bandage Up","Terror","All Out Attack","SpeedPotion","Infinite Blades","Swift Strike","EntropicBrew","Noxious Fumes","Phantasmal Killer"],"campfire_rested":8,"item_purchase_floors":[12,12,12,12,22,22,44,44,44],"current_hp_per_floor":[70,69,65,51,51,47,68,38,38,37,25,25,39,37,58,40,70,70,70,52,52,52,24,45,42,42,63,44,44,38,38,59,46,70,70,70,59,59,59,70,39,60,60,60,44,43,43,43,66,0,0],"gold":331,"neow_bonus":"RANDOM_COLORLESS","is_daily":false,"chose_seed":false,"campfire_upgraded":0,"win_rate":0.0,"timestamp":1608549951,"path_taken":["M","M","?","M","M","E","R","E","T","M","?","$","M","M","R","BOSS","M","?","?","?","$","E","R","E","T","R","E","?","?","?","R","BOSS","M","?","M","M","?","R","E","R","T","$","E","M","?","M","R","BOSS"],"items_purchased_type":["Card","Card","Card","Potion","Card","Card","Potion","Card","Card"],"build_version":"2020-12-13","purchased_purges":0,"victory":false,"max_hp_per_floor":[70,70,70,70,70,70,70,70,70,70,70,70,70,70,70,70,70,70,70,70,70,70,70,70,70,70,70,70,70,70,70,70,70,70,70,70,70,70,70,70,70,70,70,70,77,77,77,77,77,77,77],"card_choices":[{"not_picked":["Purity","Good Instincts"],"picked":"Dark Shackles","floor":0.0},{"not_picked":["PiercingWail","Deflect"],"picked":"Blade Dance","floor":1.0},{"not_picked":["Masterful Stab","Slice"],"picked":"Bouncing Flask","floor":2.0},{"not_picked":["Skewer","Blade Dance"],"picked":"Dagger Spray","floor":3.0},{"not_picked":["Deflect","Skewer"],"picked":"Calculated Gamble","floor":4.0},{"not_picked":["Well Laid Plans","Quick Slash"],"picked":"Burst","floor":5.0},{"not_picked":["Calculated Gamble","Deflect"],"picked":"Corpse Explosion","floor":6.0},{"not_picked":["Footwork","Blade Dance"],"picked":"Backstab","floor":8.0},{"not_picked":["Dodge and Roll","Deflect"],"picked":"Crippling Poison","floor":10.0},{"not_picked":["Quick Slash","Riddle With Holes"],"picked":"Flying Knee","floor":13.0},{"not_picked":["Distraction","Deflect"],"picked":"Dagger Throw","floor":14.0},{"not_picked":["Burst","Night Terror"],"picked":"Bullet Time","floor":16.0},{"not_picked":["Caltrops","Flechettes+1"],"picked":"Blur+1","floor":18.0},{"not_picked":["Blade Dance","Eviscerate"],"picked":"Finisher","floor":20.0},{"not_picked":["Skewer+1","Riddle With Holes"],"picked":"Dodge and Roll","floor":23.0},{"not_picked":["Tools of the Trade","Bullet Time"],"picked":"Bane","floor":25.0},{"not_picked":["Reflex","All Out Attack"],"picked":"Dodge and Roll+1","floor":28.0},{"not_picked":["Blade Dance","PiercingWail+1"],"picked":"Poisoned Stab","floor":30.0},{"not_picked":["Grand Finale","Burst"],"picked":"Die Die Die","floor":33.0},{"not_picked":["Deflect+1","Caltrops"],"picked":"Leg Sweep+1","floor":35.0},{"not_picked":["Blur+1","Expertise"],"picked":"Flying Knee+1","floor":37.0},{"not_picked":["Expertise","Leg Sweep+1"],"picked":"Sucker Punch","floor":38.0},{"not_picked":["Flying Knee+1","Prepared"],"picked":"Well Laid Plans+1","floor":41.0},{"not_picked":["Flechettes","Finisher+1"],"picked":"Blade Dance","floor":45.0},{"not_picked":["Bouncing Flask","Prepared+1"],"picked":"Deadly Poison+1","floor":46.0},{"not_picked":["Masterful Stab","Underhanded Strike"],"picked":"Cloak And Dagger","floor":48.0},{"not_picked":["Quick Slash","Dagger Spray+1","Dagger Throw+1"],"picked":"SKIP","floor":48.0}],"player_experience":162646,"relics_obtained":[{"floor":6.0,"key":"Smiling Mask"},{"floor":8.0,"key":"Meat on the Bone"},{"floor":9.0,"key":"Shuriken"},{"floor":23.0,"key":"Paper Crane"},{"floor":25.0,"key":"Bronze Scales"},{"floor":26.0,"key":"Lantern"},{"floor":28.0,"key":"Ice Cream"},{"floor":29.0,"key":"Juzu Bracelet"},{"floor":30.0,"key":"Red Mask"},{"floor":41.0,"key":"Tough Bandages"},{"floor":43.0,"key":"Darkstone Periapt"},{"floor":45.0,"key":"Strawberry"}],"event_choices":[{"damage_healed":0.0,"max_hp_gain":0.0,"max_hp_loss":0.0,"gold_gain":0.0,"event_name":"Scrap Ooze","player_choice":"Success","floor":11.0,"gold_loss":0.0,"damage_taken":12.0,"relics_obtained":["Calipers"]},{"damage_healed":0.0,"max_hp_gain":0.0,"max_hp_loss":0.0,"gold_gain":0.0,"event_name":"Wheel of Change","player_choice":"Full Heal","floor":19.0,"gold_loss":0.0,"damage_taken":0.0},{"damage_healed":0.0,"max_hp_gain":0.0,"max_hp_loss":0.0,"gold_gain":0.0,"event_name":"Beggar","player_choice":"Ignored","floor":21.0,"gold_loss":0.0,"damage_taken":0.0},{"damage_healed":0.0,"max_hp_gain":0.0,"max_hp_loss":0.0,"gold_gain":0.0,"event_name":"Masked Bandits","player_choice":"Fought Bandits","floor":30.0,"gold_loss":0.0,"damage_taken":0.0},{"damage_healed":0.0,"max_hp_gain":0.0,"max_hp_loss":0.0,"gold_gain":0.0,"event_name":"Purifier","player_choice":"Ignored","floor":31.0,"gold_loss":0.0,"damage_taken":0.0},{"damage_healed":0.0,"max_hp_gain":0.0,"max_hp_loss":0.0,"gold_gain":222.0,"event_name":"Tomb of Lord Red Mask","player_choice":"Wore Mask","floor":36.0,"gold_loss":0.0,"damage_taken":0.0},{"damage_healed":0.0,"max_hp_gain":0.0,"max_hp_loss":0.0,"gold_gain":0.0,"event_name":"Mysterious Sphere","player_choice":"Ignored","floor":39.0,"gold_loss":0.0,"damage_taken":0.0},{"damage_healed":0.0,"max_hp_gain":0.0,"max_hp_loss":0.0,"gold_gain":0.0,"event_name":"WeMeetAgain","player_choice":"Gave Potion","floor":47.0,"gold_loss":0.0,"damage_taken":0.0,"relics_obtained":["Prayer Wheel"]}],"is_beta":false,"boss_relics":[{"not_picked":["Calling Bell","Busted Crown"],"picked":"WristBlade"},{"not_picked":["Sozu","Astrolabe"],"picked":"SacredBark"}],"items_purged_floors":[],"is_endless":false,"potions_floor_spawned":[5,8,10,13,16,20,23,25,30,35,38,45,48],"killed_by":"Awakened One","ascension_level":2}}