{"host":"k5ezbu40hxyit46v","time":1608594159,"event":{"mods":["Act Like it!","Aspiration","Astrologer","BaseMod","BetterRewards","Conspire","DeckTracker","Energized Spire","Googly Eyes","Halation","HexUI Lib","Highlight Path","Hubris","Infinite Spire","Jedi Mod","Mad Scientist","Marisa????????","Minty Spire (QoL Compilation)","Quarter Circle Forward PUNCH!","Quick Restart","Replay The Spire","Reworked Bosses","Shop Mod","Spikes Relics","StSLib","The Administrix","The Awakened One except there are too many feathers","The Bladedancer","The Cursed","The IronCluck","The Servant 0.9.4","The Wild Card","everything is the same but u backflip on backflip","slay the spire mod where everything is the same but ironclad has a cowboy hat","vexMod"],"gold_per_floor":[113,113,113,113,38,69,69,92,92,133,78,114,135,153,153,153,153],"floor_reached":16,"playtime":383,"items_purged":["Strike_R"],"score":286,"play_id":"a3378718-5ab3-47d3-8248-10454c837b51","local_time":"20201221184239","is_ascension_mode":true,"campfire_choices":[{"data":"Metallicize","floor":7.0,"key":"SMITH"},{"data":"BarbarianYell","floor":15.0,"key":"SMITH"}],"circlet_count":0,"master_deck":["AscendersBane","Strike_R+1","Strike_R","Strike_R","Strike_R","Defend_R","Defend_R","Defend_R","Defend_R","Bash","Spot Weakness","Metallicize+1","Cleave+1","BarbarianYell+1","jedi:forcepull+1","jedi:bloodyhammer"],"relics":["Burning Blood","NeowsBlessing","Golden Idol","halation:BottledLove","halation:YellowSoulGem","vexMod:RetaliationKit","hubris:OldNail","Blue Doll","aspiration:StickyExplosives_weak"],"acts_visited":["Exordium"],"potions_floor_usage":[],"damage_taken":[{"damage":0.0,"enemies":"2 Louse","floor":1.0,"turns":1.0},{"damage":0.0,"enemies":"Gremlin Nob","floor":6.0,"turns":1.0},{"damage":0.0,"enemies":"Jaw Worm","floor":8.0,"turns":1.0},{"damage":22.0,"enemies":"Lagavulin","floor":10.0,"turns":7.0},{"damage":18.0,"enemies":"Gremlin Nob","floor":12.0,"turns":4.0},{"damage":17.0,"enemies":"Small Slimes","floor":13.0,"turns":3.0},{"damage":14.0,"enemies":"Looter","floor":14.0,"turns":4.0},{"damage":33,"enemies":"The Guardian","floor":16,"turns":9}],"seed_played":"1506275455052690118","potions_obtained":[{"floor":1.0,"key":"BloodPotion"},{"floor":8.0,"key":"jedi:StrikingPotion"},{"floor":10.0,"key":"Block Potion"}],"is_trial":false,"path_per_floor":["M","?","T","?","$","E","R","M","T","E","$","E","M","M","R","B"],"character_chosen":"IRONCLAD","items_purchased":["jedi:forcepull+1"],"campfire_rested":0,"item_purchase_floors":[11],"current_hp_per_floor":[74,68,68,68,68,68,68,68,68,52,52,40,29,34,34,1,1],"gold":153,"neow_bonus":"THREE_ENEMY_KILL","is_daily":false,"chose_seed":false,"campfire_upgraded":2,"win_rate":0.0,"timestamp":1608594159,"path_taken":["M","?","?","?","?","E","R","?","T","E","?","E","M","M","R","BOSS"],"items_purchased_type":["Card"],"build_version":"2020-12-13","purchased_purges":1,"victory":false,"max_hp_per_floor":[75,68,68,68,68,68,68,68,68,68,68,68,68,68,68,68,68],"card_choices":[{"not_picked":["Headbutt","jedi:controlledanger"],"picked":"Spot Weakness","floor":1.0},{"not_picked":["Juggernaut","Clothesline"],"picked":"Metallicize","floor":6.0},{"not_picked":["Rampage","Wild Strike"],"picked":"Cleave","floor":8.0},{"not_picked":["Iron Wave","conspire:ExplosiveBarrier"],"picked":"BarbarianYell","floor":10.0},{"not_picked":["Anger","Seeing Red"],"picked":"jedi:bloodyhammer","floor":12.0},{"not_picked":["Thunderclap","Life Link","Wild Strike"],"picked":"SKIP","floor":13.0},{"not_picked":["Dropkick","ReplayTheSpireMod:LeadingStrike","Ghostly Armor"],"picked":"SKIP","floor":14.0}],"player_experience":1194710,"relics_obtained":[{"floor":3.0,"key":"halation:BottledLove"},{"floor":6.0,"key":"vexMod:RetaliationKit"},{"floor":9.0,"key":"hubris:OldNail"},{"floor":10.0,"key":"Blue Doll"},{"floor":12.0,"key":"aspiration:StickyExplosives_weak"}],"event_choices":[{"damage_healed":0.0,"max_hp_gain":0.0,"max_hp_loss":7.0,"gold_gain":0.0,"event_name":"Golden Idol","player_choice":"Lose Max HP","floor":2.0,"gold_loss":0.0,"damage_taken":0.0,"relics_obtained":["Golden Idol"]}],"is_beta":false,"boss_relics":[],"items_purged_floors":[5],"is_endless":false,"potions_floor_spawned":[1,8,10],"killed_by":"The Guardian","ascension_level":20}}