{"host":"dvpvhz1t6etneyb3","time":1608580880,"event":{"mods":["AchievementEnabler","BaseMod","Colored Map","Highlight Path","Minty Spire (QoL Compilation)","Permanent Neow","Quick Restart"],"gold_per_floor":[117,117,129,129,146,146,178,178,252,252,252,262,288,303,303,377,377,390,390,50,66,66,98,9,9,9,40,40,67,67,95,95,169,169,183,183,183,197,36,36,69,87,87,87,87,87,118,166,166,166,166],"floor_reached":52,"playtime":2842,"items_purged":["Strike_R"],"score":1915,"play_id":"1e24b36a-33b7-4368-b0cd-ff51d39fedd2","local_time":"20201221150120","is_ascension_mode":true,"campfire_choices":[{"data":"Iron Wave","floor":6.0,"key":"SMITH"},{"data":"Clothesline","floor":8.0,"key":"SMITH"},{"floor":10.0,"key":"REST"},{"data":"Cleave","floor":15.0,"key":"SMITH"},{"data":"Fiend Fire","floor":25.0,"key":"SMITH"},{"data":"Feel No Pain","floor":28.0,"key":"SMITH"},{"data":"Juggernaut","floor":32.0,"key":"SMITH"},{"data":"Immolate","floor":40.0,"key":"SMITH"},{"data":"Bludgeon","floor":44.0,"key":"SMITH"},{"floor":46.0,"key":"REST"},{"floor":49,"key":"REST"}],"circlet_count":0,"master_deck":["AscendersBane","Strike_R+1","Defend_R","Defend_R","Defend_R","Defend_R","Bash+1","Iron Wave+1","Feel No Pain+1","Clothesline+1","True Grit+1","Battle Trance+1","Cleave+1","Impervious+1","Flame Barrier+1","Fiend Fire+1","Shrug It Off+1","Juggernaut+1","Feel No Pain+1","True Grit+1","Immolate+1","Pommel Strike+1","Pommel Strike+1","Offering+1","Dark Embrace+1","Evolve","Juggernaut+1","Bludgeon+1","Feel No Pain","Reaper"],"relics":["Burning Blood","Tiny Chest","Bronze Scales","Toxic Egg 2","Whetstone","Snecko Eye","Ornamental Fan","PreservedInsect","Question Card","Lantern","Strawberry","Toy Ornithopter","Astrolabe","Torii","DollysMirror","Pen Nib","Lizard Tail","Bottled Flame","FossilizedHelix"],"acts_visited":["Exordium","TheCity","TheBeyond"],"potions_floor_usage":[47,51],"damage_taken":[{"damage":1.0,"enemies":"Cultist","floor":1.0,"turns":3.0},{"damage":3.0,"enemies":"Small Slimes","floor":3.0,"turns":3.0},{"damage":7.0,"enemies":"Jaw Worm","floor":5.0,"turns":3.0},{"damage":17.0,"enemies":"3 Sentries","floor":7.0,"turns":13.0},{"damage":3.0,"enemies":"Looter","floor":12.0,"turns":4.0},{"damage":27.0,"enemies":"Lagavulin","floor":13.0,"turns":7.0},{"damage":1.0,"enemies":"Exordium Wildlife","floor":14.0,"turns":5.0},{"damage":38.0,"enemies":"Slime Boss","floor":16.0,"turns":8.0},{"damage":11.0,"enemies":"Shell Parasite","floor":18.0,"turns":5.0},{"damage":1.0,"enemies":"Spheric Guardian","floor":21.0,"turns":5.0},{"damage":6.0,"enemies":"Slavers","floor":23.0,"turns":4.0},{"damage":3.0,"enemies":"Book of Stabbing","floor":27.0,"turns":2.0},{"damage":0.0,"enemies":"Slavers","floor":31.0,"turns":4.0},{"damage":57.0,"enemies":"Collector","floor":33.0,"turns":10.0},{"damage":0.0,"enemies":"3 Darklings","floor":35.0,"turns":3.0},{"damage":6.0,"enemies":"Orb Walker","floor":38.0,"turns":2.0},{"damage":16.0,"enemies":"Nemesis","floor":41.0,"turns":5.0},{"damage":33.0,"enemies":"Spire Growth","floor":42.0,"turns":5.0},{"damage":52,"enemies":"Reptomancer","floor":47,"turns":3},{"damage":17,"enemies":"2 Orb Walkers","floor":48,"turns":3},{"damage":18,"enemies":"Donu and Deca","floor":50,"turns":5},{"damage":24,"enemies":"Time Eater","floor":51,"turns":7}],"seed_played":"162896419189664506","potions_obtained":[{"floor":5.0,"key":"LiquidMemories"},{"floor":7.0,"key":"FearPotion"},{"floor":13.0,"key":"Swift Potion"},{"floor":23.0,"key":"EntropicBrew"},{"floor":35.0,"key":"BlessingOfTheForge"},{"floor":41.0,"key":"BlessingOfTheForge"},{"floor":42.0,"key":"Regen Potion"}],"is_trial":false,"path_per_floor":["M","?","M","?","M","R","E","R","T","R","?","M","E","M","R","B",null,"M","?","$","M","T","E","$","R","T","E","R","T","$","E","R","B",null,"M","?","T","M","$","R","E","M","T","R","$","R","E","?","R","B","B",null],"character_chosen":"IRONCLAD","items_purchased":["Flame Barrier+1","Fiend Fire","Feel No Pain","DollysMirror"],"campfire_rested":3,"item_purchase_floors":[20,20,24,39],"current_hp_per_floor":[73,47,50,50,49,49,38,38,38,60,60,63,42,47,47,15,60,55,55,55,60,60,60,60,60,60,63,63,70,70,76,76,40,72,82,78,78,78,78,78,68,41,41,41,41,64,28,25,48,44,31],"gold":166,"neow_bonus":"UPGRADE_CARD","is_daily":false,"chose_seed":false,"campfire_upgraded":8,"win_rate":0.0,"timestamp":1608580880,"path_taken":["M","?","M","?","M","R","E","R","T","R","?","M","E","M","R","BOSS","BOSS","M","?","$","M","?","E","?","R","T","E","R","?","$","E","R","BOSS","M","?","?","M","$","R","E","M","T","R","?","R","E","?","R","BOSS","BOSS"],"items_purchased_type":["Card","Card","Card","Relic"],"build_version":"2020-12-13","purchased_purges":1,"victory":true,"max_hp_per_floor":[75,75,75,75,75,75,75,75,75,75,75,75,75,75,75,75,75,75,75,75,75,75,75,75,75,75,75,75,82,82,82,82,82,82,82,78,78,78,78,78,78,78,78,78,78,78,78,78,78,78,78],"card_choices":[{"not_picked":["True Grit","Perfected Strike"],"picked":"Iron Wave","floor":1.0},{"not_picked":["Disarm","Pommel Strike"],"picked":"Feel No Pain","floor":3.0},{"not_picked":["Flex","Iron Wave","True Grit"],"picked":"SKIP","floor":5.0},{"not_picked":["Flex","Iron Wave","True Grit"],"picked":"SKIP","floor":5.0},{"not_picked":["Wild Strike","Thunderclap"],"picked":"Clothesline","floor":7.0},{"not_picked":["Clothesline","Iron Wave"],"picked":"True Grit+1","floor":12.0},{"not_picked":["Barricade","Combust"],"picked":"Battle Trance+1","floor":13.0},{"not_picked":["Headbutt","Entrench+1"],"picked":"Cleave","floor":14.0},{"not_picked":["Brutality","Feed"],"picked":"Impervious+1","floor":16.0},{"not_picked":["Sword Boomerang","Clash","Bloodletting+1"],"picked":"SKIP","floor":18.0},{"not_picked":["Iron Wave","Flex+1"],"picked":"Shrug It Off+1","floor":21.0},{"not_picked":["Headbutt","Thunderclap"],"picked":"Juggernaut","floor":23.0},{"not_picked":["Second Wind+1","Anger+1","Warcry+1"],"picked":"True Grit+1","floor":27.0},{"not_picked":["Body Slam","Power Through+1","Combust","Pummel"],"picked":"SKIP","floor":31.0},{"not_picked":["Reaper","Juggernaut","Berserk"],"picked":"Immolate","floor":33.0},{"not_picked":["Burning Pact+1","Cleave+1","Twin Strike"],"picked":"Dark Embrace+1","floor":35.0},{"not_picked":["Wild Strike","Bloodletting+1","Sword Boomerang"],"picked":"Evolve","floor":38.0},{"not_picked":["Cleave+1","Dark Embrace","Evolve"],"picked":"Bludgeon","floor":41.0},{"not_picked":["Warcry+1","Headbutt","Reckless Charge+1"],"picked":"Feel No Pain","floor":42.0},{"not_picked":["Hemokinesis","Havoc+1","Blood for Blood"],"picked":"Reaper","floor":47}],"player_experience":1911531,"relics_obtained":[{"floor":7.0,"key":"Bronze Scales"},{"floor":9.0,"key":"Toxic Egg 2"},{"floor":13.0,"key":"Whetstone"},{"floor":22.0,"key":"Ornamental Fan"},{"floor":23.0,"key":"PreservedInsect"},{"floor":26.0,"key":"Question Card"},{"floor":27.0,"key":"Lantern"},{"floor":29.0,"key":"Strawberry"},{"floor":31.0,"key":"Toy Ornithopter"},{"floor":37.0,"key":"Torii"},{"floor":41.0,"key":"Pen Nib"},{"floor":43.0,"key":"Lizard Tail"},{"floor":47,"key":"Bottled Flame"},{"floor":48,"key":"FossilizedHelix"}],"event_choices":[{"damage_healed":0.0,"max_hp_gain":0.0,"max_hp_loss":0.0,"gold_gain":0.0,"event_name":"Scrap Ooze","player_choice":"Success","floor":2.0,"gold_loss":0.0,"damage_taken":26.0,"relics_obtained":["Tiny Chest"]},{"damage_healed":0.0,"max_hp_gain":0.0,"max_hp_loss":0.0,"gold_gain":0.0,"event_name":"Living Wall","player_choice":"Grow","floor":4.0,"gold_loss":0.0,"damage_taken":0.0,"cards_upgraded":["Feel No Pain"]},{"damage_healed":0.0,"max_hp_gain":0.0,"max_hp_loss":0.0,"gold_gain":0.0,"event_name":"Shining Light","player_choice":"Ignored","floor":11.0,"gold_loss":0.0,"damage_taken":0.0},{"damage_healed":0.0,"max_hp_gain":0.0,"max_hp_loss":0.0,"gold_gain":0.0,"event_name":"Ghosts","player_choice":"Ignored","floor":19.0,"gold_loss":0.0,"damage_taken":0.0},{"damage_healed":0.0,"max_hp_gain":0.0,"max_hp_loss":4.0,"gold_gain":0.0,"event_name":"Winding Halls","player_choice":"Max HP","floor":36.0,"gold_loss":0.0,"damage_taken":0.0},{"damage_healed":0,"gold_gain":0,"player_choice":"Fight","damage_taken":0,"max_hp_gain":0,"max_hp_loss":0,"event_name":"Mysterious Sphere","floor":48,"gold_loss":0}],"is_beta":false,"boss_relics":[{"not_picked":["Runic Dome","Cursed Key"],"picked":"Snecko Eye"},{"not_picked":["Sozu","Runic Cube"],"picked":"Astrolabe"}],"items_purged_floors":[20],"is_endless":false,"potions_floor_spawned":[5,7,13,23,31,35,41,42],"ascension_level":20}}