{"host":"wdiovb6uv7szux0m","time":1608527976,"event":{"mods":["BaseMod","Minty Spire (QoL Compilation)","StSLib","The Bug Knight","The Druid"],"gold_per_floor":[112,124,124,135,152,152,182,182,182,357,92,426,396,409,409,508,508,508,257,270,280,328,328,339,359,385,385,385,403,432,450,450,547,547,562,562,562,605,88,88,120,220,271,271,285,328,341,356,356,356],"floor_reached":51,"playtime":4849,"items_purged":["Doubt","Strike_P","Defend_P"],"score":693,"play_id":"c2ebede6-7924-44d8-b4c5-be1fb184f356","local_time":"20201220201936","is_ascension_mode":false,"campfire_choices":[{"data":"PathToVictory","floor":6.0,"key":"SMITH"},{"data":"PathToVictory","floor":8.0,"key":"SMITH"},{"floor":15.0,"key":"REST"},{"floor":23.0,"key":"REST"},{"floor":28.0,"key":"REST"},{"floor":32.0,"key":"REST"},{"data":"LessonLearned","floor":40.0,"key":"SMITH"},{"floor":44,"key":"REST"},{"floor":49,"key":"REST"}],"circlet_count":0,"master_deck":["Defend_P+1","Defend_P+1","Vigilance+1","PathToVictory+1","SashWhip+1","PathToVictory+1","Halt+1","LessonLearned+1","ClearTheMind+1","EmptyBody+1","Wish+1","DeusExMachina+1","PathToVictory+1","CutThroughFate+1","Prostrate+1","Alpha+1","Sanctity+1","Evaluate+1","Judgement+1","PathToVictory+1","Madness+1","Madness+1","Evaluate+1","Collect+1","LikeWater+1","ThirdEye+1","Evaluate+1","Protect+1"],"relics":["PureWater","NeowsBlessing","Toxic Egg 2","Old Coin","VioletLotus","Lantern","Art of War","Red Mask","Empty Cage","TeardropLocket","Kunai","Smiling Mask"],"acts_visited":["Exordium","TheCity","TheBeyond"],"potions_floor_usage":[50],"damage_taken":[{"damage":0.0,"enemies":"Jaw Worm","floor":1.0,"turns":1.0},{"damage":0.0,"enemies":"Small Slimes","floor":2.0,"turns":1.0},{"damage":0.0,"enemies":"Cultist","floor":4.0,"turns":1.0},{"damage":9.0,"enemies":"Looter","floor":5.0,"turns":4.0},{"damage":22.0,"enemies":"Gremlin Nob","floor":7.0,"turns":4.0},{"damage":34.0,"enemies":"3 Sentries","floor":12.0,"turns":13.0},{"damage":0.0,"enemies":"3 Louse","floor":14.0,"turns":2.0},{"damage":34.0,"enemies":"Slime Boss","floor":16.0,"turns":9.0},{"damage":0.0,"enemies":"3 Byrds","floor":18.0,"turns":2.0},{"damage":0.0,"enemies":"Shell Parasite","floor":20.0,"turns":4.0},{"damage":15.0,"enemies":"Snecko","floor":21.0,"turns":6.0},{"damage":48.0,"enemies":"Chosen and Byrds","floor":22.0,"turns":9.0},{"damage":16.0,"enemies":"Snake Plant","floor":24.0,"turns":4.0},{"damage":2.0,"enemies":"Snecko","floor":25.0,"turns":4.0},{"damage":8.0,"enemies":"Shelled Parasite and Fungi","floor":29.0,"turns":4.0},{"damage":0.0,"enemies":"Masked Bandits","floor":30.0,"turns":5.0},{"damage":2.0,"enemies":"Cultist and Chosen","floor":31.0,"turns":4.0},{"damage":22.0,"enemies":"Collector","floor":33.0,"turns":6.0},{"damage":8.0,"enemies":"3 Darklings","floor":35.0,"turns":5.0},{"damage":0.0,"enemies":"3 Shapes","floor":38.0,"turns":5.0},{"damage":22.0,"enemies":"Giant Head","floor":41.0,"turns":6.0},{"damage":17,"enemies":"Sphere and 2 Shapes","floor":45,"turns":4},{"damage":9,"enemies":"3 Darklings","floor":46,"turns":5},{"damage":7,"enemies":"Spire Growth","floor":47,"turns":5},{"damage":0,"enemies":"4 Shapes","floor":48,"turns":5},{"damage":5,"enemies":"Time Eater","floor":50,"turns":7}],"seed_played":"-3932167902685524409","potions_obtained":[{"floor":5.0,"key":"Regen Potion"},{"floor":12.0,"key":"Regen Potion"},{"floor":13.0,"key":"PowerPotion"},{"floor":13.0,"key":"Fire Potion"},{"floor":14.0,"key":"SmokeBomb"},{"floor":16.0,"key":"AttackPotion"},{"floor":24.0,"key":"AttackPotion"},{"floor":29.0,"key":"GamblersBrew"},{"floor":35.0,"key":"ColorlessPotion"},{"floor":38.0,"key":"SneckoOil"},{"floor":48,"key":"Swift Potion"}],"is_trial":false,"path_per_floor":["M","M","?","M","M","R","E","R","T","?","$","E","?","M","R","B",null,"M","$","M","M","M","R","M","M","T","?","R","M","?","M","R","B",null,"M","?","?","M","$","R","E","?","T","R","M","M","M","M","R","B",null],"character_chosen":"WATCHER","items_purchased":["LessonLearned","ClearTheMind+1","Lantern","Collect+1","TeardropLocket","LikeWater"],"campfire_rested":6,"item_purchase_floors":[11,11,19,39,39,39],"current_hp_per_floor":[72,72,72,72,63,63,46,46,46,46,46,12,12,17,38,4,72,72,72,72,57,9,30,14,12,12,12,33,25,25,23,44,22,72,64,64,55,55,55,55,33,33,33,54,37,28,21,21,42,37],"gold":356,"neow_bonus":"THREE_ENEMY_KILL","is_daily":false,"chose_seed":false,"campfire_upgraded":3,"win_rate":0.0,"timestamp":1608527976,"path_taken":["M","M","?","M","M","R","E","R","T","?","$","E","?","M","R","BOSS","M","$","?","M","M","R","M","M","T","?","R","M","?","?","R","BOSS","M","?","?","M","$","R","E","?","T","R","?","M","?","M","R","BOSS"],"items_purchased_type":["Card","Card","Relic","Card","Relic","Card"],"build_version":"2020-12-13","purchased_purges":3,"victory":true,"max_hp_per_floor":[72,72,72,72,72,72,72,72,72,72,72,72,72,72,72,72,72,72,72,72,72,72,72,72,72,72,72,72,72,72,72,72,72,72,72,72,72,72,72,72,72,72,72,72,72,72,72,72,72,72],"card_choices":[{"not_picked":["BowlingBash","EmptyFist"],"picked":"PathToVictory","floor":1.0},{"not_picked":["BattleHymn","EmptyFist","Consecrate"],"picked":"SKIP","floor":2.0},{"not_picked":["Halt","Crescendo"],"picked":"SashWhip","floor":4.0},{"not_picked":["FlurryOfBlows","ThirdEye"],"picked":"PathToVictory","floor":5.0},{"not_picked":["SignatureMove","FlurryOfBlows"],"picked":"Halt+1","floor":7.0},{"not_picked":["TalkToTheHand","CrushJoints"],"picked":"EmptyBody+1","floor":12.0},{"not_picked":["Fasting2","LikeWater"],"picked":"Wish+1","floor":14.0},{"not_picked":["Scrawl+1","Brilliance"],"picked":"DeusExMachina+1","floor":16.0},{"not_picked":["BattleHymn+1","FollowUp","FlyingSleeves"],"picked":"SKIP","floor":20.0},{"not_picked":["Consecrate","Brilliance","ClearTheMind+1"],"picked":"SKIP","floor":21.0},{"not_picked":["Sanctity+1","Halt+1"],"picked":"PathToVictory+1","floor":22.0},{"not_picked":["FlyingSleeves+1","Wallop"],"picked":"CutThroughFate+1","floor":24.0},{"not_picked":["EmptyMind+1","ThirdEye+1"],"picked":"Prostrate+1","floor":25.0},{"not_picked":["FollowUp","EmptyFist"],"picked":"Alpha+1","floor":29.0},{"not_picked":["Meditate+1","BattleHymn"],"picked":"Sanctity+1","floor":30.0},{"not_picked":["BattleHymn","FlurryOfBlows+1"],"picked":"Evaluate+1","floor":31.0},{"not_picked":["Devotion","SpiritShield+1"],"picked":"Judgement+1","floor":33.0},{"not_picked":["JustLucky","CrushJoints"],"picked":"PathToVictory+1","floor":35.0},{"not_picked":["Halt+1","MentalFortress"],"picked":"Evaluate+1","floor":38.0},{"not_picked":["Swivel+1","FlyingSleeves+1"],"picked":"ThirdEye+1","floor":41.0},{"not_picked":["Collect+1","Protect+1"],"picked":"Evaluate+1","floor":45},{"not_picked":["Consecrate+1","Vengeance+1","FlyingSleeves"],"picked":"SKIP","floor":46},{"not_picked":["BowlingBash+1","SashWhip+1"],"picked":"Protect+1","floor":47},{"not_picked":["Brilliance","FlurryOfBlows","CrushJoints"],"picked":"SKIP","floor":48}],"player_experience":1521509,"relics_obtained":[{"floor":7.0,"key":"Toxic Egg 2"},{"floor":12.0,"key":"Old Coin"},{"floor":26.0,"key":"Art of War"},{"floor":30.0,"key":"Red Mask"},{"floor":41.0,"key":"Kunai"},{"floor":43,"key":"Smiling Mask"}],"event_choices":[{"cards_removed":["Strike_P"],"damage_healed":0.0,"max_hp_gain":0.0,"max_hp_loss":0.0,"gold_gain":0.0,"event_name":"Living Wall","player_choice":"Forget","floor":3.0,"gold_loss":0.0,"damage_taken":0.0},{"damage_healed":0.0,"max_hp_gain":0.0,"max_hp_loss":0.0,"gold_gain":175.0,"event_name":"Liars Game","player_choice":"AGREE","floor":10.0,"gold_loss":0.0,"damage_taken":0.0,"cards_obtained":["Doubt"]},{"damage_healed":0.0,"max_hp_gain":0.0,"max_hp_loss":0.0,"gold_gain":0.0,"event_name":"The Woman in Blue","player_choice":"Bought 2 Potions","floor":13.0,"gold_loss":0.0,"damage_taken":0.0},{"cards_removed":["Strike_P"],"damage_healed":0.0,"max_hp_gain":0.0,"max_hp_loss":0.0,"gold_gain":0.0,"event_name":"Back to Basics","player_choice":"Elegance","floor":27.0,"gold_loss":0.0,"damage_taken":0.0},{"damage_healed":0.0,"max_hp_gain":0.0,"max_hp_loss":0.0,"gold_gain":0.0,"event_name":"Masked Bandits","player_choice":"Fought Bandits","floor":30.0,"gold_loss":0.0,"damage_taken":0.0},{"cards_removed":["Eruption"],"damage_healed":0.0,"max_hp_gain":0.0,"max_hp_loss":0.0,"gold_gain":0.0,"event_name":"Falling","player_choice":"Removed Attack","floor":36.0,"gold_loss":0.0,"damage_taken":0.0},{"damage_healed":0.0,"max_hp_gain":0.0,"max_hp_loss":0.0,"gold_gain":0.0,"event_name":"Winding Halls","player_choice":"Embrace Madness","floor":37.0,"gold_loss":0.0,"damage_taken":9.0,"cards_obtained":["Madness","Madness"]},{"damage_healed":0.0,"max_hp_gain":0.0,"max_hp_loss":0.0,"gold_gain":100.0,"event_name":"Golden Shrine","player_choice":"Pray","floor":42.0,"gold_loss":0.0,"damage_taken":0.0}],"is_beta":false,"boss_relics":[{"not_picked":["Runic Dome","Busted Crown"],"picked":"VioletLotus"},{"not_picked":["Coffee Dripper","Philosopher\u0027s Stone"],"picked":"Empty Cage"}],"items_purged_floors":[11,19,39],"is_endless":false,"potions_floor_spawned":[5,12,14,16,18,24,29,35,38,48],"ascension_level":0}}