{"host":"q89ui3xtee35wkxq","time":1608536928,"event":{"mods":["Act Like it!","BaseMod","BetterRewards","Colored Map","Colored Powertips","Custom Start","Minty Spire (QoL Compilation)","Rare Cards Sparkle","Shop Mod","Swap Starting Deck Mod"],"gold_per_floor":[116,127,202,202,212,212,212,230,230,245,262,262,297,472,472,472,472],"floor_reached":16,"playtime":645,"items_purged":[],"score":143,"play_id":"288e452c-a1b5-403b-9a7a-a5a532a4aa34","local_time":"20201221104848","is_ascension_mode":true,"campfire_choices":[{"data":"Disarm","floor":6,"key":"SMITH"},{"data":"Flex","floor":15,"key":"SMITH"}],"circlet_count":0,"master_deck":["Strike_R+1","Strike_R","Strike_R","Strike_R","Defend_R+1","Defend_R","Defend_R","Defend_R","Bash","Iron Wave","Disarm+1","Armaments","Flame Barrier","Warcry","Flex+1","Doubt"],"relics":["Burning Blood","NeowsBlessing","Happy Flower","Darkstone Periapt"],"acts_visited":["Exordium"],"potions_floor_usage":[10,10],"damage_taken":[{"damage":0,"enemies":"Small Slimes","floor":1,"turns":1},{"damage":0,"enemies":"2 Louse","floor":2,"turns":1},{"damage":0,"enemies":"Cultist","floor":5,"turns":1},{"damage":4,"enemies":"Looter","floor":8,"turns":5},{"damage":11,"enemies":"Exordium Wildlife","floor":10,"turns":5},{"damage":0,"enemies":"Blue Slaver","floor":11,"turns":4},{"damage":27,"enemies":"Lagavulin","floor":13,"turns":10},{"damage":45,"enemies":"Hexaghost","floor":16,"turns":14}],"seed_played":"-2324179044632728129","potions_obtained":[{"floor":2,"key":"Strength Potion"},{"floor":5,"key":"SteroidPotion"},{"floor":8,"key":"Explosive Potion"}],"is_trial":false,"path_per_floor":["M","M","?","?","M","R","?","M","T","M","M","?","E","?","R","B"],"character_chosen":"IRONCLAD","items_purchased":[],"campfire_rested":0,"item_purchase_floors":[],"current_hp_per_floor":[78,80,69,53,59,59,59,61,61,56,62,55,34,40,40,0,0],"gold":472,"neow_bonus":"THREE_ENEMY_KILL","is_daily":false,"chose_seed":false,"campfire_upgraded":2,"win_rate":0.0,"timestamp":1608536928,"path_taken":["M","M","?","?","M","R","?","M","T","M","?","?","E","?","R","BOSS"],"items_purchased_type":[],"build_version":"2020-12-13","purchased_purges":0,"victory":false,"max_hp_per_floor":[80,80,80,80,80,80,80,80,80,80,80,80,80,86,86,86,86],"card_choices":[{"not_picked":["Sword Boomerang","Burning Pact"],"picked":"Iron Wave","floor":1},{"not_picked":["Thunderclap","Havoc"],"picked":"Disarm","floor":2},{"not_picked":["Clash","Shockwave","Body Slam"],"picked":"SKIP","floor":5},{"not_picked":["Heavy Blade","Thunderclap"],"picked":"Armaments","floor":8},{"not_picked":["Wild Strike","Feel No Pain"],"picked":"Flame Barrier","floor":10},{"not_picked":["Rampage","Sword Boomerang"],"picked":"Warcry","floor":11},{"not_picked":["Sword Boomerang","Perfected Strike"],"picked":"Flex","floor":13}],"player_experience":497120,"relics_obtained":[{"floor":9,"key":"Happy Flower"},{"floor":13,"key":"Darkstone Periapt"}],"event_choices":[{"damage_healed":0,"gold_gain":75,"player_choice":"Gather Gold","damage_taken":11,"max_hp_gain":0,"max_hp_loss":0,"event_name":"World of Goop","floor":3,"gold_loss":0},{"damage_healed":0,"gold_gain":0,"player_choice":"Entered Light","damage_taken":16,"max_hp_gain":0,"max_hp_loss":0,"event_name":"Shining Light","floor":4,"gold_loss":0,"cards_upgraded":["Strike_R","Defend_R"]},{"damage_healed":0,"gold_gain":0,"player_choice":"Ignored","damage_taken":0,"max_hp_gain":0,"max_hp_loss":0,"event_name":"Purifier","floor":7,"gold_loss":0},{"cards_removed":["Strike_R"],"damage_healed":0,"gold_gain":0,"player_choice":"Card Removal","damage_taken":7,"max_hp_gain":0,"max_hp_loss":0,"event_name":"Golden Wing","floor":12,"gold_loss":0},{"damage_healed":0,"gold_gain":175,"player_choice":"AGREE","damage_taken":0,"max_hp_gain":0,"max_hp_loss":0,"event_name":"Liars Game","floor":14,"gold_loss":0,"cards_obtained":["Doubt"]}],"is_beta":false,"boss_relics":[],"items_purged_floors":[],"is_endless":false,"potions_floor_spawned":[2,5,8],"killed_by":"Hexaghost","ascension_level":8}}