{"host":"vumwfieg2b2mnrfl","time":1608578530,"event":{"mods":["AchievementEnabler","BaseMod","Minty Spire (QoL Compilation)","Rare Cards Sparkle","Relic Stats"],"gold_per_floor":[112,287,301,316,316,341,341,374,400,400,419,435,453,268,268,268,268],"floor_reached":16,"playtime":545,"items_purged":[],"score":167,"play_id":"a6bd7ba2-ee76-43a7-88cc-3477766cbb6b","local_time":"20201221132210","is_ascension_mode":true,"campfire_choices":[{"floor":10,"key":"REST"},{"data":"Armaments","floor":15,"key":"SMITH"}],"circlet_count":0,"master_deck":["AscendersBane","Strike_R","Strike_R","Strike_R","Strike_R","Strike_R","Defend_R","Defend_R","Defend_R","Defend_R","Bash","Flame Barrier","Shrug It Off","Shrug It Off","Rampage","Armaments+1","Injury","Iron Wave","Sword Boomerang","Anger","Feel No Pain"],"relics":["Burning Blood","Spirit Poop","Juzu Bracelet","Golden Idol","Lantern","Ancient Tea Set","Membership Card"],"acts_visited":["Exordium"],"potions_floor_usage":[8,13,16],"damage_taken":[{"damage":2,"enemies":"Jaw Worm","floor":1,"turns":4},{"damage":5,"enemies":"2 Louse","floor":3,"turns":4},{"damage":16,"enemies":"Cultist","floor":4,"turns":6},{"damage":53,"enemies":"Gremlin Nob","floor":6,"turns":6},{"damage":23,"enemies":"3 Sentries","floor":8,"turns":13},{"damage":2,"enemies":"2 Fungi Beasts","floor":11,"turns":6},{"damage":11,"enemies":"Blue Slaver","floor":12,"turns":5},{"damage":2,"enemies":"3 Louse","floor":13,"turns":2},{"damage":51,"enemies":"Slime Boss","floor":16,"turns":6}],"seed_played":"-2197674080263954843","potions_obtained":[{"floor":3,"key":"BloodPotion"},{"floor":4,"key":"Energy Potion"},{"floor":8,"key":"Explosive Potion"},{"floor":13,"key":"Explosive Potion"}],"is_trial":false,"path_per_floor":["M","?","M","M","?","E","?","E","T","R","M","M","M","$","R","B"],"character_chosen":"IRONCLAD","items_purchased":["Feel No Pain","Membership Card"],"campfire_rested":1,"item_purchase_floors":[14,14],"current_hp_per_floor":[76,76,77,67,67,20,20,19,19,43,47,42,46,46,46,0,0],"gold":268,"neow_bonus":"THREE_CARDS","is_daily":false,"chose_seed":false,"campfire_upgraded":1,"win_rate":0.0,"timestamp":1608578530,"path_taken":["M","?","M","M","?","E","?","E","T","R","M","M","M","$","R","BOSS"],"items_purchased_type":["Card","Relic"],"build_version":"2020-12-13","purchased_purges":0,"victory":false,"max_hp_per_floor":[80,80,80,80,80,80,80,80,80,80,80,80,80,80,80,80,80],"relic_stats":{"counters":[9,52],"Golden Idol":18,"Juzu Bracelet":1,"obtain_stats":[{"Lantern":8,"Golden Idol":7,"Spirit Poop":5,"Juzu Bracelet":6,"Membership Card":14,"Ancient Tea Set":9,"Burning Blood":0},{"Lantern":5,"Golden Idol":4,"Spirit Poop":3,"Juzu Bracelet":4,"Membership Card":8,"Ancient Tea Set":5,"Burning Blood":0},{"Lantern":33,"Golden Idol":20,"Spirit Poop":14,"Juzu Bracelet":20,"Membership Card":46,"Ancient Tea Set":33,"Burning Blood":0}],"Burning Blood":48},"card_choices":[{"not_picked":["Clash","Wild Strike"],"picked":"Flame Barrier","floor":0},{"not_picked":["Sever Soul","Evolve"],"picked":"Shrug It Off","floor":1},{"not_picked":["Heavy Blade","Sentinel"],"picked":"Shrug It Off","floor":3},{"not_picked":["Anger","Carnage"],"picked":"Rampage","floor":4},{"not_picked":["Dropkick","Combust"],"picked":"Armaments","floor":6},{"not_picked":["Heavy Blade","Corruption"],"picked":"Iron Wave","floor":8},{"not_picked":["Flex","Clash","Reckless Charge"],"picked":"SKIP","floor":11},{"not_picked":["Flex","Power Through"],"picked":"Sword Boomerang","floor":12},{"not_picked":["Sword Boomerang","Dropkick"],"picked":"Anger","floor":13}],"player_experience":274151,"relics_obtained":[{"floor":6,"key":"Juzu Bracelet"},{"floor":8,"key":"Lantern"},{"floor":9,"key":"Ancient Tea Set"}],"event_choices":[{"damage_healed":0,"gold_gain":175,"player_choice":"AGREE","damage_taken":0,"max_hp_gain":0,"max_hp_loss":0,"event_name":"Liars Game","floor":2,"gold_loss":0,"cards_obtained":["Doubt"]},{"cards_removed":["Doubt"],"damage_healed":0,"gold_gain":0,"player_choice":"Offered Curse","damage_taken":0,"relics_obtained":["Spirit Poop"],"max_hp_gain":0,"max_hp_loss":0,"event_name":"Bonfire Elementals","floor":5,"gold_loss":0},{"damage_healed":0,"gold_gain":0,"player_choice":"Take Wound","damage_taken":0,"relics_obtained":["Golden Idol"],"max_hp_gain":0,"max_hp_loss":0,"event_name":"Golden Idol","floor":7,"gold_loss":0,"cards_obtained":["Injury"]}],"is_beta":false,"boss_relics":[],"items_purged_floors":[],"is_endless":false,"potions_floor_spawned":[3,4,8,13],"killed_by":"Slime Boss","ascension_level":10}}