{"host":"odz7g4gpgch153rb","time":1608583777,"event":{"mods":["AchievementEnabler","BaseMod","Better Match","Better Third Choice","BetterRewards","GifTheSpireLib","Infinite Spire","Jedi Mod","Minty Spire (QoL Compilation)","Quick Restart","Replay The Spire","Spikes Relics","StSLib","Stuff the Spire","The Blue Laboratory","Trackpad"],"gold_per_floor":[112,112,187,87,107,107,139,139,166,166,176,30,46,62,62,137,137,149,149,149,149,24,55,73,73,125,141,155,9,25,25,25,103,103,128,154,154,154,154,154,178,204,204,204,204,231,5,5,5],"floor_reached":48,"playtime":3422,"items_purged":["Strike_G","Defend_G","Strike_G","Pride"],"score":1400,"play_id":"c7ccac22-9500-49c2-9058-ffa2c075d7ae","local_time":"20201221154937","is_ascension_mode":true,"campfire_choices":[{"floor":6,"key":"REST"},{"data":"InfectiousVector","floor":8,"key":"SMITH"},{"data":"StuffTheSpire:Injection","floor":10,"key":"SMITH"},{"data":"Neutralize","floor":15,"key":"SMITH"},{"data":"jedi:studypoison","floor":25,"key":"SMITH"},{"data":"Dodge and Roll","floor":25,"key":"SMITH"},{"floor":32,"key":"REST"},{"floor":40,"key":"REST"},{"floor":44,"key":"REST"}],"circlet_count":0,"master_deck":["AscendersBane","Strike_G","Strike_G","Strike_G","Defend_G","Defend_G","Defend_G","Defend_G","Survivor","Neutralize+1","Dodge and Roll+1","StuffTheSpire:Injection+1","Backstab+1","InfectiousVector+1","Noxious Fumes+1","jedi:studypoison+1","Dodge and Roll","Terror","jedi:brewingpoison","Deadly Poison","ReplayTheSpireMod:Black Plague","Footwork"],"relics":["Ring of the Snake","Tough Bandages","jedi:firstaidkit","SpikesRelics:ToyHorsey","Mirror","trackpad:Mousetrap","Guide Book","Happy Flower","Replay:Arrowhead","trackpad:CultistFigurine","StuffTheSpire:HeavyRock","infinitespire:EvilPickle","Velvet Choker","Blue Candle","infinitespire:Broken Mirror","StuffTheSpire:Saxophone","StuffTheSpire:GrapeVine"],"acts_visited":["Exordium","TheCity","TheBeyond"],"potions_floor_usage":[33,41],"damage_taken":[{"damage":2,"enemies":"Small Slimes","floor":1,"turns":4},{"damage":0,"enemies":"Jaw Worm","floor":5,"turns":2},{"damage":32,"enemies":"3 Sentries","floor":7,"turns":11},{"damage":0,"enemies":"Cultist","floor":11,"turns":2},{"damage":2,"enemies":"Large Slime","floor":13,"turns":4},{"damage":0,"enemies":"2 Fungi Beasts","floor":14,"turns":2},{"damage":24,"enemies":"Slime Boss","floor":16,"turns":8},{"damage":12,"enemies":"3 Byrds","floor":18,"turns":4},{"damage":45,"enemies":"Slavers","floor":23,"turns":6},{"damage":15,"enemies":"Chosen","floor":24,"turns":5},{"damage":12,"enemies":"Shelled Parasite and Fungi","floor":27,"turns":4},{"damage":8,"enemies":"Cultist and Chosen","floor":28,"turns":6},{"damage":10,"enemies":"3 Cultists","floor":30,"turns":5},{"damage":31,"enemies":"Pondfish","floor":33,"turns":10},{"damage":56,"enemies":"3 Darklings","floor":35,"turns":4},{"damage":5,"enemies":"Orb Walker","floor":36,"turns":3},{"damage":41,"enemies":"3 Darklings","floor":41,"turns":6},{"damage":32,"enemies":"Spire Growth","floor":42,"turns":5},{"damage":16,"enemies":"Transient","floor":46,"turns":5},{"damage":20,"enemies":"Sphere and 2 Shapes","floor":48,"turns":2}],"seed_played":"8275625901544455160","potions_obtained":[{"floor":7,"key":"blueLaboratory:BubblePotion"},{"floor":16,"key":"Milkshake"},{"floor":23,"key":"blueLaboratory:ExaltedPotion"},{"floor":33,"key":"blueLaboratory:HummingbirdPotion"},{"floor":42,"key":"blueLaboratory:ImpenetrablePotion"}],"is_trial":false,"path_per_floor":["M","?","?","$","M","R","E","R","T","R","M","$","M","M","R","B",null,"M","?","?","?","$","E","M","R","T","M","M","$","M","$","R","B",null,"M","M","?","?","T","R","M","M","T","R","AVR","M","$","M"],"character_chosen":"THE_SILENT","items_purchased":["Dodge and Roll","Guide Book","StuffTheSpire:HeavyRock","Footwork","StuffTheSpire:GrapeVine"],"campfire_rested":4,"item_purchase_floors":[0,12,29,47,47],"current_hp_per_floor":[33,33,22,22,22,41,45,45,45,45,45,45,46,46,46,25,56,51,51,51,51,51,40,30,30,30,27,27,27,19,19,38,10,52,19,19,19,19,19,38,27,3,3,22,22,8,8,0,0],"gold":5,"neow_bonus":"","is_daily":false,"chose_seed":false,"campfire_upgraded":5,"win_rate":0.0,"timestamp":1608583777,"path_taken":["M","?","?","?","M","R","E","R","T","R","?","$","M","M","R","BOSS","M","?","?","?","?","E","M","R","T","M","?","$","M","?","R","BOSS","M","M","?","?","?","R","M","M","T","R","AVR","M","$","M"],"items_purchased_type":["Card","Relic","Relic","Card","Relic"],"build_version":"2020-12-13","purchased_purges":4,"victory":false,"max_hp_per_floor":[66,66,66,66,66,66,66,66,66,66,66,66,66,66,66,66,66,66,66,66,66,66,66,66,66,66,66,66,66,66,66,66,66,66,66,66,66,66,66,66,66,66,66,66,66,66,66,66,66],"card_choices":[{"not_picked":["Sucker Punch","Dodge and Roll"],"picked":"StuffTheSpire:Injection","floor":1},{"not_picked":["StuffTheSpire:BrimstoneBlast","Backflip"],"picked":"Backstab","floor":5},{"not_picked":["Unload","Setup"],"picked":"InfectiousVector","floor":7},{"not_picked":["Acrobatics","ShadowRift"],"picked":"Noxious Fumes","floor":11},{"not_picked":["StuffTheSpire:Python","Blade Dance","ReplayTheSpireMod:The Works"],"picked":"SKIP","floor":13},{"not_picked":["StuffTheSpire:Incursion","Predator","StuffTheSpire:Injection"],"picked":"SKIP","floor":14},{"not_picked":["Wraith Form v2","Venomology"],"picked":"jedi:studypoison","floor":16},{"not_picked":["Sucker Punch","jedi:poisonivy"],"picked":"Dodge and Roll","floor":18},{"not_picked":["StuffTheSpire:BrimstoneBlast","Blade Dance","Deadly Poison"],"picked":"SKIP","floor":23},{"not_picked":["Masterful Stab","StuffTheSpire:Python","Dash"],"picked":"SKIP","floor":24},{"not_picked":["Dagger Throw","Bane","Sucker Punch"],"picked":"SKIP","floor":27},{"not_picked":["StuffTheSpire:BumpUp","Distraction+1","Masterful Stab+1"],"picked":"SKIP","floor":28},{"not_picked":["Riddle With Holes","Caltrops","Terror"],"picked":"SKIP","floor":30},{"not_picked":["Tools of the Trade","Envenom"],"picked":"jedi:brewingpoison","floor":33},{"not_picked":["Replay:Poison Smokescreen","StuffTheSpire:Sprint+1"],"picked":"Deadly Poison","floor":35},{"not_picked":["StuffTheSpire:Python","StuffTheSpire:BrimstoneBlast","Quick Slash"],"picked":"SKIP","floor":36},{"not_picked":["Outmaneuver+1","Flying Knee","StuffTheSpire:Fury"],"picked":"SKIP","floor":41},{"not_picked":["Dagger Throw+1","Slice","Eviscerate+1"],"picked":"SKIP","floor":42},{"not_picked":["Choke","StuffTheSpire:ClusterCrunch","Flying Knee+1"],"picked":"SKIP","floor":46}],"player_experience":920344,"relics_obtained":[{"floor":2,"key":"SpikesRelics:ToyHorsey"},{"floor":7,"key":"Mirror"},{"floor":9,"key":"trackpad:Mousetrap"},{"floor":19,"key":"Happy Flower"},{"floor":23,"key":"Replay:Arrowhead"},{"floor":26,"key":"trackpad:CultistFigurine"},{"floor":39,"key":"Blue Candle"},{"floor":43,"key":"infinitespire:Broken Mirror"}],"event_choices":[{"damage_healed":0,"gold_gain":75,"player_choice":"Gold","damage_taken":11,"max_hp_gain":0,"max_hp_loss":0,"event_name":"betterThird:BetterGoop","floor":3,"gold_loss":0},{"damage_healed":0,"gold_gain":0,"player_choice":"Read","damage_taken":0,"max_hp_gain":0,"max_hp_loss":0,"event_name":"The Library","floor":21,"gold_loss":0,"cards_obtained":["Terror"]},{"damage_healed":0,"gold_gain":0,"player_choice":"Ignored","damage_taken":0,"max_hp_gain":0,"max_hp_loss":0,"event_name":"Tomb of Lord Red Mask","floor":37,"gold_loss":0},{"damage_healed":0,"gold_gain":0,"player_choice":"Ignored","damage_taken":0,"max_hp_gain":0,"max_hp_loss":0,"event_name":"Mysterious Sphere","floor":38,"gold_loss":0}],"is_beta":false,"boss_relics":[{"not_picked":["HoveringKite","StuffTheSpire:ModemDavis","Replay:Grab Bag"]},{"not_picked":["Sandwich","WristBlade"],"picked":"Velvet Choker"}],"items_purged_floors":[0,4,22,45],"is_endless":false,"potions_floor_spawned":[7,16,23,24,30,33,42,46],"killed_by":"Sphere and 2 Shapes","ascension_level":15}}