{"host":"hfxp6ue4pvwo3fit","time":1608513535,"event":{"mods":["AchievementEnabler","BaseMod","Colored Map","Colored Powertips","Highlight Path","Minty Spire (QoL Compilation)","StSLib","SuperFastMode"],"gold_per_floor":[117,131,131,131,14,44,44,75,102,112,112,123,123,143,143,216,216,230,244,261,279,279,299,299],"floor_reached":23,"playtime":596,"items_purged":[],"score":456,"play_id":"2f93d25b-9ade-48c8-9a5c-8677480d3292","local_time":"20201220191855","is_ascension_mode":true,"campfire_choices":[{"data":"Bash","floor":7,"key":"SMITH"},{"data":"Limit Break","floor":11,"key":"SMITH"},{"data":"Disarm","floor":13,"key":"SMITH"},{"data":"True Grit","floor":15,"key":"SMITH"}],"circlet_count":0,"master_deck":["AscendersBane","Strike_R","Strike_R","Strike_R+1","Strike_R+1","Strike_R","Defend_R","Defend_R","Defend_R","Defend_R","Bash+1","Perfected Strike+1","Shrug It Off","Dropkick","Disarm+1","Limit Break+1","Twin Strike","Metallicize","True Grit+1","Corruption","Battle Trance","Dual Wield"],"relics":["Burning Blood","NeowsBlessing","Red Skull","Lantern","Whetstone","Akabeko","SlaversCollar","Nilry\u0027s Codex"],"acts_visited":["Exordium","TheCity"],"potions_floor_usage":[14,16,18,20,23,23],"damage_taken":[{"damage":0,"enemies":"Cultist","floor":1,"turns":1},{"damage":0,"enemies":"2 Louse","floor":2,"turns":1},{"damage":0,"enemies":"Gremlin Nob","floor":6,"turns":1},{"damage":18,"enemies":"Lagavulin","floor":8,"turns":5},{"damage":0,"enemies":"Jaw Worm","floor":10,"turns":1},{"damage":3,"enemies":"Looter","floor":12,"turns":2},{"damage":0,"enemies":"3 Louse","floor":14,"turns":3},{"damage":16,"enemies":"The Guardian","floor":16,"turns":10},{"damage":20,"enemies":"Chosen","floor":18,"turns":5},{"damage":32,"enemies":"Spheric Guardian","floor":19,"turns":6},{"damage":36,"enemies":"3 Cultists","floor":20,"turns":6},{"damage":0,"enemies":"Centurion and Healer","floor":21,"turns":5},{"damage":7,"enemies":"Slavers","floor":23,"turns":1}],"seed_played":"-3691612653477458572","potions_obtained":[{"floor":2,"key":"Fruit Juice"},{"floor":10,"key":"Strength Potion"},{"floor":14,"key":"BloodPotion"},{"floor":16,"key":"AttackPotion"},{"floor":18,"key":"FearPotion"},{"floor":20,"key":"ColorlessPotion"}],"is_trial":false,"path_per_floor":["M","M","?","?","$","E","R","E","T","M","R","M","R","M","R","B",null,"M","M","M","M","?","E"],"character_chosen":"IRONCLAD","items_purchased":["Dropkick","Disarm"],"campfire_rested":0,"item_purchase_floors":[5,5],"current_hp_per_floor":[74,75,49,49,49,55,55,43,43,49,49,52,52,63,63,53,73,59,33,19,25,4,0,0],"gold":299,"neow_bonus":"THREE_ENEMY_KILL","is_daily":false,"chose_seed":false,"campfire_upgraded":4,"win_rate":0.0,"timestamp":1608513535,"path_taken":["M","M","?","?","$","E","R","E","T","M","R","M","R","M","R","BOSS","M","?","M","M","?","E"],"items_purchased_type":["Card","Card"],"build_version":"2020-12-13","purchased_purges":0,"victory":false,"max_hp_per_floor":[75,75,75,75,75,75,75,75,75,75,75,75,75,80,80,80,80,80,80,80,80,80,80,80],"card_choices":[{"not_picked":["Warcry","Sever Soul"],"picked":"Perfected Strike","floor":1},{"not_picked":["True Grit","Hemokinesis"],"picked":"Shrug It Off","floor":2},{"not_picked":["Hemokinesis","Armaments"],"picked":"Limit Break","floor":6},{"not_picked":["Warcry","Evolve"],"picked":"Twin Strike","floor":8},{"not_picked":["Cleave","Twin Strike"],"picked":"Metallicize","floor":10},{"not_picked":["Havoc","Combust","Anger"],"picked":"SKIP","floor":12},{"not_picked":["Fire Breathing","Body Slam"],"picked":"True Grit","floor":14},{"not_picked":["Brutality","Bludgeon"],"picked":"Corruption","floor":16},{"not_picked":["Wild Strike","Second Wind"],"picked":"Battle Trance","floor":18},{"not_picked":["Havoc","Armaments","Wild Strike"],"picked":"SKIP","floor":19},{"not_picked":["Reckless Charge","Twin Strike"],"picked":"Dual Wield","floor":20},{"not_picked":["Anger","Iron Wave","Perfected Strike"],"picked":"SKIP","floor":21}],"player_experience":403201,"relics_obtained":[{"floor":6,"key":"Lantern"},{"floor":8,"key":"Whetstone"},{"floor":9,"key":"Akabeko"},{"floor":22,"key":"Nilry\u0027s Codex"}],"event_choices":[{"damage_healed":0,"gold_gain":0,"player_choice":"Success","damage_taken":26,"relics_obtained":["Red Skull"],"max_hp_gain":0,"max_hp_loss":0,"event_name":"Scrap Ooze","floor":3,"gold_loss":0},{"damage_healed":0,"gold_gain":0,"player_choice":"Forge","damage_taken":0,"max_hp_gain":0,"max_hp_loss":0,"event_name":"Accursed Blacksmith","floor":4,"gold_loss":0,"cards_upgraded":["Perfected Strike"]},{"damage_healed":0,"gold_gain":0,"player_choice":"Obtained Book","damage_taken":21,"max_hp_gain":0,"max_hp_loss":0,"event_name":"Cursed Tome","floor":22,"gold_loss":0}],"is_beta":false,"boss_relics":[{"not_picked":["Tiny House","Black Blood"],"picked":"SlaversCollar"}],"items_purged_floors":[],"is_endless":false,"potions_floor_spawned":[2,10,14,16,18,20],"killed_by":"Slavers","ascension_level":20}}