{"host":"2lo6hma6kymb0g9i","time":1608536453,"event":{"mods":["BaseMod","Colored Map","DeckTracker","Minty Spire (QoL Compilation)"],"gold_per_floor":[118,118,132,144,57,88,38,54,80,30,41,70,85,95,95,173,173,185,185,135,146,156,156,188,207,207,207,132,143,177,127,127,201,201,214,164,181,235,535,561,468,498,498,516,535,535,560,570,570,570],"floor_reached":51,"playtime":4093,"items_purged":["Strike_G","Strike_G","Strike_G","Defend_G","Defend_G","Defend_G","Defend_G"],"score":1515,"play_id":"9fa23d37-4a7b-40e9-9f0b-055fa12daede","local_time":"20201221164053","is_ascension_mode":true,"campfire_choices":[{"data":"Phantasmal Killer","floor":15,"key":"SMITH"},{"floor":23,"key":"REST"},{"floor":27,"key":"REST"},{"floor":32,"key":"REST"},{"data":"Adrenaline","floor":46,"key":"SMITH"},{"floor":49,"key":"REST"}],"circlet_count":0,"master_deck":["AscendersBane","Survivor","Neutralize+1","Dagger Throw+1","Blade Dance+1","Backflip+1","Backstab","Phantasmal Killer+1","Dagger Throw+1","Eviscerate","Underhanded Strike","Deflect","Grand Finale","Footwork","Expertise","Adrenaline+1","Prepared","Prepared+1","Deflect","Flechettes","Noxious Fumes+1","PiercingWail"],"relics":["Ring of the Snake","Smiling Mask","Pen Nib","Omamori","Ancient Tea Set","Empty Cage","WarpedTongs","Lantern","Whetstone","War Paint","Runic Pyramid","FossilizedHelix","Ice Cream","Vajra","Ornamental Fan","Centennial Puzzle"],"acts_visited":["Exordium","TheCity","TheBeyond"],"potions_floor_usage":[6,6,16,16,25,30,38,38],"damage_taken":[{"damage":3,"enemies":"Jaw Worm","floor":1,"turns":5},{"damage":0,"enemies":"Cultist","floor":3,"turns":3},{"damage":0,"enemies":"Small Slimes","floor":4,"turns":2},{"damage":7,"enemies":"3 Sentries","floor":6,"turns":5},{"damage":1,"enemies":"Red Slaver","floor":8,"turns":3},{"damage":1,"enemies":"3 Louse","floor":11,"turns":3},{"damage":8,"enemies":"Gremlin Nob","floor":12,"turns":3},{"damage":10,"enemies":"Gremlin Gang","floor":13,"turns":5},{"damage":0,"enemies":"Large Slime","floor":14,"turns":2},{"damage":28,"enemies":"Slime Boss","floor":16,"turns":8},{"damage":4,"enemies":"2 Thieves","floor":18,"turns":3},{"damage":0,"enemies":"Chosen","floor":21,"turns":2},{"damage":21,"enemies":"Shelled Parasite and Fungi","floor":22,"turns":5},{"damage":23,"enemies":"Gremlin Leader","floor":24,"turns":5},{"damage":4,"enemies":"Centurion and Healer","floor":25,"turns":5},{"damage":14,"enemies":"Snake Plant","floor":29,"turns":3},{"damage":3,"enemies":"Book of Stabbing","floor":30,"turns":2},{"damage":34,"enemies":"Automaton","floor":33,"turns":8},{"damage":9,"enemies":"3 Darklings","floor":35,"turns":4},{"damage":0,"enemies":"Orb Walker","floor":37,"turns":2},{"damage":3,"enemies":"2 Orb Walkers","floor":38,"turns":2},{"damage":0,"enemies":"Nemesis","floor":40,"turns":5},{"damage":0,"enemies":"Reptomancer","floor":42,"turns":2},{"damage":0,"enemies":"4 Shapes","floor":44,"turns":3},{"damage":0,"enemies":"Spire Growth","floor":45,"turns":2},{"damage":0,"enemies":"Sphere and 2 Shapes","floor":48,"turns":2},{"damage":19,"enemies":"Time Eater","floor":50,"turns":5}],"seed_played":"2408330081073279919","potions_obtained":[{"floor":1,"key":"Ancient Potion"},{"floor":3,"key":"SteroidPotion"},{"floor":11,"key":"ColorlessPotion"},{"floor":12,"key":"SteroidPotion"},{"floor":21,"key":"Strength Potion"},{"floor":22,"key":"EssenceOfSteel"},{"floor":33,"key":"DistilledChaos"},{"floor":35,"key":"AttackPotion"},{"floor":45,"key":"FearPotion"},{"floor":48,"key":"GamblersBrew"}],"is_trial":false,"path_per_floor":["M","?","M","M","$","E","$","M","T","$","M","E","M","M","R","B",null,"M","?","$","M","M","R","E","M","T","R","?","M","E","$","R","B",null,"M","$","M","?","?","E","$","E","T","M","M","R","T","M","R","B",null],"character_chosen":"THE_SILENT","items_purchased":["Backstab","Flechettes"],"campfire_rested":4,"item_purchase_floors":[5,41],"current_hp_per_floor":[56,56,56,56,56,49,49,48,48,48,47,39,29,29,29,1,50,46,46,46,46,25,44,21,17,17,36,36,22,19,19,38,4,51,42,42,42,39,39,39,39,39,39,39,39,39,39,39,58,39],"gold":570,"neow_bonus":"RANDOM_COMMON_RELIC","is_daily":false,"chose_seed":false,"campfire_upgraded":2,"win_rate":0.0,"timestamp":1608536453,"path_taken":["M","?","M","?","?","E","$","M","T","$","M","E","M","M","R","BOSS","M","?","$","?","M","R","E","M","T","R","?","?","E","$","R","BOSS","M","$","M","?","?","E","$","E","T","?","M","R","?","M","R","BOSS"],"items_purchased_type":["Card","Card"],"build_version":"2020-12-13","purchased_purges":7,"victory":true,"max_hp_per_floor":[66,66,66,66,66,66,66,66,66,66,66,66,66,66,66,66,66,66,66,66,66,66,66,66,66,66,66,66,66,66,66,66,66,66,66,66,66,66,66,66,66,66,66,66,66,66,66,66,66,66],"card_choices":[{"not_picked":["PiercingWail","Accuracy"],"picked":"Dagger Throw","floor":1},{"not_picked":["Escape Plan","Deflect"],"picked":"Blade Dance","floor":3},{"not_picked":["Flying Knee","Calculated Gamble"],"picked":"Backflip","floor":4},{"not_picked":["Sucker Punch","Leg Sweep"],"picked":"Phantasmal Killer","floor":6},{"not_picked":["Bane","Leg Sweep","Slice"],"picked":"SKIP","floor":8},{"not_picked":["Outmaneuver","Acrobatics"],"picked":"Dagger Throw","floor":11},{"not_picked":["Envenom","Finisher"],"picked":"Eviscerate","floor":12},{"not_picked":["Slice","Choke"],"picked":"Underhanded Strike","floor":13},{"not_picked":["Backflip","Underhanded Strike"],"picked":"Deflect","floor":14},{"not_picked":["Die Die Die","Unload"],"picked":"Grand Finale","floor":16},{"not_picked":["Underhanded Strike+1","Endless Agony","Dagger Throw"],"picked":"SKIP","floor":18},{"not_picked":["Dodge and Roll","Acrobatics"],"picked":"Footwork","floor":21},{"not_picked":["Flechettes","Slice","Bane"],"picked":"SKIP","floor":22},{"not_picked":["PiercingWail","Dodge and Roll","Poisoned Stab"],"picked":"SKIP","floor":24},{"not_picked":["Poisoned Stab","Bullet Time","Deadly Poison"],"picked":"SKIP","floor":25},{"not_picked":["Backflip","Crippling Poison+1"],"picked":"Expertise","floor":29},{"not_picked":["Dagger Spray","Caltrops","Accuracy"],"picked":"SKIP","floor":30},{"not_picked":["Wraith Form v2","Bullet Time"],"picked":"Adrenaline","floor":33},{"not_picked":["Finisher","Distraction"],"picked":"Prepared","floor":35},{"not_picked":["Endless Agony+1","Deadly Poison+1"],"picked":"Prepared+1","floor":37},{"not_picked":["Slice","Endless Agony"],"picked":"Deflect","floor":40},{"not_picked":["Dash","Setup+1","Dagger Spray+1"],"picked":"SKIP","floor":42},{"not_picked":["Concentrate","Bane"],"picked":"Noxious Fumes+1","floor":44},{"not_picked":["Slice","Corpse Explosion","Bouncing Flask"],"picked":"SKIP","floor":45},{"not_picked":["Flechettes","Poisoned Stab+1"],"picked":"PiercingWail","floor":48}],"player_experience":853610,"relics_obtained":[{"floor":6,"key":"Pen Nib"},{"floor":9,"key":"Omamori"},{"floor":12,"key":"Ancient Tea Set"},{"floor":24,"key":"Lantern"},{"floor":26,"key":"Whetstone"},{"floor":30,"key":"War Paint"},{"floor":38,"key":"FossilizedHelix"},{"floor":40,"key":"Ice Cream"},{"floor":42,"key":"Vajra"},{"floor":43,"key":"Ornamental Fan"},{"floor":47,"key":"Centennial Puzzle"}],"event_choices":[{"damage_healed":0,"gold_gain":0,"player_choice":"Upgraded","damage_taken":0,"max_hp_gain":0,"max_hp_loss":0,"event_name":"Upgrade Shrine","floor":2,"gold_loss":0,"cards_upgraded":["Neutralize"]},{"damage_healed":0,"gold_gain":0,"player_choice":"Rummage","damage_taken":0,"relics_obtained":["WarpedTongs"],"max_hp_gain":0,"max_hp_loss":0,"event_name":"Accursed Blacksmith","floor":19,"gold_loss":0,"cards_obtained":["Pain"]},{"cards_removed":["Defend_G"],"damage_healed":0,"gold_gain":0,"player_choice":"Single Remove","damage_taken":0,"max_hp_gain":0,"max_hp_loss":0,"event_name":"Designer","floor":28,"gold_loss":75},{"damage_healed":0,"gold_gain":0,"player_choice":"Fight","damage_taken":0,"max_hp_gain":0,"max_hp_loss":0,"event_name":"Mysterious Sphere","floor":38,"gold_loss":0},{"damage_healed":0,"gold_gain":300,"player_choice":"Gold","damage_taken":0,"max_hp_gain":0,"max_hp_loss":0,"event_name":"Wheel of Change","floor":39,"gold_loss":0}],"is_beta":false,"boss_relics":[{"not_picked":["Philosopher\u0027s Stone","Sozu"],"picked":"Empty Cage"},{"not_picked":["Tiny House","Calling Bell"],"picked":"Runic Pyramid"}],"items_purged_floors":[5,7,10,20,31,36,41],"is_endless":false,"potions_floor_spawned":[1,3,4,11,12,21,22,24,33,35,37,45,48],"ascension_level":18}}