{"host":"wkk5enod093i5auu","time":1608531078,"event":{"mods":["Act Like it!","BaseMod","Decade(王小明)","Gensokyo","Koishi","Marisa（F雨　魔理沙）","Minty Spire (QoL Compilation)","Remilia（蕾米莉亚）","Replay The Spire","Spicy Shops","StSLib","The Animator","The Hierophant","The Servant 0.9.4","Youmu（魂魄妖梦）","Yuyuko"],"gold_per_floor":[115,115,132,132,143,171,204,238,308,355,387,414,414,460,460,576,576,600,177,177,209,233,282,45,82,114,114,164,217,0,56,56,183,242,276,1293,1327,798,846,903,935,970,1050,1050,1059,1118,1143,734,734,863,863,863],"floor_reached":51,"playtime":3731,"items_purged":["CherryBlossomSword","CherryBlossomSword","Normality","CherryBlossomSword"],"score":1502,"play_id":"b86e4264-17eb-4a1f-af7f-bd4cf963cabc","local_time":"20201221141118","daily_mods":["Draft","Specialized","Vintage","Heirloom","Time Dilation","DeadlyEvents","Elite Swarm"],"is_ascension_mode":true,"campfire_choices":[{"data":"CherryBlossomSword","floor":13,"key":"SMITH"},{"data":"IrresoluteSoul","floor":27,"key":"SMITH"},{"data":"AsuraSword","floor":32,"key":"SMITH"},{"data":"HiganSword","floor":44,"key":"SMITH"},{"data":"HeavenGodSword","floor":49,"key":"SMITH"}],"circlet_count":0,"master_deck":["CherryBlossomSword+1","CherryBlossomSword+1","SlashOfMeditation","SlashOfDepartureFromHesitation","CrescentMoonSlash","CherryBlossomFlashing","HeartExcerptSlash","SuddenPhantomFormationSlashOfKarmicWind","SanzenSekai","SpiritMediumsBind+1","FiveSignsOfTheDyingDeva+1","LightFlashOfTheNetherworld","RapidSlash+1","ThoughtCuttingSword","HumanKnowledgeSword","SlashOfSaigyouSpringWind+1","IrresoluteSoul+1","SuddenDivineSeveringOfKarmicWind+1","HeavenGodSword+1","SlashOfTheEternalFuture","MatsuyoiReflectingSatelliteSlash+1","HellFireSword","Regret","Pot Of Greed","Pot Of Greed","Pot Of Greed","GreatEnlightenmentAppearingAndDisappearing","FiveSignsOfTheDyingDeva+1","Injury","WickedSoul","ASingleThoughtAndInfiniteKalpas","AsuraSword+1","FastingOfTheYoungPreta","HiganSword+1","Normality","ReplayTheSpireMod:Brewmster+1","Pot Of Greed","Madness+1","HumanRealmSword+1","AsuraSword+1","Looming Evil","Gensokyo:ImpossibleRequest","HellRealmSword+1","BizarrenessOfSixRealms+1"],"relics":["HalfPhantom","Mango","ScarletDevilRocket","Happy Flower","Ginger","Gensokyo:Justice","Pet Ghost","Blue Doll","Replay:Bandana","PreservedInsect","InkBottle","Pantograph","War Paint","Eternal Feather","Akabeko","Cursed Key","Durian","Membership Card","Replay:Rubber Ducky","Replay:Bottled Eggs","Gensokyo:ConquerorOfFear","Replay:Ringing Soul","Grinning Jar","ReplayTheSpireMod:TigerMarble","ReplayFunnel","Replay:Baseball","Chemical X","CeramicFish","Art of War","Garlic","Prayer Wheel","Replay:Wax Seal","Whetstone","ChestCloth","HornCleat","Tiny House","Kunai","Darkstone Periapt","Golden Egg","Chameleon Ring","Gremlin Horn","Boot","Roukanken","Pen Nib","StoneCalendar","Bottled Flame","MealTicket","Gremlin Food","Centennial Puzzle","BargainBundle","Potion Belt","ReplayTheSpireMod:Ninjato","Bottled Tornado","Honey Jar"],"acts_visited":["Gensokyo:Gensokyo","Gensokyo:Gensokyoer","TheBeyond","Gensokyo:Gensokyo"],"potions_floor_usage":[8,50,50],"damage_taken":[{"damage":0,"enemies":"Gensokyo:Python","floor":1,"turns":3},{"damage":0,"enemies":"Gensokyo:2_Kodama","floor":3,"turns":2},{"damage":0,"enemies":"Gensokyo:3_Fairies","floor":5,"turns":2},{"damage":13,"enemies":"Gensokyo:Mamizou","floor":6,"turns":6},{"damage":6,"enemies":"Gensokyo:Cirno","floor":7,"turns":5},{"damage":19,"enemies":"Gensokyo:Mamizou","floor":8,"turns":8},{"damage":4,"enemies":"Gensokyo:Cirno","floor":10,"turns":4},{"damage":7,"enemies":"Gensokyo:2_Rabbits","floor":11,"turns":2},{"damage":0,"enemies":"Gensokyo:LivingMonolith","floor":12,"turns":1},{"damage":12,"enemies":"Gensokyo:Aya","floor":14,"turns":3},{"damage":32,"enemies":"Gensokyo:Kokoro","floor":16,"turns":9},{"damage":11,"enemies":"Gensokyo:AngelMirror","floor":18,"turns":2},{"damage":0,"enemies":"Gensokyo:2_Gloops","floor":21,"turns":3},{"damage":0,"enemies":"Gensokyo:Tenshi","floor":23,"turns":1},{"damage":4,"enemies":"Gensokyo:Mirror_and_Dog","floor":25,"turns":2},{"damage":0,"enemies":"Gensokyo:Reisen","floor":28,"turns":2},{"damage":3,"enemies":"Gensokyo:Koishi","floor":29,"turns":3},{"damage":0,"enemies":"Gensokyo:Reisen","floor":31,"turns":2},{"damage":12,"enemies":"Gensokyo:Eternal_Rivals","floor":33,"turns":5},{"damage":1,"enemies":"3 Darklings","floor":35,"turns":1},{"damage":7,"enemies":"3 Shapes","floor":37,"turns":2},{"damage":4,"enemies":"Maw","floor":39,"turns":3},{"damage":0,"enemies":"R_Hoarder","floor":40,"turns":2},{"damage":10,"enemies":"Spire Growth","floor":41,"turns":3},{"damage":2,"enemies":"Nemesis","floor":42,"turns":1},{"damage":0,"enemies":"R_Hoarder","floor":46,"turns":2},{"damage":6,"enemies":"4 Shapes","floor":47,"turns":1},{"damage":2,"enemies":"Donu and Deca","floor":50,"turns":4}],"seed_played":"1948057744858911764","potions_obtained":[{"floor":1,"key":"Dexterity Potion"},{"floor":5,"key":"Languid Potion"},{"floor":7,"key":"Regen Potion"},{"floor":12,"key":"Swift Potion"},{"floor":14,"key":"CausticAgent"},{"floor":34,"key":"Toxic Potion"},{"floor":41,"key":"DistilledChaos"}],"is_trial":true,"path_per_floor":["M","?","M","?","M","E","E","E","T","E","M","M","R","E","R","B",null,"M","$","?","M","T","E","$","M","T","R","E","E","$","E","R","B",null,"M","?","M","$","M","E","M","E","T","R","T","E","M","$","R","B",null],"character_chosen":"YOUMU","items_purchased":["Membership Card","Replay:Rubber Ducky","Replay:Bottled Eggs","HellFireSword","FairyPotion","ReplayFunnel","FiveSignsOfTheDyingDeva","Replay:Baseball","Chemical X","Replay:Wax Seal","Whetstone","ChestCloth","ReplayTheSpireMod:Brewmster+1","Golden Egg","Madness","HumanRealmSword","Chameleon Ring","Gremlin Horn","BargainBundle","Potion Belt","PowerPotion","ReplayTheSpireMod:Ninjato","Bottled Tornado","BizarrenessOfSixRealms+1","ColorlessPotion"],"campfire_rested":0,"item_purchase_floors":[19,19,19,19,19,24,24,24,24,30,30,30,38,38,38,38,38,38,48,48,48,48,48,48,48],"current_hp_per_floor":[89,89,89,89,89,76,70,66,66,62,55,55,67,55,89,57,89,83,83,83,83,86,89,92,88,91,106,109,109,109,112,115,106,126,125,128,121,124,120,123,113,111,120,144,153,156,150,159,159,157,159,159],"gold":863,"neow_bonus":"","is_daily":false,"chose_seed":false,"campfire_upgraded":5,"win_rate":0.0,"timestamp":1608531078,"path_taken":["M","?","M","?","M","E","?","E","T","E","?","M","R","E","R","BOSS","M","?","?","?","?","E","$","M","T","R","E","?","?","E","R","BOSS","M","?","M","$","?","E","M","E","T","R","?","E","M","$","R","BOSS"],"items_purchased_type":["Relic","Relic","Relic","Card","Potion","Relic","Card","Relic","Relic","Relic","Relic","Relic","Card","Relic","Card","Card","Relic","Relic","Relic","Relic","Potion","Relic","Relic","Card","Potion"],"build_version":"2020-12-13","purchased_purges":4,"victory":false,"max_hp_per_floor":[89,89,89,89,89,89,89,89,89,89,89,89,89,89,89,89,89,94,94,94,94,97,100,103,103,106,106,109,112,112,115,115,118,126,126,129,129,132,132,135,135,135,144,144,153,156,156,159,159,159,159,159],"card_choices":[{"not_picked":["LowerRealmReflectionSlash","FlashingScatteredFlowers"],"picked":"FantasyOfEnteringEnlightenment","floor":0},{"not_picked":["DispleasureOfTheSevenHakus","AsTheSilentNirvana"],"picked":"SlashOfMeditation","floor":0},{"not_picked":["SlashOfMeditation","FourBirthsSword"],"picked":"SlashOfDepartureFromHesitation","floor":0},{"not_picked":["AsTheSilentNirvana","PhosphoricSlash"],"picked":"ThoughtCuttingSword","floor":0},{"not_picked":["ThreeKonsSevenHakus","SlashOfDelusionalInnerEye"],"picked":"CrescentMoonSlash","floor":0},{"not_picked":["LightFlashOfTheNetherworld","TwoHundredYojanaInOneSlash"],"picked":"CherryBlossomFlashing","floor":0},{"not_picked":["DispleasureOfTheSevenHakus","FlashingScatteredFlowers"],"picked":"HeartExcerptSlash","floor":0},{"not_picked":["TwoHundredYojanaInOneSlash","SpiritCuttingSword"],"picked":"SuddenPhantomFormationSlashOfKarmicWind","floor":0},{"not_picked":["TwoHundredYojanaInOneSlash","LifeCuttingSword"],"picked":"SanzenSekai","floor":0},{"not_picked":["ThreeKonsSevenHakus","PreachingAvici"],"picked":"SpiritMediumsBind","floor":0},{"not_picked":["DoubleWheelOfPain","ThreeKonsSevenHakus"],"picked":"FiveSignsOfTheDyingDeva","floor":0},{"not_picked":["CrescentMoonSlash","SpiritCuttingSword"],"picked":"LightFlashOfTheNetherworld","floor":0},{"not_picked":["TenKingsRetributionOnThePreta","FlashingScatteredFlowers"],"picked":"RapidSlash","floor":0},{"not_picked":["LowerRealmReflectionSlash","FlashingScatteredFlowers"],"picked":"ThoughtCuttingSword","floor":0},{"not_picked":["LowerRealmReflectionSlash","TwoHundredYojanaInOneSlash"],"picked":"HumanKnowledgeSword","floor":0},{"not_picked":["DeadlyForm","FastingOfTheYoungPreta"],"picked":"SlashOfSaigyouSpringWind","floor":6},{"not_picked":["CelestialStarSword","GreatEnlightenmentAppearingAndDisappearing"],"picked":"IrresoluteSoul","floor":7},{"not_picked":["CherryBlossomSword","ReincarnationSword"],"picked":"SuddenDivineSeveringOfKarmicWind","floor":8},{"not_picked":["CherryBlossomSword","IrresoluteSoul"],"picked":"HeavenGodSword","floor":10},{"not_picked":["DeadlyForm","CherryBlossomSword"],"picked":"SlashOfTheEternalFuture","floor":14},{"not_picked":["ReincarnationSword","IrresoluteSoul"],"picked":"MatsuyoiReflectingSatelliteSlash","floor":16},{"not_picked":["CherryBlossomSword","SlashOfTheEternalFuture"],"picked":"GreatEnlightenmentAppearingAndDisappearing","floor":23},{"not_picked":["DeadlyForm","CherryBlossomSword"],"picked":"WickedSoul","floor":28},{"not_picked":["HeavenSword","SlashOfSaigyouSpringWind"],"picked":"ASingleThoughtAndInfiniteKalpas","floor":29},{"not_picked":["HeavenGodSword","StrangeHalfBody"],"picked":"AsuraSword","floor":31},{"not_picked":["SlashOfSaigyouSpringWind","HeavenGodSword"],"picked":"FastingOfTheYoungPreta","floor":33},{"not_picked":["SpiritCuttingSword","TurningAngelCut+1"],"picked":"HiganSword","floor":34},{"not_picked":["CelestialStarSword","HeavenSword"],"picked":"AsuraSword","floor":40},{"not_picked":["DeadlyForm","CherryBlossomSword","StrangeHalfBody"],"picked":"SKIP","floor":42},{"not_picked":["CelestialStarSword","FastingOfTheYoungPreta"],"picked":"HellRealmSword","floor":46}],"player_experience":117224,"relics_obtained":[{"floor":1,"key":"ScarletDevilRocket"},{"floor":3,"key":"Ginger"},{"floor":5,"key":"Pet Ghost"},{"floor":6,"key":"Blue Doll"},{"floor":7,"key":"Replay:Bandana"},{"floor":8,"key":"PreservedInsect"},{"floor":9,"key":"InkBottle"},{"floor":10,"key":"Pantograph"},{"floor":11,"key":"War Paint"},{"floor":12,"key":"Eternal Feather"},{"floor":14,"key":"Akabeko"},{"floor":18,"key":"Durian"},{"floor":21,"key":"Gensokyo:ConquerorOfFear"},{"floor":21,"key":"Replay:Ringing Soul"},{"floor":22,"key":"Grinning Jar"},{"floor":23,"key":"ReplayTheSpireMod:TigerMarble"},{"floor":25,"key":"CeramicFish"},{"floor":26,"key":"Art of War"},{"floor":28,"key":"Garlic"},{"floor":29,"key":"Prayer Wheel"},{"floor":31,"key":"HornCleat"},{"floor":35,"key":"Kunai"},{"floor":37,"key":"Darkstone Periapt"},{"floor":39,"key":"Boot"},{"floor":40,"key":"Roukanken"},{"floor":41,"key":"Pen Nib"},{"floor":42,"key":"StoneCalendar"},{"floor":43,"key":"Bottled Flame"},{"floor":45,"key":"MealTicket"},{"floor":46,"key":"Gremlin Food"},{"floor":47,"key":"Centennial Puzzle"}],"event_choices":[{"damage_healed":0,"gold_gain":999,"player_choice":"Gold","damage_taken":0,"max_hp_gain":0,"max_hp_loss":0,"event_name":"MindBloom","floor":36,"gold_loss":0,"cards_obtained":["Normality","Normality"]}],"is_beta":false,"boss_relics":[{"not_picked":["Replay:Wanted Poster","Calling Bell"],"picked":"Cursed Key"},{"not_picked":["ReplayTheSpireMod:DimensionalGlitch","Snecko Heart"],"picked":"Tiny House"},{"not_picked":["Replay:Bronze Core","Replay:Ancient Bell"],"picked":"Honey Jar"}],"items_purged_floors":[19,30,38,48],"is_endless":true,"potions_floor_spawned":[1,5,7,12,14,18,21,31,35,37,41,42,46],"ascension_level":1}}