{"host":"ix2a18c4ohfsrslv","time":1608510002,"event":{"mods":["BaseMod","Better Third Choice","Downfall","Halation","Marisa????????","Minty Spire (QoL Compilation)","Replay The Spire","StSLib","The Bladedancer","The Blue Laboratory"],"gold_per_floor":[119,119,136,136,216,216,248,248,274,324,336,336,336,436,436,554,554,578,600,618,543,81,81,109,109,109,14,14,14,57,83,83,97,97],"floor_reached":33,"playtime":1564,"items_purged":["blademaster:Strike"],"score":337,"play_id":"23147e7b-882c-4dca-808a-d1d337ecc22e","local_time":"20201220162002","is_ascension_mode":true,"campfire_choices":[{"data":"blademaster:EyeOfTheStorm","floor":8,"key":"SMITH"},{"data":"blademaster:DancingEdge","floor":15,"key":"SMITH"},{"data":"blademaster:CombatPrep","floor":23,"key":"SMITH"},{"floor":25,"key":"REST"},{"data":"blademaster:Bloodbath","floor":28,"key":"SMITH"}],"circlet_count":0,"master_deck":["blademaster:Strike+1","blademaster:Strike","blademaster:Defend+1","blademaster:Defend","blademaster:Defend","blademaster:Defend","blademaster:RagingBlow","blademaster:HighVoltage+1","blademaster:CombatPrep","blademaster:EyeOfTheStorm+1","blademaster:TraverseCut+1","blademaster:DancingEdge+1","blademaster:Vortex","blademaster:HighVoltage+1","blademaster:Bloodbath+1","blademaster:DeadlyDance+1","blademaster:LightningDraw+1","blademaster:CombatPrep+1","blademaster:AspectOfLightning","blademaster:Havoc","blademaster:ThunderSlash"],"relics":["blademaster:DancersAmulet","NeowsBlessing","ReplayTheSpireMod:Ring of Addiction","Potion Belt","Chameleon Ring","ReplayTheSpireMod:Shallot","Vajra","Replay:Bandana","Replay:Wax Seal","Question Card","halation:HeavySnake","Anchor","Garlic","halation:PrussianBluePaint"],"acts_visited":["Exordium","TheCity"],"potions_floor_usage":[7,10,11,16,18,18,19,24,30,31,33,33,33],"damage_taken":[{"damage":0,"enemies":"Small Slimes","floor":1,"turns":1},{"damage":0,"enemies":"Jaw Worm","floor":3,"turns":1},{"damage":0,"enemies":"Gremlin Nob","floor":7,"turns":1},{"damage":12,"enemies":"Lagavulin","floor":10,"turns":3},{"damage":0,"enemies":"2 Louse","floor":11,"turns":1},{"damage":16,"enemies":"Hexaghost","floor":16,"turns":7},{"damage":2,"enemies":"Shell Parasite","floor":18,"turns":4},{"damage":16,"enemies":"Chosen","floor":19,"turns":5},{"damage":39,"enemies":"Centurion and Healer","floor":20,"turns":7},{"damage":21,"enemies":"3 Cultists","floor":24,"turns":4},{"damage":3,"enemies":"Book of Stabbing","floor":30,"turns":4},{"damage":8,"enemies":"Snecko","floor":31,"turns":4},{"damage":35,"enemies":"Automaton","floor":33,"turns":8}],"seed_played":"-9107258477224613212","potions_obtained":[{"floor":2,"key":"Death Potion"},{"floor":2,"key":"Swift Potion"},{"floor":2,"key":"FairyPotion"},{"floor":3,"key":"SpeedPotion"},{"floor":6,"key":"blueLaboratory:BottledHope"},{"floor":6,"key":"blueLaboratory:BottleOfVodka"},{"floor":7,"key":"Explosive Potion"},{"floor":11,"key":"DuplicationPotion"},{"floor":13,"key":"Explosive Potion"},{"floor":24,"key":"hexamod:EctoCoolerPotion"},{"floor":30,"key":"DuplicationPotion"},{"floor":32,"key":"SmokeBomb"},{"floor":32,"key":"Fire Potion"}],"is_trial":false,"path_per_floor":["M","?","M","T","?","R","E","R","T","E","M","T","R","?","R","B",null,"M","M","M","?","$","R","M","R","T","$","R","?","E","M","R","B"],"character_chosen":"THE_BLADEMASTER","items_purchased":["Anchor","blademaster:LightningDraw","blademaster:CombatPrep","Swift Potion","blueLaboratory:LouseDecoction","blademaster:AspectOfLightning","PowerPotion"],"campfire_rested":1,"item_purchase_floors":[22,22,22,22,22,27,27],"current_hp_per_floor":[75,75,75,75,75,73,73,73,73,61,61,61,61,61,61,45,71,69,53,14,14,14,14,20,40,40,40,40,40,37,35,35,0,0],"gold":97,"neow_bonus":"THREE_ENEMY_KILL","is_daily":false,"chose_seed":false,"campfire_upgraded":4,"win_rate":0.0,"timestamp":1608510002,"path_taken":["M","?","M","?","?","R","E","R","T","E","?","?","R","?","R","BOSS","M","?","M","?","?","R","M","R","T","$","R","?","E","M","R","BOSS"],"items_purchased_type":["Relic","Card","Card","Potion","Potion","Card","Potion"],"build_version":"2020-12-13","purchased_purges":1,"victory":false,"max_hp_per_floor":[75,75,75,75,75,73,73,73,73,73,73,73,73,73,71,71,71,71,71,71,71,71,69,69,69,69,69,67,67,67,67,67,67,67],"card_choices":[{"not_picked":["blademaster:Slice","blademaster:LeechingStrike"],"picked":"blademaster:CombatPrep","floor":1},{"not_picked":["blademaster:Thrust","blademaster:CombatPrep"],"picked":"blademaster:EyeOfTheStorm","floor":3},{"not_picked":["blademaster:AwakeningStrike","blademaster:Blockade"],"picked":"blademaster:TraverseCut","floor":7},{"not_picked":["blademaster:Quickstep","blademaster:Discharge"],"picked":"blademaster:DancingEdge","floor":10},{"not_picked":["blademaster:Quickstep","blademaster:Slice"],"picked":"blademaster:Vortex","floor":11},{"not_picked":["blademaster:StanceMastery","blademaster:FuryOfTheElements","blademaster:UnrelentingWind"],"picked":"blademaster:HighVoltage","floor":16},{"not_picked":["blademaster:Thrust","blademaster:Safeguard","blademaster:AspectOfWind"],"picked":"blademaster:Bloodbath","floor":18},{"not_picked":["blademaster:LeechingStrike","blademaster:Overcharge","blademaster:EyeOfTheStorm+1","blademaster:BrainBloom"],"picked":"SKIP","floor":19},{"not_picked":["blademaster:ChargingUp+1","blademaster:StanceMastery","blademaster:DaggerAndCloak"],"picked":"blademaster:DeadlyDance+1","floor":20},{"not_picked":["blademaster:Safeguard","blademaster:EyeOfTheTornado","blademaster:Stability","blademaster:Thrust"],"picked":"SKIP","floor":24},{"not_picked":["blademaster:Frontflip","blademaster:FlockOfBlades","blademaster:TraverseCut"],"picked":"blademaster:Havoc","floor":30},{"not_picked":["blademaster:Safeguard","blademaster:HighVoltage","blademaster:ChargingUp"],"picked":"blademaster:ThunderSlash","floor":31}],"player_experience":95787,"relics_obtained":[{"floor":2,"key":"ReplayTheSpireMod:Ring of Addiction"},{"floor":2,"key":"Potion Belt"},{"floor":2,"key":"Chameleon Ring"},{"floor":4,"key":"ReplayTheSpireMod:Shallot"},{"floor":7,"key":"Vajra"},{"floor":7,"key":"blademaster:FinisherDrawCardPerk"},{"floor":9,"key":"Replay:Bandana"},{"floor":10,"key":"Replay:Wax Seal"},{"floor":10,"key":"blademaster:BleedingLaceratePerk"},{"floor":12,"key":"Question Card"},{"floor":26,"key":"Garlic"},{"floor":30,"key":"halation:PrussianBluePaint"},{"floor":30,"key":"blademaster:StanceHealPerk"}],"event_choices":[{"damage_healed":0,"gold_gain":100,"player_choice":"Pray","damage_taken":0,"max_hp_gain":0,"max_hp_loss":0,"event_name":"Golden Shrine","floor":14,"gold_loss":0},{"cards_removed":["blademaster:Strike"],"damage_healed":0,"gold_gain":0,"player_choice":"Gave Gold","damage_taken":0,"max_hp_gain":0,"max_hp_loss":0,"event_name":"Beggar","floor":21,"gold_loss":75},{"damage_healed":0,"gold_gain":0,"player_choice":"Ignored","damage_taken":0,"max_hp_gain":0,"max_hp_loss":0,"event_name":"Ghosts","floor":29,"gold_loss":0}],"is_beta":false,"boss_relics":[{"not_picked":["Philosopher\u0027s Stone","Snecko Heart"],"picked":"halation:HeavySnake"}],"items_purged_floors":[22],"is_endless":false,"potions_floor_spawned":[3,7,11,24,30],"killed_by":"Automaton","ascension_level":1}}