{"host":"x7btokbb0w2jhl7e","time":1608528789,"event":{"mods":["ATMod(°¢èªMod)","Act Like it!","BaseMod","Hallownest","Minty Spire (QoL Compilation)","Quick Restart","StSLib"],"gold_per_floor":[114,39,58,58,71,71,96,96,96,115,140,156,172,201,201,272,272,285,285,77,77,92,92,102,131,131,131,146,174,217,245,245,322,322,341,341,378,441,441,468,468,500,500,256,256,316,316,332,332,408,482,482,482,194,225,225],"floor_reached":57,"playtime":2992,"items_purged":["Strike_G","Shame","Defend_G","Defend_G"],"score":3333,"play_id":"0623552c-a31b-4378-b59b-22ed91ea1b2d","local_time":"20201221133309","is_ascension_mode":true,"campfire_choices":[{"data":"AT_BodySlamDance","floor":6.0,"key":"SMITH"},{"data":"AT_ShadowStep","floor":8.0,"key":"SMITH"},{"data":"Footwork","floor":15.0,"key":"SMITH"},{"data":"Neutralize","floor":23.0,"key":"SMITH"},{"data":"Tactician","floor":27.0,"key":"SMITH"},{"data":"Concentrate","floor":32.0,"key":"SMITH"},{"data":"Expertise","floor":41.0,"key":"SMITH"},{"floor":45.0,"key":"RECALL"},{"data":"AT_KneejerkReflex","floor":47.0,"key":"SMITH"},{"data":"Adrenaline","floor":49.0,"key":"SMITH"},{"data":"Terror","floor":53.0,"key":"SMITH"}],"circlet_count":0,"master_deck":["AscendersBane","Defend_G","Defend_G","Survivor","Neutralize+1","AT_BodySlamDance+1","Expertise+1","AT_ShadowStep+1","Footwork+1","Backflip","After Image","Blur+1","Tactician+1","Escape Plan","Adrenaline+1","Concentrate+1","AT_KneejerkReflex+1","Backflip","Calculated Gamble","Terror+1","Well Laid Plans+1","After Image","After Image"],"relics":["Ring of the Snake","AT_ATBox","Pear","Sundial","Art of War","Prayer Wheel","AT_TrinityForce","WarpedTongs","Membership Card","AT_RedTearstoneRing","Meat on the Bone","Anchor","Empty Cage","Hallownest:KingsIdolRelic","Centennial Puzzle","AT_SilvercatRing","AT_ChloranthyRing","OrangePellets","TheAbacus","Ornamental Fan","Pen Nib"],"acts_visited":["Hallownest:Greenpath","Hallownest:CityofTears","Hallownest:KingdomsEdge","TheEnding"],"potions_floor_usage":[56],"damage_taken":[{"damage":1.0,"enemies":"Hallownest:2_MossCreeps","floor":1.0,"turns":5.0},{"damage":0.0,"enemies":"Hallownest:monsterHuskGuard","floor":3.0,"turns":4.0},{"damage":0.0,"enemies":"2_ Uuma","floor":5.0,"turns":5.0},{"damage":4.0,"enemies":"Hallownest:eliteCrystalGuardian","floor":7.0,"turns":4.0},{"damage":0.0,"enemies":"Hallownest:1_Baldur_1_Crawlid_1_Warrior","floor":10.0,"turns":1.0},{"damage":9.0,"enemies":"Hallownest:eliteMossKnight","floor":11.0,"turns":9.0},{"damage":0.0,"enemies":"Hallownest:MossCreep_and_Mosskin","floor":12.0,"turns":5.0},{"damage":0.0,"enemies":"Hallownest:monsterMossCharger","floor":13.0,"turns":3.0},{"damage":0.0,"enemies":"Hallownest:eliteCrystalGuardian","floor":14.0,"turns":5.0},{"damage":0.0,"enemies":"Hallownest:BossBrokenVessel","floor":16.0,"turns":8.0},{"damage":0.0,"enemies":"Hallownest:3_Youths","floor":18.0,"turns":3.0},{"damage":0.0,"enemies":"Hallownest:Flukemon_and_Top","floor":22.0,"turns":2.0},{"damage":0.0,"enemies":"Hallownest:2_Husk_Sentries","floor":24.0,"turns":1.0},{"damage":0.0,"enemies":"Hallownest:eliteWatcherKnight","floor":25.0,"turns":7.0},{"damage":0.0,"enemies":"Hallownest:Warrior_and_Youth","floor":28.0,"turns":3.0},{"damage":0.0,"enemies":"Hallownest:Nosk","floor":29.0,"turns":7.0},{"damage":0.0,"enemies":"Hallownest:Glutton_and_Coward","floor":30.0,"turns":4.0},{"damage":0.0,"enemies":"Hallownest:eliteSoulWarrior","floor":31.0,"turns":4.0},{"damage":0.0,"enemies":"Hallownest:BossGrimm","floor":33.0,"turns":1.0},{"damage":0.0,"enemies":"Hallownest:3_Siblings","floor":35.0,"turns":3.0},{"damage":0.0,"enemies":"Hallownest:2_Littles","floor":37.0,"turns":5.0},{"damage":3.0,"enemies":"Hallownest:2_Wandering_and_1_Horned","floor":38.0,"turns":6.0},{"damage":0.0,"enemies":"Hallownest:eliteHiveKnight","floor":40.0,"turns":1.0},{"damage":0.0,"enemies":"Hallownest:monsterPrimalAspid","floor":42.0,"turns":2.0},{"damage":0.0,"enemies":"Hallownest:2_Great","floor":46.0,"turns":2.0},{"damage":1.0,"enemies":"Hallownest:2_Wandering_and_1_Horned","floor":48.0,"turns":3.0},{"damage":0.0,"enemies":"Hallownest:Radiance","floor":50.0,"turns":2.0},{"damage":0.0,"enemies":"Hallownest:BossHollowKnight","floor":51.0,"turns":3.0},{"damage":0.0,"enemies":"Shield and Spear","floor":55.0,"turns":2.0},{"damage":0,"enemies":"The Heart","floor":56,"turns":4}],"seed_played":"1527666381143991639","potions_obtained":[{"floor":10.0,"key":"BlessingOfTheForge"},{"floor":12.0,"key":"Explosive Potion"},{"floor":14.0,"key":"Weak Potion"},{"floor":28.0,"key":"Block Potion"},{"floor":40.0,"key":"Swift Potion"},{"floor":50.0,"key":"LiquidMemories"}],"is_trial":false,"path_per_floor":["M","$","M","?","M","R","E","R","T","M","E","M","M","E","R","B",null,"M","?","$","?","M","R","M","E","T","R","M","E","M","E","R","B",null,"M","?","M","M","?","E","R","M","T","$","R","M","R","M","R","B","B",null,"R","$","E","B",null],"character_chosen":"THE_SILENT","items_purchased":["Membership Card","AT_ChloranthyRing","Well Laid Plans","OrangePellets","TheAbacus","Ornamental Fan"],"campfire_rested":0,"item_purchase_floors":[20,44,44,44,54,54],"current_hp_per_floor":[43,43,43,43,43,43,49,49,49,49,40,40,40,40,40,40,67,67,67,67,76,76,76,76,76,76,76,76,76,76,76,76,76,76,76,76,76,73,73,73,73,73,73,73,73,73,73,72,72,72,72,75,75,75,75,75],"gold":225,"neow_bonus":"REMOVE_TWO","is_daily":false,"chose_seed":false,"campfire_upgraded":10,"win_rate":0.0,"timestamp":1608528789,"path_taken":["M","?","M","?","M","R","E","R","T","?","E","M","M","E","R","BOSS","M","?","$","?","M","R","?","E","T","R","M","E","M","E","R","BOSS","M","?","M","?","?","E","R","M","T","?","R","?","R","M","R","BOSS","BOSS","R","$","E","BOSS"],"items_purchased_type":["Relic","Relic","Card","Relic","Relic","Relic"],"build_version":"2020-12-13","purchased_purges":4,"victory":true,"max_hp_per_floor":[66,66,66,66,66,66,76,76,76,76,76,76,76,76,76,76,76,76,76,76,76,76,76,76,76,76,76,76,76,76,76,76,76,76,76,76,76,76,76,76,76,76,76,76,76,76,76,76,76,76,76,76,76,76,76,76],"card_choices":[{"not_picked":["Slice","Cloak And Dagger","Leg Sweep"],"picked":"SKIP","floor":1.0},{"not_picked":["Slice","Cloak And Dagger","Leg Sweep"],"picked":"SKIP","floor":1.0},{"not_picked":["Underhanded Strike","Deflect"],"picked":"Expertise","floor":3.0},{"not_picked":["Crippling Poison","Flechettes"],"picked":"AT_ShadowStep","floor":5.0},{"not_picked":["AT_TwilightShroud","Eviscerate","Dodge and Roll"],"picked":"SKIP","floor":7.0},{"not_picked":["Underhanded Strike","Sucker Punch","Deadly Poison"],"picked":"SKIP","floor":10.0},{"not_picked":["Riddle With Holes","Skewer"],"picked":"Footwork","floor":11.0},{"not_picked":["Quick Slash","AT_ShadowStep","AT_ThistleTea"],"picked":"SKIP","floor":12.0},{"not_picked":["Quick Slash","Prepared"],"picked":"Backflip","floor":13.0},{"not_picked":["Deflect","Finisher","A Thousand Cuts"],"picked":"SKIP","floor":14.0},{"not_picked":["A Thousand Cuts","AT_KingSlayer"],"picked":"After Image","floor":16.0},{"not_picked":["Deflect","AT_FocusSwordFire"],"picked":"Blur","floor":18.0},{"not_picked":["Sucker Punch","Dodge and Roll","Prepared"],"picked":"SKIP","floor":18.0},{"not_picked":["Endless Agony","Quick Slash","PiercingWail"],"picked":"SKIP","floor":22.0},{"not_picked":["Prepared","Sucker Punch","Blade Dance"],"picked":"SKIP","floor":22.0},{"not_picked":["Deflect","Slice"],"picked":"Tactician","floor":24.0},{"not_picked":["Dash","Blade Dance"],"picked":"Escape Plan","floor":24.0},{"not_picked":["Outmaneuver","Sucker Punch"],"picked":"Adrenaline","floor":25.0},{"not_picked":["Catalyst","Deflect"],"picked":"Concentrate","floor":28.0},{"not_picked":["Slice+1","Dodge and Roll"],"picked":"AT_KneejerkReflex","floor":28.0},{"not_picked":["All Out Attack","Sucker Punch+1","Dagger Spray+1"],"picked":"SKIP","floor":29.0},{"not_picked":["AT_FocusSwordFire+1","PiercingWail"],"picked":"Backflip","floor":30.0},{"not_picked":["Concentrate","Endless Agony","All Out Attack"],"picked":"SKIP","floor":30.0},{"not_picked":["Flying Knee","PiercingWail","Underhanded Strike"],"picked":"SKIP","floor":31.0},{"not_picked":["Dagger Throw","Cloak And Dagger","Deadly Poison"],"picked":"SKIP","floor":35.0},{"not_picked":["Deadly Poison","Leg Sweep+1","Heel Hook"],"picked":"SKIP","floor":35.0},{"not_picked":["Sucker Punch+1","Crippling Poison","AT_Desolate"],"picked":"SKIP","floor":37.0},{"not_picked":["Underhanded Strike","AT_ArcaneSupremacy","PiercingWail+1"],"picked":"SKIP","floor":37.0},{"not_picked":["Slice","Backflip"],"picked":"Calculated Gamble","floor":38.0},{"not_picked":["Blade Dance","Underhanded Strike","Poisoned Stab+1"],"picked":"SKIP","floor":38.0},{"not_picked":["Crippling Poison+1","Dagger Spray"],"picked":"Terror","floor":40.0},{"not_picked":["Finisher+1","Catalyst+1","AT_FocusSwordFire"],"picked":"SKIP","floor":42.0},{"not_picked":["Slice","Dodge and Roll","Outmaneuver+1"],"picked":"SKIP","floor":42.0},{"not_picked":["Cloak And Dagger","Sucker Punch","Quick Slash"],"picked":"SKIP","floor":46.0},{"not_picked":["Crippling Poison","Escape Plan","Poisoned Stab"],"picked":"SKIP","floor":46.0},{"not_picked":["Dagger Throw","Bane","Prepared"],"picked":"SKIP","floor":48.0},{"not_picked":["Die Die Die","Flying Knee+1","AT_ThistleTea"],"picked":"SKIP","floor":48.0},{"not_picked":["AT_EssenceShift","Grand Finale"],"picked":"After Image","floor":50.0},{"not_picked":["Unload","Tools of the Trade"],"picked":"After Image","floor":51.0},{"not_picked":["Dagger Throw","Quick Slash+1","Sucker Punch"],"picked":"SKIP","floor":55.0}],"player_experience":211929,"relics_obtained":[{"floor":7.0,"key":"Pear"},{"floor":9.0,"key":"Sundial"},{"floor":11.0,"key":"Art of War"},{"floor":14.0,"key":"Prayer Wheel"},{"floor":25.0,"key":"AT_RedTearstoneRing"},{"floor":29.0,"key":"Meat on the Bone"},{"floor":31.0,"key":"Anchor"},{"floor":40.0,"key":"Centennial Puzzle"},{"floor":43.0,"key":"AT_SilvercatRing"},{"floor":55.0,"key":"Pen Nib"}],"event_choices":[],"is_beta":false,"boss_relics":[{"not_picked":["AT_MortalBlade","Philosopher\u0027s Stone"],"picked":"AT_TrinityForce"},{"not_picked":["SacredBark","Tiny House"],"picked":"Empty Cage"}],"items_purged_floors":[2,20,44,54],"is_endless":false,"potions_floor_spawned":[10,12,13,14,22,24,28,30,38,40,48,50,55],"ascension_level":20}}