{"host":"8g0y046lq89z3gxm","time":1608537951,"event":{"mods":["2.2 Compatiblity","A Magickal Journey","Abigail Mod","AchievementEnabler","Act Like it!","Aspiration","Astrologer","BaseMod","Better Note","Better Sensory Stone","Better Third Choice","Better Vampires","BetterRewards","CapriCore","Colored Powertips","Conspire","Custom Start","DeckTracker","Defuse TimeMaze Blight","Dota2Spire","Downfall","Energized Spire","Friendly Minions","Gensokyo","GifTheSpireLib","GungeonMod","Halation","Hallownest","Hermit","HololiveMod","Hubris","Infinite Spire","KiyohimeÅiê¥?Åj","Koishi","KomeijiMod","Lobotomy","LobotomyExtend","MarisaÅiñ∂âJÅ@ñÇóùçπÅj","Minty Spire (QoL Compilation)","MostiFishMod","Permanent Neow","Prisma Mod","Quarter Circle Forward PUNCH!","Railgun Mod","Rare Cards Sparkle","Relic Stats","Replay The Spire","RumiaBox-òIïƒ?ìIê_îÈ·¥éq","Shade Mod","Shop Mod","Small Relic Pack","Spicy Shops","Spire Birthday Party","StSLib","Stuff the Spire","TestMod","The Alterego","The Animator","The Blue Laboratory","The Cursed","The Forsaken","The Gatherer","The Hierophant","The Wild Card","TheSwordswoman","Uncapped","Unceasing Turn Reminder","Wandering Minibosses","WarShipGirlsR/??è≠èóR mod","Yohane!","vexMod","Åy?ï˚ìÒéü?çÏÅzî™â]éámod","Åy?ï®?îvÅzREMEMod"],"gold_per_floor":[-99,-79,-79,-79,-60,-60,-60,-40,28,44,56,56,66,76,76,181,181,192,192,192,202,218,218,238,238,308,327,360,372,383,394,394,491,491,509,526,465,158,158,158,158,158,182,182,201,212,212,226,226,166],"floor_reached":51,"playtime":7515,"items_purged":["MeatLantern","SilentOrchestra"],"score":942,"play_id":"719b325f-a388-476d-9c87-d234051835d8","local_time":"20201221000551","is_ascension_mode":false,"campfire_choices":[{"data":"alterego_mod:Palingenesis","floor":6.0,"key":"SMITH"},{"data":"alterego_mod:Palingenesis+1","floor":12.0,"key":"SMITH"},{"data":"TheRailgun:Magnetic_Movement","floor":15.0,"key":"SMITH"},{"data":"alterego_mod:Palingenesis+3","floor":23,"key":"SMITH"},{"data":"TheRailgun:Sister_Noise","floor":32,"key":"SMITH"},{"floor":40,"key":"REST"},{"data":"TheRailgun:Electrical_Storm","floor":42,"key":"SMITH"},{"data":"infinitespire:Starlight","floor":44,"key":"SMITH"},{"data":"alterego_mod:Palingenesis+4","floor":47,"key":"SMITH"},{"data":"TheRailgun:Electrical_Fire","floor":49,"key":"SMITH"}],"circlet_count":0,"master_deck":["WhiteNight","TheRailgun:Strike","TheRailgun:Strike","TheRailgun:Strike","TheRailgun:Strike","TheRailgun:Defend","TheRailgun:Defend","TheRailgun:Defend","TheRailgun:Defend","TheRailgun:Discharge","TheRailgun:Static","TheRailgun:Zip","alterego_mod:Palingenesis+5","TheRailgun:Iron_Dust_Sword","VoidDream","LittleHelper","TheRailgun:Lightning_Speed","WallGazer","TheRailgun:Thunderjolt","DeusExMachina","TheRailgun:Pull","Murderer","TheRailgun:Battery_Pack","Rudolta","TheRailgun:Magnetic_Movement+1","Variant","TheRailgun:Static","TheRailgun:Lightningbolt","Bloodbath","TheRailgun:Judgement_Officer+1","TheRailgun:Pull+1","Wellcheers","infinitespire:Starlight+1","TheRailgun:Battery_Pack","RedShoes","GalaxyChild","TheRailgun:Crack","Porccubus","TheRailgun:Iron_Dust_Field+1","Woodsman","TheRailgun:Stun_Shock","HereticApostle","TheRailgun:Recharge","TheRailgun:Sister_Noise+1","ShyLook","TheRailgun:Biribiri","TheRailgun:Charge","Freischutz","animator:Curse_Nutcracker","TheRailgun:Thundervolt","TheRailgun:Gekota_Phone+1","TheRailgun:Sister_Noise+1","TheRailgun:Electrical_Storm+1","BigBird","TheRailgun:Thunderjolt","TheRailgun:Electrical_Fire+1","BlackArmy","TheRailgun:Crack+1","Alriune","hexamod:Haunted","conspire:Blindness","hubris:Gluttony"],"relics":["TheRailgun:CoinRelic","testmod-TestBox","DaveBox","REME_ComplimentaryCards","testmod-CrystalShield","EGODaCapo","CogitoBucket","Question Card","LetterFromLob","infinitespire:CheckeredPen","TreeSap","WantedRequest","ImportantClient","FeatherPendant","vexMod:TanglingVine","AspirationHeart","Replay:WaspNest","hubris:CrystalStatue","Theresia","Baka2","testmod-SaigiyounoYou","DeathAngel","Dota2Spire:ArmletOfMordiggian","halation:EternalFortune","REME_PuzzleBoxRelic"],"acts_visited":["Exordium","TheCity","TheBeyond"],"potions_floor_usage":[18,37,50,50],"damage_taken":[{"damage":0.0,"enemies":"Cultist","floor":1.0,"turns":3.0},{"damage":0.0,"enemies":"Small Slimes","floor":2.0,"turns":7.0},{"damage":1.0,"enemies":"Jaw Worm","floor":5.0,"turns":5.0},{"damage":0.0,"enemies":"3 Louse","floor":8.0,"turns":2.0},{"damage":0.0,"enemies":"Blue Slaver","floor":10.0,"turns":3.0},{"damage":0.0,"enemies":"2 Fungi Beasts","floor":11.0,"turns":2.0},{"damage":0.0,"enemies":"Looter","floor":13.0,"turns":2.0},{"damage":22.0,"enemies":"3 Louse","floor":14.0,"turns":6.0},{"damage":5.0,"enemies":"Hexaghost","floor":16.0,"turns":7.0},{"damage":14,"enemies":"Shell Parasite","floor":18,"turns":4},{"damage":0,"enemies":"Spheric Guardian","floor":21,"turns":3},{"damage":2,"enemies":"Chosen and Byrds","floor":22,"turns":2},{"damage":21,"enemies":"Sentry and Sphere","floor":24,"turns":4},{"damage":8,"enemies":"3 Cultists","floor":27,"turns":2},{"damage":10,"enemies":"Gremlin Leader","floor":28,"turns":3},{"damage":7,"enemies":"Chosen and Byrds","floor":29,"turns":1},{"damage":0,"enemies":"Snecko","floor":30,"turns":2},{"damage":7,"enemies":"Snake Plant","floor":31,"turns":2},{"damage":2,"enemies":"Champ","floor":33,"turns":1},{"damage":2,"enemies":"3 Shapes","floor":35,"turns":2},{"damage":2,"enemies":"3 Darklings","floor":36,"turns":2},{"damage":25,"enemies":"Maw","floor":37,"turns":8},{"damage":0,"enemies":"Maw","floor":45,"turns":1},{"damage":17,"enemies":"Spire Growth","floor":46,"turns":4},{"damage":0,"enemies":"Sphere and 2 Shapes","floor":48,"turns":2},{"damage":3,"enemies":"Awakened One","floor":50,"turns":7}],"seed_played":"5123378478650100551","potions_obtained":[{"floor":8.0,"key":"blueLaboratory:LouseDecoction"},{"floor":11.0,"key":"Dexterity Potion"},{"floor":14.0,"key":"PowerPotion"},{"floor":22,"key":"blueLaboratory:TrueEctoplasm"},{"floor":24,"key":"Milkshake"},{"floor":29,"key":"Toxic Potion"},{"floor":41,"key":"blueLaboratory:BubblePotion"},{"floor":41,"key":"blueLaboratory:StoneskinPotion"}],"is_trial":false,"path_per_floor":["M","M","$","?","M","R","?","M","T","M","M","R","M","M","R","B",null,"M","?","AVR","M","M","R","M","?","T","M","E","M","M","M","R","B",null,"M","M","M","$","?","R","?","R","T","R","M","M","R","M","R","B",null],"character_chosen":"THE_DEFAULT","items_purchased":["Dota2Spire:ArmletOfMordiggian","TheRailgun:Thunderjolt"],"campfire_rested":1,"item_purchase_floors":[38,38],"current_hp_per_floor":[70,70,70,70,69,69,69,69,69,70,70,70,70,55,55,52,55,41,41,41,53,51,51,32,32,32,44,65,65,65,65,65,65,65,65,65,42,42,42,42,42,42,42,42,64,68,68,68,68,67],"gold":166,"neow_bonus":"","is_daily":false,"chose_seed":false,"campfire_upgraded":9,"win_rate":0.0,"timestamp":1608537951,"path_taken":["M","M","$","?","M","R","?","M","T","M","M","R","M","M","R","BOSS","BOSS","M","?","AVR","M","M","R","M","?","T","?","E","?","M","M","R","BOSS","M","?","M","$","?","R","?","R","T","R","M","?","R","M","R","BOSS"],"items_purchased_type":["Relic","Card"],"build_version":"2020-12-13","purchased_purges":2,"victory":true,"max_hp_per_floor":[70,70,70,70,70,70,70,70,70,70,70,70,70,55,55,55,55,55,55,55,65,65,65,65,65,65,65,65,65,65,65,65,65,65,65,65,65,65,68,68,68,68,68,68,68,68,68,68,68,68],"relic_stats":{"counters":[30,91],"Question Card":70,"obtain_stats":[{"hubris:CrystalStatue":28,"DaveBox":0,"Dota2Spire:ArmletOfMordiggian":38,"DemoMod:GlassGuonStoneRelic":1,"vexMod:TanglingVine":20,"testmod-CrystalShield":0,"CogitoBucket":0,"Baka2":31,"TreeSap":11,"WantedRequest":16,"ImportantClient":16,"testmod-TestBox":0,"AspirationHeart":21,"Replay:WaspNest":26,"Baka":1,"infinitespire:CheckeredPen":9,"DeathAngel":37,"Question Card":1,"testmod-SaigiyounoYou":34,"TheRailgun:CoinRelic":0,"EGODaCapo":0,"FeatherPendant":17,"halation:EternalFortune":39,"LetterFromLob":1,"REME_PuzzleBoxRelic":43,"Theresia":29,"REME_ComplimentaryCards":0},{"hubris:CrystalStatue":17,"DaveBox":0,"Dota2Spire:ArmletOfMordiggian":26,"DemoMod:GlassGuonStoneRelic":1,"vexMod:TanglingVine":11,"testmod-CrystalShield":0,"CogitoBucket":0,"Baka2":21,"TreeSap":7,"WantedRequest":10,"ImportantClient":10,"testmod-TestBox":0,"AspirationHeart":13,"Replay:WaspNest":15,"Baka":1,"infinitespire:CheckeredPen":4,"DeathAngel":26,"Question Card":1,"testmod-SaigiyounoYou":22,"TheRailgun:CoinRelic":0,"EGODaCapo":0,"FeatherPendant":10,"halation:EternalFortune":26,"LetterFromLob":1,"REME_PuzzleBoxRelic":26,"Theresia":19,"REME_ComplimentaryCards":0},{"hubris:CrystalStatue":57,"DaveBox":0,"Dota2Spire:ArmletOfMordiggian":77,"DemoMod:GlassGuonStoneRelic":3,"vexMod:TanglingVine":42,"testmod-CrystalShield":0,"CogitoBucket":0,"Baka2":63,"TreeSap":23,"WantedRequest":38,"ImportantClient":38,"testmod-TestBox":0,"AspirationHeart":46,"Replay:WaspNest":52,"Baka":3,"infinitespire:CheckeredPen":17,"DeathAngel":77,"Question Card":3,"testmod-SaigiyounoYou":64,"TheRailgun:CoinRelic":0,"EGODaCapo":0,"FeatherPendant":38,"halation:EternalFortune":77,"LetterFromLob":3,"REME_PuzzleBoxRelic":77,"Theresia":59,"REME_ComplimentaryCards":0}]},"card_choices":[{"not_picked":["TheRailgun:Recharge","TheRailgun:Token_Collection"],"picked":"TheRailgun:Iron_Dust_Sword","floor":1.0},{"not_picked":["CrumblingArmor","BeautyBeast"],"picked":"VoidDream","floor":1.0},{"not_picked":["QueenBee","Scorched"],"picked":"LittleHelper","floor":2.0},{"not_picked":["TheRailgun:Iron_Dust_Vial","TheRailgun:Thunderbolt","TheRailgun:Pull"],"picked":"TheRailgun:Lightning_Speed","floor":2.0},{"not_picked":["Scorched","BeautyBeast"],"picked":"WallGazer","floor":5.0},{"not_picked":["TheRailgun:Gekota_Phone","TheRailgun:Zip","TheRailgun:Circuit_Breaker"],"picked":"TheRailgun:Thunderjolt","floor":5.0},{"not_picked":["OldLady","CherryBlossoms"],"picked":"Mercenary","floor":8.0},{"not_picked":["TheRailgun:Sister_Network","TheRailgun:Circuit_Breaker","TheRailgun:Iron_Dust_Field"],"picked":"TheRailgun:Pull","floor":8.0},{"not_picked":["GalaxyChild","CherryBlossoms"],"picked":"Murderer","floor":10.0},{"not_picked":["TheRailgun:Crackle","TheRailgun:Circuit_Breaker","TheRailgun:Electrical_Storm"],"picked":"TheRailgun:Battery_Pack","floor":10.0},{"not_picked":["NakedNest","MHz"],"picked":"Rudolta","floor":11.0},{"not_picked":["TheRailgun:Iron_Dust_Field","TheRailgun:Pull","TheRailgun:Iron_Dust_Vial"],"picked":"TheRailgun:Magnetic_Movement","floor":11.0},{"not_picked":["LittlePrince","NakedNest"],"picked":"Variant","floor":13.0},{"not_picked":["TheRailgun:Thunderbolt","TheRailgun:Spark","TheRailgun:Sister_Network"],"picked":"TheRailgun:Static","floor":13.0},{"not_picked":["TheRailgun:Aerial_Shot","TheRailgun:Crack","TheRailgun:Magnetic_Movement"],"picked":"TheRailgun:Lightningbolt","floor":14.0},{"not_picked":["CherryBlossoms","MeatLantern"],"picked":"Bloodbath","floor":14.0},{"not_picked":["TheRailgun:Rewiring","TheRailgun:Railgun","TheRailgun:Supercharge"],"picked":"TheRailgun:Judgement_Officer","floor":16},{"not_picked":["TheRailgun:Push+1","TheRailgun:Taser","TheRailgun:Sister_Network"],"picked":"TheRailgun:Pull+1","floor":18},{"not_picked":["BlackArmy","LongBird"],"picked":"Wellcheers","floor":18},{"not_picked":["TheRailgun:Pull","TheRailgun:Thunder","TheRailgun:Taser+1"],"picked":"TheRailgun:Battery_Pack","floor":21},{"not_picked":["MeatLantern","CrumblingArmor"],"picked":"RedShoes","floor":21},{"not_picked":["CherryBlossoms","SpiderBud"],"picked":"GalaxyChild","floor":22},{"not_picked":["TheRailgun:Gekotamania+1","TheRailgun:Hypercharge","TheRailgun:Iron_Dust_Sword"],"picked":"TheRailgun:Crack","floor":22},{"not_picked":["BlackSwan","LaLuna"],"picked":"Porccubus","floor":24},{"not_picked":["TheRailgun:Aerial_Shot","TheRailgun:Electric_Fence","TheRailgun:Iron_Dust_Shield"],"picked":"TheRailgun:Iron_Dust_Field+1","floor":24},{"not_picked":["LaLuna","FairyFestival"],"picked":"Woodsman","floor":27},{"not_picked":["TheRailgun:Static","TheRailgun:Circuitous","TheRailgun:Positive_Field"],"picked":"TheRailgun:Stun_Shock","floor":27},{"not_picked":["PunishingBird","BeautyBeast"],"picked":"Scarecrow","floor":28},{"not_picked":["TheRailgun:Iron_Dust_Field+1","TheRailgun:Scatter_Railgun","TheRailgun:Judgement_Officer"],"picked":"TheRailgun:Recharge","floor":28},{"not_picked":["TheRailgun:Electric_Fence","TheRailgun:Heroinism+1","TheRailgun:Coin_Flip"],"picked":"TheRailgun:Sister_Noise","floor":29},{"not_picked":["PunishingBird","UniverseFragment"],"picked":"ShyLook","floor":29},{"not_picked":["TheRailgun:Thunderbolt","TheRailgun:Electrical_Storm","TheRailgun:Circuit_Breaker"],"picked":"TheRailgun:Biribiri","floor":30},{"not_picked":["Funeral","Alriune"],"picked":"SilentOrchestra","floor":30},{"not_picked":["TheRailgun:Oneesama+1","TheRailgun:Positive_Field","TheRailgun:Recharge"],"picked":"TheRailgun:Charge","floor":31},{"not_picked":["Yin","Alriune"],"picked":"Freischutz","floor":31},{"not_picked":["SingingMachine","LittlePrince","NakedNest"],"picked":"Singing Bowl","floor":33},{"not_picked":["NakedNest","FairyFestival"],"picked":"QueenOfHatred","floor":33},{"not_picked":["TheRailgun:Magnetic_Flight","TheRailgun:Judgement_Officer","TheRailgun:Rewiring"],"picked":"TheRailgun:Thundervolt","floor":33},{"not_picked":["TheRailgun:Pull+1","TheRailgun:Biribiri+1","TheRailgun:Iron_Dust_Field"],"picked":"TheRailgun:Gekota_Phone+1","floor":35},{"not_picked":["LongBird","HappyTeddy"],"picked":"MeatLantern","floor":35},{"not_picked":["NakedNest","PunishingBird","SpiderBud"],"picked":"Singing Bowl","floor":36},{"not_picked":["QueenBee","DreamingCurrent"],"picked":"PlagueDoctor","floor":36},{"not_picked":["TheRailgun:Charge","TheRailgun:Pull","TheRailgun:Heroinism+1"],"picked":"TheRailgun:Sister_Noise+1","floor":36},{"not_picked":["TheRailgun:Aerial_Shot+1","TheRailgun:Thunderjolt","TheRailgun:Static+1"],"picked":"TheRailgun:Electrical_Storm","floor":37},{"not_picked":["OSAHOGD","QueenBee"],"picked":"BigBird","floor":37},{"not_picked":["TheRailgun:Circuit_Breaker","TheRailgun:Gekotamania+1","TheRailgun:Sister_Network"],"picked":"TheRailgun:Electrical_Fire","floor":45},{"not_picked":["FieryBird","SnowQueen"],"picked":"BlackArmy","floor":45},{"not_picked":["TheRailgun:Zap+1","TheRailgun:Gekota_Phone+1","TheRailgun:Magnetic_Movement"],"picked":"TheRailgun:Crack+1","floor":46},{"not_picked":["Laetitia","DreamingCurrent"],"picked":"Alriune","floor":46},{"not_picked":["TheRailgun:Thunderjolt","TheRailgun:Hypercharge+1","TheRailgun:Aerial_Shot+1"],"picked":"TheRailgun:Biribiri","floor":48},{"not_picked":["LittlePrince","BlackSwan"],"picked":"DespairKnight","floor":48}],"player_experience":206602,"relics_obtained":[{"floor":1.0,"key":"Question Card"},{"floor":1.0,"key":"LetterFromLob"},{"floor":1.0,"key":"Baka"},{"floor":9.0,"key":"infinitespire:CheckeredPen"},{"floor":16,"key":"ImportantClient"},{"floor":26,"key":"Replay:WaspNest"},{"floor":28,"key":"hubris:CrystalStatue"},{"floor":31,"key":"Baka2"},{"floor":37,"key":"DeathAngel"},{"floor":43,"key":"REME_PuzzleBoxRelic"}],"event_choices":[{"damage_healed":0.0,"max_hp_gain":0.0,"max_hp_loss":0.0,"gold_gain":1.0,"event_name":"betterStone:BetterStone","player_choice":"4","floor":7.0,"gold_loss":0.0,"damage_taken":0.0,"cards_obtained":["DeusExMachina"]},{"damage_healed":0,"gold_gain":0,"player_choice":"Forge","damage_taken":0,"max_hp_gain":0,"max_hp_loss":0,"event_name":"Accursed Blacksmith","floor":19,"gold_loss":0,"cards_upgraded":["alterego_mod:Palingenesis"]},{"damage_healed":0,"gold_gain":0,"player_choice":"Upgraded","damage_taken":0,"max_hp_gain":0,"max_hp_loss":0,"event_name":"Upgrade Shrine","floor":25,"gold_loss":0,"cards_upgraded":["TheRailgun:Judgement_Officer"]},{"damage_healed":0,"gold_gain":0,"player_choice":"Got Potions","damage_taken":0,"max_hp_gain":0,"max_hp_loss":0,"event_name":"Lab","floor":41,"gold_loss":0}],"is_beta":false,"boss_relics":[{"not_picked":["conspire:SeveredTorchhead","BloodWine"],"picked":"FeatherPendant"},{"not_picked":["ReplayTheSpireMod:SealedPack","TimeKeys"],"picked":"testmod-SaigiyounoYou"}],"items_purged_floors":[38,38],"is_endless":false,"potions_floor_spawned":[8,11,14,22,24,29,36,48],"ascension_level":0}}