{"host":"rolltorest","time":1608513270,"event":{"mods":["BaseMod","Minty Spire (QoL Compilation)","StSLib"],"gold_per_floor":[113,38,51,51,326,326,356,356,356,69,96,96,33,33,33],"floor_reached":14,"playtime":312,"items_purged":["Regret"],"score":238,"play_id":"eef69b42-8c76-4281-b38c-5bc3c7979b37","local_time":"20201220171430","is_ascension_mode":true,"campfire_choices":[{"data":"Eruption","floor":6,"key":"SMITH"},{"data":"Adaptation","floor":12,"key":"SMITH"}],"circlet_count":0,"master_deck":["AscendersBane","Strike_P+1","Strike_P","Strike_P","Strike_P+1","Defend_P","Defend_P","Defend_P","Defend_P","Eruption+1","Vigilance","WheelKick+1","Tantrum","Meditate+1","Adaptation+1","EmptyMind","DeceiveReality","Protect","Indignation"],"relics":["VioletLotus","Juzu Bracelet","Matryoshka","Orrery","Whetstone"],"acts_visited":["Exordium"],"potions_floor_usage":[11],"damage_taken":[{"damage":6,"enemies":"Cultist","floor":1,"turns":5},{"damage":12,"enemies":"Jaw Worm","floor":3,"turns":2},{"damage":27,"enemies":"Lagavulin","floor":7,"turns":6},{"damage":0,"enemies":"Gremlin Nob","floor":11,"turns":3},{"damage":14,"enemies":"3 Sentries","floor":14,"turns":9}],"seed_played":"-3536586044795843537","potions_obtained":[{"floor":1,"key":"BlessingOfTheForge"},{"floor":7,"key":"Dexterity Potion"}],"is_trial":false,"path_per_floor":["M","$","M","?","?","R","E","?","T","$","E","R","?","E"],"character_chosen":"WATCHER","items_purchased":["Tantrum","Adaptation","Orrery"],"campfire_rested":0,"item_purchase_floors":[2,10,10],"current_hp_per_floor":[55,55,43,43,43,43,16,16,16,16,16,16,16,2,2],"gold":33,"neow_bonus":"BOSS_RELIC","is_daily":false,"chose_seed":false,"campfire_upgraded":2,"win_rate":0.0,"timestamp":1608513270,"path_taken":["M","$","?","?","?","R","E","?","T","$","E","R","?","E"],"items_purchased_type":["Card","Card","Relic"],"build_version":"2020-12-18","purchased_purges":1,"victory":false,"max_hp_per_floor":[68,68,68,68,68,68,68,68,68,68,68,68,68,68,68],"card_choices":[{"not_picked":["FlurryOfBlows","Crescendo"],"picked":"WheelKick","floor":1},{"not_picked":["PathToVictory","FlyingSleeves","WreathOfFlame"],"picked":"SKIP","floor":3},{"not_picked":["ClearTheMind","EmptyMind"],"picked":"Meditate","floor":7},{"not_picked":["Tantrum","Weave"],"picked":"EmptyMind","floor":10},{"not_picked":["ConjureBlade","CrushJoints"],"picked":"DeceiveReality","floor":10},{"not_picked":["FlyingSleeves","Crescendo"],"picked":"Protect","floor":10},{"not_picked":["MasterReality","FlyingSleeves"],"picked":"Indignation","floor":11}],"player_experience":1697754,"relics_obtained":[{"floor":7,"key":"Juzu Bracelet"},{"floor":9,"key":"Matryoshka"},{"floor":11,"key":"Whetstone"}],"event_choices":[{"damage_healed":0,"gold_gain":0,"player_choice":"Grow","damage_taken":0,"max_hp_gain":0,"max_hp_loss":0,"event_name":"Living Wall","floor":4,"gold_loss":0,"cards_upgraded":["WheelKick"]},{"damage_healed":0,"gold_gain":275,"player_choice":"Desecrate","damage_taken":0,"max_hp_gain":0,"max_hp_loss":0,"event_name":"Golden Shrine","floor":5,"gold_loss":0,"cards_obtained":["Regret"]},{"damage_healed":0,"gold_gain":0,"player_choice":"Forge","damage_taken":0,"max_hp_gain":0,"max_hp_loss":0,"event_name":"Accursed Blacksmith","floor":8,"gold_loss":0,"cards_upgraded":["Meditate"]},{"damage_healed":0,"gold_gain":0,"player_choice":"Left Gold","damage_taken":0,"max_hp_gain":0,"max_hp_loss":0,"event_name":"World of Goop","floor":13,"gold_loss":63}],"is_beta":true,"boss_relics":[],"items_purged_floors":[10],"is_endless":false,"potions_floor_spawned":[1,7],"killed_by":"3 Sentries","ascension_level":20}}