{"host":"wha9hktbkslqvblg","time":1608510651,"event":{"mods":["BaseMod","Colored Map","Minty Spire (QoL Compilation)","Relic Stats","SuperFastMode","everything is the same but u backflip on backflip"],"gold_per_floor":[113,38,38,38,38,77,77,111,111,135,58,89,110,140,140,140,140],"floor_reached":16,"playtime":230,"items_purged":["Strike_R"],"score":332,"play_id":"7dc8f7a6-1373-4e54-9b76-388e5bc6b250","local_time":"20201221093051","is_ascension_mode":true,"campfire_choices":[{"data":"Armaments","floor":7.0,"key":"SMITH"},{"data":"Blood for Blood","floor":15.0,"key":"SMITH"}],"circlet_count":0,"master_deck":["AscendersBane","Strike_R","Strike_R+1","Strike_R","Defend_R","Defend_R","Defend_R","Defend_R","Bash+1","Pommel Strike","Armaments+1","Flame Barrier","Hemokinesis","Blood for Blood+1"],"relics":["Burning Blood","NeowsBlessing","Golden Idol","Charon\u0027s Ashes","InkBottle","Strawberry","Whetstone","Anchor"],"acts_visited":["Exordium"],"potions_floor_usage":[],"damage_taken":[{"damage":0.0,"enemies":"Small Slimes","floor":1.0,"turns":1.0},{"damage":0.0,"enemies":"Gremlin Nob","floor":6.0,"turns":1.0},{"damage":0.0,"enemies":"Lagavulin","floor":8.0,"turns":2.0},{"damage":0.0,"enemies":"2 Louse","floor":10.0,"turns":2.0},{"damage":36.0,"enemies":"Gremlin Nob","floor":12.0,"turns":4.0},{"damage":2.0,"enemies":"Jaw Worm","floor":13.0,"turns":3.0},{"damage":30,"enemies":"The Guardian","floor":16,"turns":8}],"seed_played":"-5320233414432806323","potions_obtained":[{"floor":1.0,"key":"SpeedPotion"},{"floor":10.0,"key":"FearPotion"}],"is_trial":false,"path_per_floor":["M","$","?","?","?","E","R","E","T","M","$","E","M","?","R","B"],"character_chosen":"IRONCLAD","items_purchased":["Hemokinesis"],"campfire_rested":0,"item_purchase_floors":[11],"current_hp_per_floor":[74,74,48,41,36,42,42,55,55,61,61,31,35,35,35,5,5],"gold":140,"neow_bonus":"THREE_ENEMY_KILL","is_daily":false,"chose_seed":false,"campfire_upgraded":2,"win_rate":0.0,"timestamp":1608510651,"path_taken":["M","$","?","?","?","E","R","E","T","M","$","E","M","?","R","BOSS"],"items_purchased_type":["Card"],"build_version":"2020-12-13","purchased_purges":1,"victory":false,"max_hp_per_floor":[75,75,75,75,75,75,75,82,82,82,82,82,82,82,82,82,82],"relic_stats":{"counters":[7,21],"Golden Idol":30,"Charon\u0027s Ashes":[9],"Whetstone":["Bash","Strike_R"],"obtain_stats":[{"Anchor":12,"NeowsBlessing":0,"Golden Idol":3,"Strawberry":8,"Charon\u0027s Ashes":5,"Whetstone":9,"Burning Blood":0,"InkBottle":6},{"Anchor":5,"NeowsBlessing":0,"Golden Idol":1,"Strawberry":3,"Charon\u0027s Ashes":1,"Whetstone":3,"Burning Blood":0,"InkBottle":2},{"Anchor":10,"NeowsBlessing":0,"Golden Idol":1,"Strawberry":4,"Charon\u0027s Ashes":1,"Whetstone":4,"Burning Blood":0,"InkBottle":2}],"Burning Blood":36,"InkBottle":[3]},"card_choices":[{"not_picked":["Clash","Warcry"],"picked":"Pommel Strike","floor":1.0},{"not_picked":["Cleave","Perfected Strike"],"picked":"Armaments","floor":6.0},{"not_picked":["Demon Form","Cleave"],"picked":"Flame Barrier","floor":8.0},{"not_picked":["Metallicize","Havoc","Combust"],"picked":"SKIP","floor":10.0},{"not_picked":["Dual Wield","Wild Strike","Clothesline"],"picked":"SKIP","floor":12.0},{"not_picked":["Headbutt","Metallicize"],"picked":"Blood for Blood","floor":13.0}],"player_experience":877616,"relics_obtained":[{"floor":6.0,"key":"InkBottle"},{"floor":8.0,"key":"Strawberry"},{"floor":9.0,"key":"Whetstone"},{"floor":12.0,"key":"Anchor"}],"event_choices":[{"damage_healed":0.0,"max_hp_gain":0.0,"max_hp_loss":0.0,"gold_gain":0.0,"event_name":"Golden Idol","player_choice":"Take Damage","floor":3.0,"gold_loss":0.0,"damage_taken":26.0,"relics_obtained":["Golden Idol"]},{"cards_removed":["Strike_R"],"damage_healed":0.0,"max_hp_gain":0.0,"max_hp_loss":0.0,"gold_gain":0.0,"event_name":"Golden Wing","player_choice":"Card Removal","floor":4.0,"gold_loss":0.0,"damage_taken":7.0},{"damage_healed":0.0,"max_hp_gain":0.0,"max_hp_loss":0.0,"gold_gain":0.0,"event_name":"Scrap Ooze","player_choice":"Success","floor":5.0,"gold_loss":0.0,"damage_taken":5.0,"relics_obtained":["Charon\u0027s Ashes"]},{"damage_healed":0.0,"max_hp_gain":0.0,"max_hp_loss":0.0,"gold_gain":30.0,"event_name":"Dead Adventurer","player_choice":"Searched \u00271\u0027 times","floor":14.0,"gold_loss":0.0,"damage_taken":0.0}],"is_beta":false,"boss_relics":[],"items_purged_floors":[2],"is_endless":false,"potions_floor_spawned":[1,10],"killed_by":"The Guardian","ascension_level":20}}