{"host":"kw4o7b3ro2ktmmbe","time":1608594680,"event":{"mods":["BaseMod","Minty Spire (QoL Compilation)","StSLib","The Mystic","Treasure Hunter"],"gold_per_floor":[121,121,134,209,65,65,84,84,109,123,139,152,168,343,343,343,343],"floor_reached":16,"playtime":1558,"items_purged":[],"score":94,"play_id":"414ae9e8-7121-481f-a97b-d798bfc1942e","local_time":"20201222125120","is_ascension_mode":false,"campfire_choices":[{"data":"mysticmod:ShockingGrasp","floor":6.0,"key":"SMITH"},{"data":"mysticmod:ArcaneDodge","floor":8.0,"key":"SMITH"},{"data":"mysticmod:EbbAndFlow","floor":15.0,"key":"SMITH"}],"circlet_count":0,"master_deck":["mysticmod:Strike_Mystic","mysticmod:Strike_Mystic","mysticmod:Strike_Mystic","mysticmod:Strike_Mystic","mysticmod:Defend_Mystic","mysticmod:Defend_Mystic","mysticmod:Defend_Mystic","mysticmod:ArcaneDodge+1","mysticmod:ShockingGrasp+1","mysticmod:Flourish","TH:TreasureMap","mysticmod:HeavyStrike","mysticmod:EbbAndFlow+1"],"relics":["Snecko Eye","OrangePellets","Omamori"],"acts_visited":["Exordium"],"potions_floor_usage":[16,16],"damage_taken":[{"damage":0.0,"enemies":"Jaw Worm","floor":1.0,"turns":3.0},{"damage":0.0,"enemies":"Small Slimes","floor":3.0,"turns":3.0},{"damage":1.0,"enemies":"Cultist","floor":7.0,"turns":3.0},{"damage":2.0,"enemies":"3 Louse","floor":10.0,"turns":3.0},{"damage":5.0,"enemies":"Looter","floor":11.0,"turns":3.0},{"damage":14.0,"enemies":"Blue Slaver","floor":12.0,"turns":4.0},{"damage":11.0,"enemies":"Exordium Thugs","floor":13.0,"turns":4.0},{"damage":36,"enemies":"Hexaghost","floor":16,"turns":12}],"seed_played":"-8998515066755725089","potions_obtained":[{"floor":7.0,"key":"Fire Potion"},{"floor":11.0,"key":"EssenceOfSteel"},{"floor":12.0,"key":"SpeedPotion"},{"floor":13.0,"key":"Swift Potion"}],"is_trial":false,"path_per_floor":["M","?","M","?","$","R","M","R","T","M","M","M","M","?","R","B"],"character_chosen":"MYSTIC_CLASS","items_purchased":["OrangePellets"],"campfire_rested":0,"item_purchase_floors":[5],"current_hp_per_floor":[77,77,77,66,66,66,65,65,65,63,58,44,33,33,33,0,0],"gold":343,"neow_bonus":"BOSS_RELIC","is_daily":false,"chose_seed":false,"campfire_upgraded":3,"win_rate":0.0,"timestamp":1608594680,"path_taken":["M","?","M","?","?","R","M","R","T","M","M","?","M","?","R","BOSS"],"items_purchased_type":["Relic"],"build_version":"2020-12-13","purchased_purges":0,"victory":false,"max_hp_per_floor":[77,77,77,77,77,77,77,77,77,77,77,77,77,77,77,77,77],"card_choices":[{"not_picked":["mysticmod:Probe","mysticmod:Snowball","mysticmod:LightningBolt"],"picked":"SKIP","floor":1.0},{"not_picked":["mysticmod:MightyMagic","mysticmod:PowerAttack","mysticmod:Feint"],"picked":"SKIP","floor":3.0},{"not_picked":["mysticmod:PureInstinct","mysticmod:Snowball"],"picked":"mysticmod:Flourish","floor":7.0},{"not_picked":["TH:CopperCoins"],"picked":"TH:TreasureMap","floor":9.0},{"not_picked":["mysticmod:AllIn","mysticmod:Probe"],"picked":"mysticmod:HeavyStrike","floor":10.0},{"not_picked":["mysticmod:PowerSlash","mysticmod:ComponentsPouch","mysticmod:KeenEdge"],"picked":"SKIP","floor":11.0},{"not_picked":["mysticmod:Sideswipe","mysticmod:Alacrity","mysticmod:ComboCaster"],"picked":"SKIP","floor":12.0},{"not_picked":["mysticmod:Alacrity","mysticmod:SpellRecall"],"picked":"mysticmod:EbbAndFlow","floor":13.0}],"player_experience":1749058,"relics_obtained":[{"floor":9.0,"key":"Omamori"}],"event_choices":[{"cards_removed":["mysticmod:Defend_Mystic"],"damage_healed":0.0,"max_hp_gain":0.0,"max_hp_loss":0.0,"gold_gain":0.0,"event_name":"Living Wall","player_choice":"Forget","floor":2.0,"gold_loss":0.0,"damage_taken":0.0},{"damage_healed":0.0,"max_hp_gain":0.0,"max_hp_loss":0.0,"gold_gain":75.0,"event_name":"World of Goop","player_choice":"Gather Gold","floor":4.0,"gold_loss":0.0,"damage_taken":11.0},{"damage_healed":0.0,"max_hp_gain":0.0,"max_hp_loss":0.0,"gold_gain":175.0,"event_name":"Liars Game","player_choice":"AGREE","floor":14.0,"gold_loss":0.0,"damage_taken":0.0,"cards_obtained":["Doubt"]}],"is_beta":false,"boss_relics":[],"items_purged_floors":[],"is_endless":false,"potions_floor_spawned":[7,11,12,13],"killed_by":"Hexaghost","ascension_level":0}}