{"host":"llpusn9usp8rznkj","time":1608537840,"event":{"mods":["2.2 Compatiblity","Aspiration","BaseMod","Colored Map","Colored Powertips","Conspire","Hubris","Minty Spire (QoL Compilation)","Rare Cards Sparkle","Replay The Spire","StSLib","The Cursed"],"gold_per_floor":[112,147,112,112,112,112,37,37,50,50,50,85,85,98,132,206,206,206,206],"floor_reached":18,"playtime":486,"items_purged":["Strike_G"],"score":282,"play_id":"6416bf50-11c0-4e32-b476-d55979a63504","local_time":"20201221030400","is_ascension_mode":true,"campfire_choices":[{"data":"Neutralize","floor":8,"key":"SMITH"},{"data":"Dodge and Roll","floor":10,"key":"SMITH"},{"floor":17,"key":"REST"}],"circlet_count":0,"master_deck":["AscendersBane","Strike_G","Strike_G","Strike_G","Strike_G","Defend_G","Defend_G","Defend_G","Defend_G","Defend_G","Survivor","Neutralize+1","Backflip","Quick Slash+1","Dodge and Roll+1","Backstab","Backflip","Deadly Poison","Deadly Poison"],"relics":["Ring of the Snake","NeowsBlessing","Question Card","Smiling Mask","conspire:Dentures","hubris:AncientText"],"acts_visited":["Exordium"],"potions_floor_usage":[15,18],"damage_taken":[{"damage":0,"enemies":"Jaw Worm","floor":1,"turns":1},{"damage":0,"enemies":"2 Louse","floor":9,"turns":1},{"damage":0,"enemies":"Lagavulin","floor":12,"turns":1},{"damage":3,"enemies":"Cultist","floor":14,"turns":4},{"damage":16,"enemies":"3 Sentries","floor":15,"turns":16},{"damage":54,"enemies":"Fading Forest","floor":18,"turns":7}],"seed_played":"2232343766106036610","potions_obtained":[{"floor":12,"key":"Poison Potion"},{"floor":15,"key":"LiquidMemories"}],"is_trial":false,"path_per_floor":["M","?","?","?","PTL","PTL","$","R","M","R","T","E","?","M","E","?","R","B"],"character_chosen":"THE_SILENT","items_purchased":[],"campfire_rested":1,"item_purchase_floors":[],"current_hp_per_floor":[59,33,49,40,40,40,40,40,40,40,40,40,40,37,21,21,40,0,0],"gold":206,"neow_bonus":"THREE_ENEMY_KILL","is_daily":false,"chose_seed":false,"campfire_upgraded":2,"win_rate":0.0,"timestamp":1608537840,"path_taken":["M","?","?","?","PTL","PTL","$","R","?","R","T","E","?","M","E","?","R","BOSS"],"items_purchased_type":[],"build_version":"2020-12-13","purchased_purges":1,"victory":false,"max_hp_per_floor":[66,66,66,66,66,66,66,66,66,66,66,66,66,66,66,66,66,66,66],"card_choices":[{"not_picked":["Underhanded Strike","Calculated Gamble"],"picked":"Backflip","floor":1},{"not_picked":["Finisher","ReplayTheSpireMod:Tripwire"],"picked":"Quick Slash","floor":2},{"not_picked":["Poisoned Stab","hubris:SlightOfHand"],"picked":"Dodge and Roll","floor":2},{"not_picked":["Setup","Dagger Throw","Flying Knee"],"picked":"Backstab","floor":9},{"not_picked":["Cloak And Dagger","Predator","Doppelganger"],"picked":"Backflip","floor":12},{"not_picked":["Hidden Blade","Deflect","Heel Hook"],"picked":"Deadly Poison","floor":14},{"not_picked":["Hidden Blade","PiercingWail","Outmaneuver"],"picked":"Deadly Poison","floor":15}],"player_experience":1101865,"relics_obtained":[{"floor":2,"key":"Question Card"},{"floor":11,"key":"Smiling Mask"},{"floor":12,"key":"conspire:Dentures"},{"floor":15,"key":"hubris:AncientText"}],"event_choices":[{"damage_healed":16,"gold_gain":0,"player_choice":"Healed","damage_taken":0,"max_hp_gain":0,"max_hp_loss":0,"event_name":"The Cleric","floor":3,"gold_loss":35},{"damage_healed":0,"gold_gain":0,"player_choice":"Damaged","damage_taken":9,"max_hp_gain":0,"max_hp_loss":0,"event_name":"Wheel of Change","floor":4,"gold_loss":0},{"damage_healed":0,"gold_gain":0,"player_choice":"Grow","damage_taken":0,"max_hp_gain":0,"max_hp_loss":0,"event_name":"Living Wall","floor":13,"gold_loss":0,"cards_upgraded":["Quick Slash"]},{"damage_healed":0,"gold_gain":74,"player_choice":"Gained Gold","damage_taken":0,"max_hp_gain":0,"max_hp_loss":0,"event_name":"Golden Wing","floor":16,"gold_loss":0}],"is_beta":false,"boss_relics":[],"items_purged_floors":[7],"is_endless":false,"potions_floor_spawned":[12,15],"killed_by":"Fading Forest","ascension_level":20}}