{"host":"0b6qkelyb1zitflw","time":1608575425,"event":{"mods":["BaseMod","CapriCore","Custom Start","Highlight Path","KOR Keyword Fix","Minty Spire (QoL Compilation)","StSLib","The Immortal"],"gold_per_floor":[111,36,36,50,68,103,103,118,145,158,258,258,276,286,286,381,431,441,453,453,453,363,394,394,394,394,394],"floor_reached":25,"playtime":837,"items_purged":["MokouMod:Strike"],"score":223,"play_id":"cd5d7e82-ac07-4e73-bc5b-290908d30ed0","local_time":"20201222033025","is_ascension_mode":false,"campfire_choices":[{"data":"MokouMod:HeatSpark","floor":7,"key":"SMITH"},{"floor":12,"key":"REST"},{"floor":15,"key":"REST"},{"data":"RitualDagger","floor":24,"key":"SMITH"}],"circlet_count":0,"master_deck":["MokouMod:Strike","MokouMod:Strike","MokouMod:Strike","MokouMod:Defend","MokouMod:Defend","MokouMod:HeatSpark+1","MokouMod:BlazingComet+1","MokouMod:FlareStarter","Strike_R","MokouMod:CrimsonFlare","MokouMod:Geothermal+1","MokouMod:FlareStarter","MokouMod:BlazingComet","MokouMod:Wildfire","MokouMod:Ember","MokouMod:SacredFire","MokouMod:FlareStarter","RitualDagger+1"],"relics":["MokouMod:PhoenixFeather","Bag of Marbles","Art of War","Tiny House","Enchiridion","Potion Belt"],"acts_visited":["Exordium","TheCity"],"potions_floor_usage":[16,16,23,23],"damage_taken":[{"damage":11,"enemies":"2 Louse","floor":1,"turns":2},{"damage":1,"enemies":"Cultist","floor":4,"turns":4},{"damage":0,"enemies":"Small Slimes","floor":5,"turns":3},{"damage":32,"enemies":"Gremlin Nob","floor":6,"turns":4},{"damage":13,"enemies":"2 Fungi Beasts","floor":8,"turns":3},{"damage":11,"enemies":"Exordium Thugs","floor":10,"turns":4},{"damage":13,"enemies":"Red Slaver","floor":13,"turns":2},{"damage":0,"enemies":"2 Fungi Beasts","floor":14,"turns":2},{"damage":57,"enemies":"Slime Boss","floor":16,"turns":10},{"damage":35,"enemies":"2 Thieves","floor":18,"turns":4},{"damage":12,"enemies":"Shell Parasite","floor":19,"turns":3},{"damage":53,"enemies":"Book of Stabbing","floor":23,"turns":6},{"damage":28,"enemies":"Gremlin Leader","floor":25,"turns":6}],"seed_played":"-6976036264646868198","potions_obtained":[{"floor":6,"key":"Swift Potion"},{"floor":8,"key":"FairyPotion"},{"floor":13,"key":"Energy Potion"},{"floor":16,"key":"LiquidMemories"},{"floor":17,"key":"Regen Potion"},{"floor":18,"key":"FearPotion"},{"floor":23,"key":"SteroidPotion"}],"is_trial":false,"path_per_floor":["M","$","?","M","M","E","R","M","T","M","?","R","M","M","R","B",null,"M","M","?","?","?","E","R","E"],"character_chosen":"MKU","items_purchased":[],"campfire_rested":2,"item_purchase_floors":[],"current_hp_per_floor":[64,64,64,63,63,31,31,18,18,7,7,29,16,16,38,11,80,45,33,27,11,11,20,20,19,19,19],"gold":394,"neow_bonus":"TRANSFORM_CARD","is_daily":false,"chose_seed":false,"campfire_upgraded":2,"win_rate":0.0,"timestamp":1608575425,"path_taken":["M","$","?","M","?","E","R","?","T","M","?","R","?","M","R","BOSS","M","M","?","?","?","E","R","E"],"items_purchased_type":[],"build_version":"2020-12-13","purchased_purges":1,"victory":false,"max_hp_per_floor":[75,75,75,75,75,75,75,75,75,75,75,75,75,75,75,75,80,80,80,80,80,80,80,80,80,80,80],"card_choices":[{"not_picked":["MokouMod:Overheat","MokouMod:ScorchingColumn"],"picked":"MokouMod:FlareStarter","floor":1},{"not_picked":["MokouMod:RoaringFlare","MokouMod:ResoluteFlare"],"picked":"MokouMod:CrimsonFlare","floor":4},{"not_picked":["MokouMod:Stoke","MokouMod:IllusoryBattlefield"],"picked":"MokouMod:Geothermal","floor":5},{"not_picked":["MokouMod:ProfanedFlare","MokouMod:TemporalFireSeal"],"picked":"MokouMod:FlareStarter","floor":6},{"not_picked":["MokouMod:DanceofFlames","MokouMod:Trailblazer"],"picked":"MokouMod:BlazingComet","floor":8},{"not_picked":["MokouMod:Stoke","MokouMod:InfernalWave"],"picked":"MokouMod:Wildfire","floor":10},{"not_picked":["MokouMod:FlickeringFlame","MokouMod:Firecracker"],"picked":"MokouMod:Ember","floor":13},{"not_picked":["MokouMod:TemporalFireSeal","MokouMod:Stoke","MokouMod:Trailblazer"],"picked":"SKIP","floor":14},{"not_picked":["MokouMod:Extinguish","MokouMod:EnchantingBambooForest"],"picked":"MokouMod:SacredFire","floor":16},{"not_picked":["MokouMod:AdaptivePyromancy","MokouMod:ResoluteFlare+1","MokouMod:Stoke+1"],"picked":"SKIP","floor":18},{"not_picked":["MokouMod:ScorchingColumn","MokouMod:ProfanedFlare"],"picked":"MokouMod:FlareStarter","floor":19},{"not_picked":["MokouMod:CrimsonArmoury+1","MokouMod:Cataclysm","MokouMod:ScorchingColumn"],"picked":"SKIP","floor":23}],"player_experience":310127,"relics_obtained":[{"floor":6,"key":"Bag of Marbles"},{"floor":9,"key":"Art of War"},{"floor":21,"key":"Enchiridion"},{"floor":23,"key":"Potion Belt"}],"event_choices":[{"cards_removed":["MokouMod:Strike"],"damage_healed":0,"gold_gain":0,"player_choice":"Took Card","damage_taken":0,"max_hp_gain":0,"max_hp_loss":0,"event_name":"NoteForYourself","floor":3,"gold_loss":0,"cards_obtained":["Strike_R"]},{"damage_healed":0,"gold_gain":100,"player_choice":"Pray","damage_taken":0,"max_hp_gain":0,"max_hp_loss":0,"event_name":"Golden Shrine","floor":11,"gold_loss":0},{"damage_healed":0,"gold_gain":0,"player_choice":"Joined the Cult","damage_taken":6,"max_hp_gain":0,"max_hp_loss":0,"event_name":"Nest","floor":20,"gold_loss":0,"cards_obtained":["RitualDagger"]},{"damage_healed":0,"gold_gain":0,"player_choice":"Obtained Book","damage_taken":16,"max_hp_gain":0,"max_hp_loss":0,"event_name":"Cursed Tome","floor":21,"gold_loss":0},{"cards_removed":["MokouMod:Defend"],"damage_healed":0,"gold_gain":0,"player_choice":"Upgrade and Remove","damage_taken":0,"max_hp_gain":0,"max_hp_loss":0,"event_name":"Designer","floor":22,"gold_loss":90,"cards_upgraded":["MokouMod:BlazingComet"]}],"is_beta":false,"boss_relics":[{"not_picked":["Pandora\u0027s Box","SacredBark"],"picked":"Tiny House"}],"items_purged_floors":[2],"is_endless":false,"potions_floor_spawned":[6,8,13,16,18,23],"killed_by":"Gremlin Leader","ascension_level":0}}