{"host":"0ueeacaatm8t6jyh","time":1608572611,"event":{"mods":["AchievementEnabler","BaseMod","Colored Powertips","Minty Spire (QoL Compilation)","Quick Restart","Rare Cards Sparkle","Shop Mod","StSLib"],"gold_per_floor":[112,125,300,319,11,38,38,67,67,67,81,81,96,116,116,116,116],"floor_reached":16,"playtime":618,"items_purged":["Doubt"],"score":219,"play_id":"920f63e0-0a9e-4c87-9844-41c671186592","local_time":"20201222014331","is_ascension_mode":true,"campfire_choices":[{"data":"White Noise","floor":7.0,"key":"SMITH"},{"floor":12,"key":"REST"},{"floor":15,"key":"REST"}],"circlet_count":0,"master_deck":["Strike_B","Strike_B","Strike_B","Defend_B","Defend_B","Defend_B","Defend_B","Zap","Dualcast","Tempest","White Noise+1","Capacitor","Static Discharge","Melter","Ball Lightning","Pain","Static Discharge","Sweeping Beam","Seek"],"relics":["Cracked Core","ClockworkSouvenir","The Courier","CaptainsWheel","Ginger","WarpedTongs"],"acts_visited":["Exordium"],"potions_floor_usage":[16],"damage_taken":[{"damage":2.0,"enemies":"Jaw Worm","floor":1.0,"turns":4.0},{"damage":0.0,"enemies":"2 Louse","floor":2.0,"turns":3.0},{"damage":5.0,"enemies":"Cultist","floor":4.0,"turns":4.0},{"damage":20.0,"enemies":"Lagavulin","floor":6.0,"turns":6.0},{"damage":30.0,"enemies":"3 Sentries","floor":8.0,"turns":7.0},{"damage":5,"enemies":"Gremlin Gang","floor":11,"turns":4},{"damage":14,"enemies":"3 Louse","floor":13,"turns":3},{"damage":5,"enemies":"Large Slime","floor":14,"turns":4},{"damage":31,"enemies":"Slime Boss","floor":16,"turns":6}],"seed_played":"1684850085821244507","potions_obtained":[{"floor":1.0,"key":"Strength Potion"},{"floor":6.0,"key":"Swift Potion"},{"floor":11,"key":"CultistPotion"}],"is_trial":false,"path_per_floor":["M","M","?","M","$","E","R","E","T","?","M","R","M","M","R","B"],"character_chosen":"DEFECT","items_purchased":["ClockworkSouvenir","Static Discharge"],"campfire_rested":2,"item_purchase_floors":[5,5],"current_hp_per_floor":[66,66,66,61,61,41,41,11,11,11,6,28,14,9,31,0,0],"gold":116,"neow_bonus":"TRANSFORM_CARD","is_daily":false,"chose_seed":false,"campfire_upgraded":1,"win_rate":0.0,"timestamp":1608572611,"path_taken":["M","M","?","M","$","E","R","E","T","?","?","R","?","M","R","BOSS"],"items_purchased_type":["Relic","Card"],"build_version":"2020-12-13","purchased_purges":1,"victory":false,"max_hp_per_floor":[75,75,75,75,75,75,75,75,75,75,75,75,75,75,75,75,75],"card_choices":[{"not_picked":["Consume","Sweeping Beam"],"picked":"White Noise","floor":1.0},{"not_picked":["Rebound","Blizzard","Beam Cell"],"picked":"SKIP","floor":2.0},{"not_picked":["Beam Cell","Genetic Algorithm"],"picked":"Capacitor","floor":4.0},{"not_picked":["Blizzard","Sweeping Beam"],"picked":"Melter","floor":6.0},{"not_picked":["Cold Snap","Sunder"],"picked":"Ball Lightning","floor":8.0},{"not_picked":["Undo","Barrage"],"picked":"Static Discharge","floor":11},{"not_picked":["Ball Lightning","Beam Cell"],"picked":"Sweeping Beam","floor":13},{"not_picked":["Static Discharge","Rip and Tear"],"picked":"Seek","floor":14}],"player_experience":291003,"relics_obtained":[{"floor":6.0,"key":"The Courier"},{"floor":8.0,"key":"CaptainsWheel"},{"floor":9.0,"key":"Ginger"}],"event_choices":[{"damage_healed":0.0,"max_hp_gain":0.0,"max_hp_loss":0.0,"gold_gain":175.0,"event_name":"Liars Game","player_choice":"AGREE","floor":3.0,"gold_loss":0.0,"damage_taken":0.0,"cards_obtained":["Doubt"]},{"damage_healed":0.0,"max_hp_gain":0.0,"max_hp_loss":0.0,"gold_gain":0.0,"event_name":"Accursed Blacksmith","player_choice":"Rummage","floor":10.0,"gold_loss":0.0,"damage_taken":0.0,"relics_obtained":["WarpedTongs"],"cards_obtained":["Pain"]}],"is_beta":false,"boss_relics":[],"items_purged_floors":[5],"is_endless":false,"potions_floor_spawned":[1,6,11],"killed_by":"Slime Boss","ascension_level":7}}