{"host":"cc187","time":1608515289,"event":{"mods":["AchievementEnabler","BaseMod","Bestiary","Colored Map","Colored Powertips","Highlight Path","Keyboard Shortcuts","Minty Spire (QoL Compilation)","Quick Restart","Rare Cards Sparkle","Relic Stats","StSLib","SuperFastMode","Synergy Search","ojb\u0027s Info Mod"],"gold_per_floor":[118,118,193,118,118,152,77,77,100,143,36,56,72,91,91,184,184,197,147,162,182,182,218,218,237,261,294,307,332,346,34,34,34,34],"floor_reached":33,"playtime":2443,"items_purged":["Defend_G"],"score":754,"play_id":"7083e86d-683a-4268-904d-e43f9b6b0129","local_time":"20201221014809","is_ascension_mode":true,"campfire_choices":[{"data":"Unload","floor":8,"key":"SMITH"},{"data":"Terror","floor":15,"key":"SMITH"},{"floor":24,"key":"REST"},{"data":"Tools of the Trade","floor":32,"key":"SMITH"}],"circlet_count":0,"master_deck":["AscendersBane","Strike_G","Strike_G","Strike_G","Strike_G","Defend_G+1","Defend_G","Defend_G","Defend_G","Survivor+1","Neutralize","Underhanded Strike","Unload+1","Escape Plan","Terror+1","Quick Slash","Backflip","Dagger Throw","Backstab","Glass Knife","CurseOfTheBell","Leg Sweep","Footwork","Acrobatics","Wraith Form v2","Blade Dance","Well Laid Plans","Tools of the Trade+1"],"relics":["Ring of the Snake","NeowsBlessing","War Paint","Golden Idol","Tiny Chest","Oddly Smooth Stone","Pen Nib","Calling Bell","Art of War","Ninja Scroll","CaptainsWheel","StrikeDummy","Boot","Mummified Hand","Lee\u0027s Waffle"],"acts_visited":["Exordium","TheCity"],"potions_floor_usage":[16,16,18,23,27,27,29,33],"damage_taken":[{"damage":0,"enemies":"Cultist","floor":1,"turns":1},{"damage":0,"enemies":"Gremlin Nob","floor":6,"turns":1},{"damage":0,"enemies":"3 Sentries","floor":10,"turns":1},{"damage":0,"enemies":"Small Slimes","floor":12,"turns":3},{"damage":0,"enemies":"Jaw Worm","floor":13,"turns":2},{"damage":0,"enemies":"2 Fungi Beasts","floor":14,"turns":4},{"damage":0,"enemies":"Slime Boss","floor":16,"turns":6},{"damage":6,"enemies":"3 Byrds","floor":18,"turns":4},{"damage":0,"enemies":"2 Thieves","floor":20,"turns":2},{"damage":26,"enemies":"Snecko","floor":21,"turns":6},{"damage":8,"enemies":"Book of Stabbing","floor":23,"turns":5},{"damage":8,"enemies":"Chosen and Byrds","floor":25,"turns":3},{"damage":9,"enemies":"Slavers","floor":27,"turns":5},{"damage":0,"enemies":"Shelled Parasite and Fungi","floor":28,"turns":4},{"damage":0,"enemies":"Centurion and Healer","floor":29,"turns":3},{"damage":0,"enemies":"Sentry and Sphere","floor":30,"turns":4},{"damage":83,"enemies":"Champ","floor":33,"turns":9}],"seed_played":"-8779357390922419058","potions_obtained":[{"floor":1,"key":"Fire Potion"},{"floor":12,"key":"GamblersBrew"},{"floor":16,"key":"Explosive Potion"},{"floor":18,"key":"PowerPotion"},{"floor":23,"key":"AttackPotion"},{"floor":25,"key":"Explosive Potion"},{"floor":28,"key":"DistilledChaos"},{"floor":30,"key":"DistilledChaos"}],"is_trial":false,"path_per_floor":["M","T","?","?","?","E","$","R","T","E","$","M","M","M","R","B",null,"M","?","M","M","T","E","R","M","T","E","M","M","M","$","R","B"],"character_chosen":"THE_SILENT","items_purchased":["Terror","Quick Slash","Lee\u0027s Waffle","Tools of the Trade"],"campfire_rested":1,"item_purchase_floors":[11,11,31,31],"current_hp_per_floor":[59,59,48,48,48,48,48,48,48,48,48,48,48,48,48,48,57,51,51,51,25,25,17,35,27,27,18,18,18,18,67,67,0,0],"gold":34,"neow_bonus":"THREE_ENEMY_KILL","is_daily":false,"chose_seed":false,"campfire_upgraded":3,"win_rate":0.0,"timestamp":1608515289,"path_taken":["M","?","?","?","?","E","$","R","T","E","$","M","?","M","R","BOSS","M","?","?","M","?","E","R","M","T","E","M","M","M","$","R","BOSS"],"items_purchased_type":["Card","Card","Relic","Card"],"build_version":"2020-12-18","purchased_purges":1,"victory":false,"max_hp_per_floor":[66,66,66,66,60,60,60,60,60,60,60,60,60,60,60,60,60,60,60,60,60,60,60,60,60,60,60,60,60,60,67,67,67,67],"relic_stats":{"Lee\u0027s Waffle":49,"counters":[17,63],"Golden Idol":85,"Mummified Hand":[8],"Tiny Chest":1,"Pen Nib":[18],"Art of War":[1],"War Paint":["Defend_G","Survivor"],"Boot":[50],"obtain_stats":[{"Lee\u0027s Waffle":31,"NeowsBlessing":0,"Golden Idol":5,"Oddly Smooth Stone":9,"Pen Nib":10,"War Paint":2,"Boot":23,"Calling Bell":17,"CaptainsWheel":17,"Ninja Scroll":17,"Mummified Hand":27,"Tiny Chest":6,"Art of War":17,"StrikeDummy":22,"Ring of the Snake":0},{"Lee\u0027s Waffle":16,"NeowsBlessing":0,"Golden Idol":1,"Oddly Smooth Stone":2,"Pen Nib":3,"War Paint":1,"Boot":11,"Calling Bell":7,"CaptainsWheel":7,"Ninja Scroll":7,"Mummified Hand":13,"Tiny Chest":2,"Art of War":7,"StrikeDummy":10,"Ring of the Snake":0},{"Lee\u0027s Waffle":54,"NeowsBlessing":0,"Golden Idol":1,"Oddly Smooth Stone":2,"Pen Nib":3,"War Paint":1,"Boot":35,"Calling Bell":18,"CaptainsWheel":18,"Ninja Scroll":18,"Mummified Hand":43,"Tiny Chest":2,"Art of War":18,"StrikeDummy":30,"Ring of the Snake":0}],"Ring of the Snake":[34]},"card_choices":[{"not_picked":["Prepared","Bane"],"picked":"Underhanded Strike","floor":1},{"not_picked":["Crippling Poison","Bane"],"picked":"Unload","floor":6},{"not_picked":["Expertise","Underhanded Strike"],"picked":"Escape Plan","floor":10},{"not_picked":["Caltrops","Cloak And Dagger"],"picked":"Backflip","floor":12},{"not_picked":["Poisoned Stab","Leg Sweep"],"picked":"Dagger Throw","floor":13},{"not_picked":["Acrobatics","Escape Plan"],"picked":"Backstab","floor":14},{"not_picked":["Grand Finale","Wraith Form v2"],"picked":"Glass Knife","floor":16},{"not_picked":["Bane+1","Sucker Punch"],"picked":"Leg Sweep","floor":18},{"not_picked":["Blade Dance","Poisoned Stab"],"picked":"Footwork","floor":20},{"not_picked":["Distraction","Choke"],"picked":"Acrobatics","floor":21},{"not_picked":["Distraction","Reflex","Dodge and Roll"],"picked":"SKIP","floor":23},{"not_picked":["Noxious Fumes+1","Endless Agony","Acrobatics"],"picked":"SKIP","floor":25},{"not_picked":["Prepared","Noxious Fumes"],"picked":"Wraith Form v2","floor":27},{"not_picked":["Calculated Gamble","Deadly Poison+1"],"picked":"Blade Dance","floor":28},{"not_picked":["Outmaneuver+1","Underhanded Strike","Cloak And Dagger"],"picked":"SKIP","floor":29},{"not_picked":["PiercingWail","Slice"],"picked":"Well Laid Plans","floor":30}],"player_experience":821987,"relics_obtained":[{"floor":2,"key":"War Paint"},{"floor":6,"key":"Tiny Chest"},{"floor":9,"key":"Oddly Smooth Stone"},{"floor":10,"key":"Pen Nib"},{"floor":17,"key":"Art of War"},{"floor":17,"key":"Ninja Scroll"},{"floor":17,"key":"CaptainsWheel"},{"floor":22,"key":"StrikeDummy"},{"floor":23,"key":"Boot"},{"floor":27,"key":"Mummified Hand"}],"event_choices":[{"damage_healed":0,"gold_gain":75,"player_choice":"Gather Gold","damage_taken":11,"max_hp_gain":0,"max_hp_loss":0,"event_name":"World of Goop","floor":3,"gold_loss":0},{"cards_removed":["Strike_G"],"damage_healed":0,"gold_gain":0,"player_choice":"Card Removal","damage_taken":0,"max_hp_gain":0,"max_hp_loss":0,"event_name":"The Cleric","floor":4,"gold_loss":75},{"damage_healed":0,"gold_gain":0,"player_choice":"Lose Max HP","damage_taken":0,"relics_obtained":["Golden Idol"],"max_hp_gain":0,"max_hp_loss":6,"event_name":"Golden Idol","floor":5,"gold_loss":0},{"damage_healed":0,"gold_gain":0,"player_choice":"Bet on Murderer","damage_taken":0,"max_hp_gain":0,"max_hp_loss":0,"event_name":"The Joust","floor":19,"gold_loss":50}],"is_beta":true,"boss_relics":[{"not_picked":["Ectoplasm","Fusion Hammer"],"picked":"Calling Bell"}],"items_purged_floors":[7],"is_endless":false,"potions_floor_spawned":[1,12,16,18,23,25,28,30],"killed_by":"Champ","ascension_level":18}}