{"host":"u4tznopnj1dsdkte","time":1608594311,"event":{"mods":["AchievementEnabler","BaseMod","Colored Map","Colored Powertips","DeckTracker","Highlight Path","Minty Spire (QoL Compilation)","Relic Stats"],"gold_per_floor":[110,110,110,120,13,44,44,61,86,102,113,113,113,123,123,123,123],"floor_reached":16,"playtime":570,"items_purged":[],"score":204,"play_id":"dd577086-54f7-4db0-8a95-b691e5eb73bc","local_time":"20201222004511","is_ascension_mode":true,"campfire_choices":[{"data":"Zap","floor":7,"key":"SMITH"},{"floor":12,"key":"REST"},{"floor":15,"key":"REST"}],"circlet_count":0,"master_deck":["AscendersBane","Strike_B","Strike_B","Strike_B","Defend_B","Defend_B","Defend_B","Defend_B","Zap+1","Dualcast","Rebound","Recycle","Good Instincts","Conserve Battery","Scrape","Cold Snap","Electrodynamics"],"relics":["Cracked Core","NlothsMask","Vajra"],"acts_visited":["Exordium"],"potions_floor_usage":[6,14,16],"damage_taken":[{"damage":1,"enemies":"Small Slimes","floor":1,"turns":4},{"damage":0,"enemies":"2 Louse","floor":4,"turns":3},{"damage":37,"enemies":"3 Sentries","floor":6,"turns":10},{"damage":0,"enemies":"Cultist","floor":8,"turns":3},{"damage":0,"enemies":"2 Fungi Beasts","floor":10,"turns":3},{"damage":8,"enemies":"Blue Slaver","floor":11,"turns":4},{"damage":13,"enemies":"Exordium Wildlife","floor":14,"turns":4},{"damage":56,"enemies":"Hexaghost","floor":16,"turns":11}],"seed_played":"-727505951651357096","potions_obtained":[{"floor":4,"key":"EssenceOfSteel"},{"floor":6,"key":"Block Potion"},{"floor":11,"key":"Explosive Potion"},{"floor":14,"key":"Dexterity Potion"}],"is_trial":false,"path_per_floor":["M","?","?","M","$","E","R","M","T","M","M","R","?","M","R","B"],"character_chosen":"DEFECT","items_purchased":["Good Instincts"],"campfire_rested":2,"item_purchase_floors":[5],"current_hp_per_floor":[70,63,63,63,63,26,26,26,26,26,18,41,41,28,51,0,0],"gold":123,"neow_bonus":"TEN_PERCENT_HP_BONUS","is_daily":false,"chose_seed":false,"campfire_upgraded":1,"win_rate":0.0,"timestamp":1608594311,"path_taken":["M","?","?","M","$","E","R","M","T","M","?","R","?","M","R","BOSS"],"items_purchased_type":["Card"],"build_version":"2020-12-13","purchased_purges":0,"victory":false,"max_hp_per_floor":[78,78,78,78,78,78,78,78,78,78,78,78,78,78,78,78,78],"relic_stats":{"counters":[8,42],"obtain_stats":[{"Vajra":6,"Cracked Core":0,"NlothsMask":3},{"Vajra":3,"Cracked Core":0,"NlothsMask":1},{"Vajra":17,"Cracked Core":0,"NlothsMask":4}]},"card_choices":[{"not_picked":["Hologram","Beam Cell"],"picked":"Rebound","floor":1},{"not_picked":["Barrage","Reprogram"],"picked":"Recycle","floor":4},{"not_picked":["Turbo","Compile Driver"],"picked":"Conserve Battery","floor":6},{"not_picked":["Blizzard","Melter"],"picked":"Scrape","floor":8},{"not_picked":["Ball Lightning","Leap"],"picked":"Cold Snap","floor":10},{"not_picked":["Streamline","Hologram"],"picked":"Electrodynamics","floor":11},{"not_picked":["Conserve Battery","Compile Driver","Melter"],"picked":"SKIP","floor":14}],"player_experience":1242128,"relics_obtained":[{"floor":6,"key":"Vajra"}],"event_choices":[{"cards_removed":["Strike_B"],"damage_healed":0,"gold_gain":0,"player_choice":"Card Removal","damage_taken":7,"max_hp_gain":0,"max_hp_loss":0,"event_name":"Golden Wing","floor":2,"gold_loss":0},{"damage_healed":0,"gold_gain":0,"player_choice":"Trade","damage_taken":0,"relics_obtained":["NlothsMask"],"max_hp_gain":0,"max_hp_loss":0,"event_name":"FaceTrader","floor":3,"gold_loss":0},{"damage_healed":0,"gold_gain":0,"player_choice":"Ignored","damage_taken":0,"max_hp_gain":0,"max_hp_loss":0,"event_name":"Shining Light","floor":13,"gold_loss":0}],"is_beta":false,"boss_relics":[],"items_purged_floors":[],"is_endless":false,"potions_floor_spawned":[4,6,11,14],"killed_by":"Hexaghost","ascension_level":20}}