{"host":"szp1d6dso4pv7ddl","time":1608527270,"event":{"mods":["AchievementEnabler","Alarm Clock","BaseMod","Bestiary","Block Reminder","Colored Map","Colored Powertips","Curses Come First","Displayed Cursed Tome","Highlight Path","Minty Spire (QoL Compilation)","Permanent Neow","Quick Restart","Relic Sorter","Relic Stats","StSLib","Synergy Search"],"gold_per_floor":[111,111,111,123,143,143,173,5,59,59,59,59,59,6,6,125,125,138,157,31,47,47,71,106,125,193,193,207,207,230,249,249,374,374,395,199,222,242,575,575,575],"floor_reached":40,"playtime":2639,"items_purged":["Strike_G","Strike_G","Strike_G"],"score":433,"play_id":"7eab2930-131c-416d-b8f5-1462712d5224","local_time":"20201220210750","is_ascension_mode":false,"campfire_choices":[{"data":"Blade Dance","floor":6.0,"key":"SMITH"},{"floor":11.0,"key":"REST"},{"floor":13.0,"key":"REST"},{"data":"Cloak And Dagger","floor":15.0,"key":"SMITH"},{"floor":27,"key":"REST"},{"data":"Burst","floor":29,"key":"SMITH"},{"floor":32,"key":"REST"}],"circlet_count":0,"master_deck":["Strike_G","Strike_G","Defend_G","Defend_G","Defend_G","Defend_G","Defend_G","Survivor","Neutralize","Envenom","Rebound","Blade Dance+1","Bane","Blade Dance+1","Dodge and Roll","Cloak And Dagger+1","Burst+1","Cloak And Dagger","Backstab","Dodge and Roll+1","Dagger Spray","Skewer+1","Adrenaline","Backflip","Cloak And Dagger"],"relics":["Ring of the Snake","Nunchaku","Vajra","Art of War","Sozu","Regal Pillow","Mercury Hourglass","Philosopher\u0027s Stone"],"acts_visited":["Exordium","TheCity","TheBeyond"],"potions_floor_usage":[],"damage_taken":[{"damage":3.0,"enemies":"2 Louse","floor":1.0,"turns":4.0},{"damage":1.0,"enemies":"Jaw Worm","floor":4.0,"turns":6.0},{"damage":0.0,"enemies":"Cultist","floor":5.0,"turns":2.0},{"damage":33.0,"enemies":"3 Sentries","floor":7.0,"turns":9.0},{"damage":17.0,"enemies":"Hexaghost","floor":16.0,"turns":6.0},{"damage":0.0,"enemies":"3 Byrds","floor":18.0,"turns":3.0},{"damage":0.0,"enemies":"Shell Parasite","floor":19.0,"turns":1.0},{"damage":0,"enemies":"Centurion and Healer","floor":21,"turns":4},{"damage":9,"enemies":"Shelled Parasite and Fungi","floor":23,"turns":4},{"damage":16,"enemies":"Slavers","floor":24,"turns":5},{"damage":1,"enemies":"3 Cultists","floor":25,"turns":3},{"damage":2,"enemies":"Cultist and Chosen","floor":28,"turns":5},{"damage":0,"enemies":"Chosen and Byrds","floor":30,"turns":3},{"damage":15,"enemies":"Snake Plant","floor":31,"turns":5},{"damage":46,"enemies":"Collector","floor":33,"turns":9},{"damage":11,"enemies":"Orb Walker","floor":35,"turns":2},{"damage":25,"enemies":"3 Darklings","floor":37,"turns":2},{"damage":0,"enemies":"Sphere and 2 Shapes","floor":38,"turns":2},{"damage":35,"enemies":"Giant Head","floor":40,"turns":6}],"seed_played":"8526663516107828519","potions_obtained":[{"floor":1.0,"key":"Weak Potion"},{"floor":7.0,"key":"Poison Potion"},{"floor":16.0,"key":"CunningPotion"}],"is_trial":false,"path_per_floor":["M","?","?","M","M","R","E","$","T","?","R","?","R","$","R","B",null,"M","M","$","M","?","M","E","M","T","R","M","R","M","M","R","B",null,"M","$","M","M","?","E"],"character_chosen":"THE_SILENT","items_purchased":["Blade Dance","Dodge and Roll","Cloak And Dagger","Cloak And Dagger","Backflip","Cloak And Dagger"],"campfire_rested":4,"item_purchase_floors":[8,8,14,20,36,36],"current_hp_per_floor":[46,39,39,38,38,38,5,5,5,5,26,26,45,45,45,28,65,65,65,65,65,65,56,40,39,39,65,63,63,63,48,65,19,65,54,54,29,29,29,0,0],"gold":575,"neow_bonus":"THREE_RARE_CARDS","is_daily":false,"chose_seed":false,"campfire_upgraded":3,"win_rate":0.0,"timestamp":1608527270,"path_taken":["M","?","?","?","M","R","E","?","T","?","R","?","R","$","R","BOSS","M","M","$","M","?","M","E","M","T","R","M","R","M","M","R","BOSS","M","$","M","M","?","E"],"items_purchased_type":["Card","Card","Card","Card","Card","Card"],"build_version":"2020-12-13","purchased_purges":3,"victory":false,"max_hp_per_floor":[70,70,70,70,70,70,70,70,70,70,70,65,65,65,65,65,65,65,65,65,65,65,65,65,65,65,65,65,65,65,65,65,65,65,65,65,65,65,65,65,65],"relic_stats":{"Sozu":6,"Nunchaku":[35],"Regal Pillow":7,"counters":[19,81],"Art of War":[2],"obtain_stats":[{"Sozu":17,"Nunchaku":2,"Regal Pillow":24,"Golden Idol":12,"Vajra":7,"Philosopher\u0027s Stone":34,"Art of War":9,"Ring of the Snake":0,"Mercury Hourglass":26},{"Sozu":5,"Nunchaku":1,"Regal Pillow":10,"Golden Idol":4,"Vajra":4,"Philosopher\u0027s Stone":15,"Art of War":4,"Ring of the Snake":0,"Mercury Hourglass":11},{"Sozu":27,"Nunchaku":4,"Regal Pillow":44,"Golden Idol":21,"Vajra":21,"Philosopher\u0027s Stone":69,"Art of War":21,"Ring of the Snake":0,"Mercury Hourglass":47}],"Ring of the Snake":[38],"Mercury Hourglass":[144]},"card_choices":[{"not_picked":["Bullet Time","Unload"],"picked":"Envenom","floor":0.0},{"not_picked":["Deadly Poison","Deflect"],"picked":"Quick Slash","floor":1.0},{"not_picked":["Reflex","Deadly Poison"],"picked":"Blade Dance","floor":4.0},{"not_picked":["Outmaneuver","Caltrops","Cloak And Dagger"],"picked":"SKIP","floor":5.0},{"not_picked":["Bane","Caltrops","Tactician"],"picked":"SKIP","floor":7.0},{"not_picked":["Caltrops","Tactician"],"picked":"Bane","floor":7.0},{"not_picked":["Night Terror","Venomology"],"picked":"Burst","floor":16.0},{"not_picked":["Deadly Poison","Sucker Punch","Riddle With Holes"],"picked":"SKIP","floor":18.0},{"not_picked":["Deadly Poison+1","Acrobatics","Underhanded Strike"],"picked":"SKIP","floor":19.0},{"not_picked":["Backstab","Dagger Throw","Deadly Poison"],"picked":"SKIP","floor":21},{"not_picked":["Prepared","Tools of the Trade"],"picked":"Backstab","floor":23},{"not_picked":["Reflex","Dagger Throw"],"picked":"Dodge and Roll+1","floor":24},{"not_picked":["Acrobatics+1","Underhanded Strike"],"picked":"Dagger Spray","floor":25},{"not_picked":["Quick Slash","Deflect","Reflex"],"picked":"SKIP","floor":28},{"not_picked":["Noxious Fumes","Backflip"],"picked":"Skewer+1","floor":30},{"not_picked":["Backflip+1","Infinite Blades","Deflect+1"],"picked":"SKIP","floor":31},{"not_picked":["Die Die Die","Unload"],"picked":"Adrenaline","floor":33},{"not_picked":["Riddle With Holes+1","Quick Slash","Blade Dance"],"picked":"SKIP","floor":35},{"not_picked":["Setup+1","Dagger Spray+1","Choke"],"picked":"SKIP","floor":37},{"not_picked":["Leg Sweep+1","Predator+1","Sucker Punch"],"picked":"SKIP","floor":38}],"player_experience":783368,"relics_obtained":[{"floor":7.0,"key":"Vajra"},{"floor":9.0,"key":"Art of War"},{"floor":24,"key":"Regal Pillow"},{"floor":26,"key":"Mercury Hourglass"}],"event_choices":[{"damage_healed":0.0,"max_hp_gain":0.0,"max_hp_loss":0.0,"gold_gain":0.0,"event_name":"Scrap Ooze","player_choice":"Success","floor":2.0,"gold_loss":0.0,"damage_taken":7.0,"relics_obtained":["Nunchaku"]},{"cards_removed":["Quick Slash"],"damage_healed":0.0,"max_hp_gain":0.0,"max_hp_loss":0.0,"gold_gain":0.0,"event_name":"NoteForYourself","player_choice":"Took Card","floor":3.0,"gold_loss":0.0,"damage_taken":0.0,"cards_obtained":["Rebound"]},{"damage_healed":0.0,"max_hp_gain":0.0,"max_hp_loss":0.0,"gold_gain":0.0,"event_name":"Living Wall","player_choice":"Grow","floor":10.0,"gold_loss":0.0,"damage_taken":0.0,"cards_upgraded":["Blade Dance"]},{"damage_healed":0.0,"max_hp_gain":0.0,"max_hp_loss":5.0,"gold_gain":0.0,"event_name":"Golden Idol","player_choice":"Lose Max HP","floor":12.0,"gold_loss":0.0,"damage_taken":0.0,"relics_obtained":["Golden Idol"]},{"damage_healed":0,"gold_gain":0,"player_choice":"Ignored","damage_taken":0,"max_hp_gain":0,"max_hp_loss":0,"event_name":"Ghosts","floor":22,"gold_loss":0},{"damage_healed":0,"gold_gain":333,"player_choice":"Gave Idol","damage_taken":0,"max_hp_gain":0,"max_hp_loss":0,"event_name":"The Moai Head","floor":39,"relics_lost":["Golden Idol"],"gold_loss":0}],"is_beta":false,"boss_relics":[{"not_picked":["Runic Pyramid","Snecko Eye"],"picked":"Sozu"},{"not_picked":["HoveringKite","Coffee Dripper"],"picked":"Philosopher\u0027s Stone"}],"items_purged_floors":[8,20,36],"is_endless":false,"potions_floor_spawned":[1,7,16,18,19,23,30,33,38],"killed_by":"Giant Head","ascension_level":0}}