{"host":"fuszjwm6fqgjjp4d","time":1608534325,"event":{"mods":["BaseMod","Bestiary","Colored Map","DeckTracker","Minty Spire (QoL Compilation)","Permanent Neow","Relic Sorter","Relic Stats","StSLib"],"gold_per_floor":[116,116,116,41,41,69,69,97,97,143,143,161,161,173,173,252,252,227,227,142,154,167,167,167],"floor_reached":23,"playtime":568,"items_purged":["Doubt"],"score":384,"play_id":"682b2354-3bb8-47ef-b44e-7c61e7b8a41b","local_time":"20201221010525","is_ascension_mode":true,"campfire_choices":[{"floor":7,"key":"REST"},{"data":"Spot Weakness","floor":11,"key":"SMITH"},{"data":"Inflame","floor":13,"key":"SMITH"},{"data":"Bash","floor":15,"key":"SMITH"}],"circlet_count":0,"master_deck":["AscendersBane","Strike_R","Strike_R","Strike_R+1","Defend_R+1","Defend_R","Defend_R","Defend_R","Bash+1","Clothesline","Shrug It Off","Inflame+1","Spot Weakness+1","Shrug It Off","Shrug It Off","Impervious","Infernal Blade","Heavy Blade"],"relics":["Burning Blood","Lizard Tail","Matryoshka","Dream Catcher","Oddly Smooth Stone","Pear","CaptainsWheel","Sundial","Ancient Tea Set","Black Star","Pantograph"],"acts_visited":["Exordium","TheCity"],"potions_floor_usage":[6,8,16,18,21,23],"damage_taken":[{"damage":16,"enemies":"Small Slimes","floor":1,"turns":6},{"damage":12,"enemies":"Gremlin Nob","floor":6,"turns":4},{"damage":42,"enemies":"Lagavulin","floor":8,"turns":8},{"damage":0,"enemies":"2 Louse","floor":12,"turns":1},{"damage":0,"enemies":"Cultist","floor":14,"turns":3},{"damage":25,"enemies":"Slime Boss","floor":16,"turns":14},{"damage":17,"enemies":"2 Thieves","floor":18,"turns":4},{"damage":12,"enemies":"Chosen","floor":21,"turns":8},{"damage":5,"enemies":"Centurion and Healer","floor":22,"turns":7},{"damage":75,"enemies":"Gremlin Leader","floor":23,"turns":5}],"seed_played":"-1596087708802538143","potions_obtained":[{"floor":1,"key":"Block Potion"},{"floor":6,"key":"AttackPotion"},{"floor":8,"key":"DuplicationPotion"},{"floor":14,"key":"Explosive Potion"},{"floor":18,"key":"ColorlessPotion"},{"floor":22,"key":"PowerPotion"}],"is_trial":false,"path_per_floor":["M","?","?","$","?","E","R","E","T","T","R","M","R","M","R","B",null,"M","?","?","M","M","E"],"character_chosen":"IRONCLAD","items_purchased":[],"campfire_rested":1,"item_purchase_floors":[],"current_hp_per_floor":[58,63,39,39,13,7,31,46,56,56,56,62,62,68,68,49,80,69,69,69,63,64,0,0],"gold":167,"neow_bonus":"ONE_RARE_RELIC","is_daily":false,"chose_seed":false,"campfire_upgraded":3,"win_rate":0.0,"timestamp":1608534325,"path_taken":["M","?","?","$","?","E","R","E","T","?","R","M","R","M","R","BOSS","M","?","?","M","M","E"],"items_purchased_type":[],"build_version":"2020-12-13","purchased_purges":1,"victory":false,"max_hp_per_floor":[75,80,80,80,80,80,80,80,90,90,90,90,90,90,90,90,90,90,90,90,90,90,90,90],"relic_stats":{"Lizard Tail":40,"Dream Catcher":1,"counters":[10,60],"Sundial":[6],"Pantograph":0,"Black Star":0,"obtain_stats":[{"Lizard Tail":0,"Dream Catcher":6,"CaptainsWheel":9,"Matryoshka":5,"Pear":9,"Sundial":10,"Pantograph":20,"Oddly Smooth Stone":8,"Black Star":17,"Ancient Tea Set":10,"Burning Blood":0},{"Lizard Tail":0,"Dream Catcher":2,"CaptainsWheel":3,"Matryoshka":1,"Pear":3,"Sundial":3,"Pantograph":7,"Oddly Smooth Stone":3,"Black Star":6,"Ancient Tea Set":3,"Burning Blood":0},{"Lizard Tail":0,"Dream Catcher":10,"CaptainsWheel":18,"Matryoshka":6,"Pear":18,"Sundial":18,"Pantograph":40,"Oddly Smooth Stone":18,"Black Star":36,"Ancient Tea Set":18,"Burning Blood":0}],"Burning Blood":54},"card_choices":[{"not_picked":["Warcry","Iron Wave"],"picked":"Clothesline","floor":1},{"not_picked":["Cleave","Combust"],"picked":"Shrug It Off","floor":6},{"not_picked":["Armaments","Fire Breathing"],"picked":"Inflame","floor":7},{"not_picked":["Corruption","Headbutt"],"picked":"Spot Weakness","floor":8},{"not_picked":["Uppercut","Blood for Blood","Flex"],"picked":"SKIP","floor":12},{"not_picked":["Entrench","Flame Barrier"],"picked":"Shrug It Off","floor":14},{"not_picked":["Armaments","Heavy Blade"],"picked":"Shrug It Off","floor":18},{"not_picked":["Havoc","Clash","Shockwave"],"picked":"SKIP","floor":21},{"not_picked":["Pommel Strike","Brutality"],"picked":"Heavy Blade","floor":22}],"player_experience":1191858,"relics_obtained":[{"floor":6,"key":"Dream Catcher"},{"floor":8,"key":"Oddly Smooth Stone"},{"floor":9,"key":"Pear"},{"floor":9,"key":"CaptainsWheel"},{"floor":10,"key":"Sundial"},{"floor":10,"key":"Ancient Tea Set"}],"event_choices":[{"damage_healed":0,"gold_gain":0,"player_choice":"Donut","damage_taken":0,"max_hp_gain":5,"max_hp_loss":0,"event_name":"Big Fish","floor":2,"gold_loss":0},{"damage_healed":0,"gold_gain":0,"player_choice":"Entered Light","damage_taken":24,"max_hp_gain":0,"max_hp_loss":0,"event_name":"Shining Light","floor":3,"gold_loss":0,"cards_upgraded":["Defend_R","Strike_R"]},{"damage_healed":0,"gold_gain":0,"player_choice":"Success","damage_taken":26,"relics_obtained":["Matryoshka"],"max_hp_gain":0,"max_hp_loss":0,"event_name":"Scrap Ooze","floor":5,"gold_loss":0},{"damage_healed":0,"gold_gain":0,"cards_transformed":["Strike_R","Strike_R"],"player_choice":"Became Test Subject","damage_taken":0,"max_hp_gain":0,"max_hp_loss":0,"event_name":"Drug Dealer","floor":19,"gold_loss":0,"cards_obtained":["Impervious","Infernal Blade"]},{"damage_healed":0,"gold_gain":0,"player_choice":"Obtained Relic","damage_taken":0,"relics_obtained":["Pantograph"],"max_hp_gain":0,"max_hp_loss":0,"event_name":"Addict","floor":20,"gold_loss":85}],"is_beta":false,"boss_relics":[{"not_picked":["Busted Crown","Coffee Dripper"],"picked":"Black Star"}],"items_purged_floors":[4],"is_endless":false,"potions_floor_spawned":[1,6,8,14,18,22],"killed_by":"Gremlin Leader","ascension_level":19}}