{"host":"hoz3ngw650fbea07","time":1608580150,"event":{"mods":["AchievementEnabler","Aspiration","BaseMod","Better Altar","Better Match","Better Note","Better Sensory Stone","Better Skull","Better Third Choice","BetterRewards","CCEM","Clawfect","Colored Map","Conspire","Downfall","GifTheSpireLib","Halation","Highlight Path","Hubris","Infinite Spire","Minty Spire (QoL Compilation)","Permanent Neow","StSLib","Unceasing Turn Reminder","Waifu the Spire","everything is the same but u backflip on backflip","slay the spire mod where everything is the same but ironclad has a cowboy hat"],"gold_per_floor":[99,99,99,112,131,131,158,158,188,188,206,223,238,238,256,351,351,276,296,296,309,309,337,391,422,472,397,397,408,104,119,135,135,135,135],"floor_reached":33,"playtime":1684,"items_purged":["Slimebound:Darklings+1","Slimebound:Strike_Slimebound","Slimebound:Strike_Slimebound"],"score":353,"play_id":"1fd1398a-585d-4257-bc03-f34abc9b57a8","local_time":"20201221124910","is_ascension_mode":true,"campfire_choices":[{"data":"Slimebound:CorrosiveSpit","floor":1,"key":"SMITH"},{"data":"Slimebound:RollThrough","floor":6,"key":"SMITH"},{"data":"Slimebound:ComboTackle","floor":8,"key":"SMITH"},{"data":"Slimebound:SpikyOuterGoop","floor":10,"key":"SMITH"},{"data":"Slimebound:Darklings","floor":18,"key":"SMITH"},{"floor":20,"key":"REST"},{"data":"infinitespire:Collect","floor":27,"key":"SMITH"}],"circlet_count":0,"master_deck":["Slimebound:Strike_Slimebound+1","Slimebound:Tackle","Slimebound:Defend_Slimebound","Slimebound:Defend_Slimebound","Slimebound:Defend_Slimebound","Slimebound:Defend_Slimebound","Slimebound:CorrosiveSpit+1","Slimebound:ComboTackle+1","Slimebound:RollThrough+1","Slimebound:SamplingLick","Slimebound:SpikyOuterGoop+1","Slimebound:FinishingTackle","Slimebound:HauntingLick","Slimebound:RollThrough","Slimebound:Nibble+1","Slimebound:Prepare","infinitespire:Collect+1","Slimebound:SamplingLick","Slimebound:HauntingLick","Slimebound:SamplingLick","Slimebound:SplitMire"],"relics":["Slimebound:AbsorbEndCombat","hubris:OldNail","CCEMRelics:OverlyComfyChair","downfall:HeartBlessingBlue","conspire:BottledYoYo","hubris:SlimyHat","conspire:Dentures","hubris:MedicalManual","Tiny House","downfall:HeartBlessingGreen","hubris:EvacipatedBox","Potion Belt"],"acts_visited":["Exordium","TheCity"],"potions_floor_usage":[9,16,16,19,23,23,23,23,25,25,29,30,32,33],"damage_taken":[{"damage":5,"enemies":"2 Louse","floor":4,"turns":2},{"damage":0,"enemies":"Cultist","floor":5,"turns":3},{"damage":15,"enemies":"Lagavulin","floor":9,"turns":5},{"damage":0,"enemies":"Small Slimes","floor":11,"turns":3},{"damage":3,"enemies":"Exordium Thugs","floor":12,"turns":3},{"damage":1,"enemies":"Lots of Slimes","floor":13,"turns":3},{"damage":3,"enemies":"conspire:2 RoseBushes","floor":15,"turns":4},{"damage":41,"enemies":"downfall:Ironclad","floor":16,"turns":9},{"damage":46,"enemies":"conspire:FuzzyDice","floor":19,"turns":6},{"damage":26,"enemies":"Spheric Guardian","floor":21,"turns":4},{"damage":0,"enemies":"Nightmare","floor":23,"turns":1},{"damage":31,"enemies":"Gremlin Leader","floor":25,"turns":5},{"damage":13,"enemies":"Snake Plant","floor":29,"turns":4},{"damage":0,"enemies":"downfall:FleeingMerchant","floor":30,"turns":4},{"damage":30,"enemies":"Shelled Parasite and Fungi","floor":31,"turns":8},{"damage":16,"enemies":"Centurion and Healer","floor":32,"turns":10},{"damage":41,"enemies":"downfall:Defect","floor":33,"turns":9}],"seed_played":"-2647849458580912302","potions_obtained":[{"floor":5,"key":"BlessingOfTheForge"},{"floor":13,"key":"FearPotion"},{"floor":15,"key":"Energy Potion"},{"floor":16,"key":"SteroidPotion"},{"floor":21,"key":"Dexterity Potion"},{"floor":22,"key":"EntropicBrew"},{"floor":22,"key":"Weak Potion"},{"floor":26,"key":"Explosive Potion"},{"floor":29,"key":"DuplicationPotion"},{"floor":31,"key":"EssenceOfSteel"},{"floor":32,"key":"Block Potion"}],"is_trial":false,"path_per_floor":["R","?","?","M","M","R","T","R","E","R","M","M","M","T","M","B",null,"R","M","R","M","?","NM","T","E","AVR","R","$","M","$","M","M","B"],"character_chosen":"SLIMEBOUND","items_purchased":["hubris:EvacipatedBox","Potion Belt","Slimebound:HauntingLick"],"campfire_rested":1,"item_purchase_floors":[28,30,30],"current_hp_per_floor":[60,65,65,62,64,64,64,64,54,54,58,59,65,65,65,32,65,75,43,65,53,53,53,53,45,50,50,26,23,31,15,18,0,0,0],"gold":135,"neow_bonus":"THREE_CARDS","is_daily":false,"chose_seed":false,"campfire_upgraded":6,"win_rate":0.0,"timestamp":1608580150,"path_taken":["R","?","?","M","M","R","T","R","E","R","M","?","M","?","M","BOSS","R","M","R","M","?","NM","T","E","AVR","R","?","M","$","M","M","BOSS"],"items_purchased_type":["Relic","Relic","Card"],"build_version":"2020-12-13","purchased_purges":3,"victory":false,"max_hp_per_floor":[60,65,65,65,65,65,65,65,65,65,65,65,65,65,65,65,65,75,75,75,75,75,75,75,75,80,80,80,80,80,80,80,80,80,80],"card_choices":[{"not_picked":["Slimebound:AcidTongue","Slimebound:Schlurp"],"picked":"Slimebound:ComboTackle","floor":0},{"not_picked":["Slimebound:GrowthPunch","Slimebound:LeadByExample"],"picked":"Slimebound:SamplingLick","floor":4},{"not_picked":["Slimebound:Dissolve","Slimebound:PressTheAttack"],"picked":"Slimebound:SpikyOuterGoop","floor":5},{"not_picked":["Slimebound:ViciousTackle","Slimebound:LeechEnergy"],"picked":"Slimebound:FinishingTackle","floor":9},{"not_picked":["Slimebound:SplitAcid","Slimebound:TongueLash","Slimebound:SplitSpecialist"],"picked":"SKIP","floor":11},{"not_picked":["Slimebound:ComboTackle","Slimebound:FinishingTackle"],"picked":"Slimebound:HauntingLick","floor":12},{"not_picked":["Slimebound:ServeAndProtect","Slimebound:FinishingTackle","Slimebound:LeechingTouch"],"picked":"SKIP","floor":13},{"not_picked":["Slimebound:SplitMire","Slimebound:HauntingLick","Slimebound:SplitLeeching"],"picked":"SKIP","floor":15},{"not_picked":["Slimebound:SlimeSlap","Slimebound:WasteNot"],"picked":"Slimebound:Darklings","floor":16},{"not_picked":["Slimebound:SamplingLick","Slimebound:ViciousTackle"],"picked":"Slimebound:RollThrough","floor":19},{"not_picked":["Slimebound:TongueLash","Slimebound:SplitAcid"],"picked":"Slimebound:Nibble+1","floor":21},{"not_picked":["Slimebound:Dissolve","Slimebound:Equalize"],"picked":"Slimebound:Prepare","floor":23},{"not_picked":["Slimebound:LeechingTouch+1","Slimebound:LeechEnergy","Slimebound:SplitSpecialist"],"picked":"SKIP","floor":25},{"not_picked":["Slimebound:GrowthPunch+1","Slimebound:DisruptingSlam"],"picked":"Slimebound:SamplingLick","floor":26},{"not_picked":["Slimebound:WasteNot","Slimebound:SplitLeeching+1","Slimebound:Schlurp"],"picked":"SKIP","floor":29},{"not_picked":["Slimebound:LeechingTouch+1","Slimebound:Darklings","Slimebound:Nibble+1"],"picked":"SKIP","floor":30},{"not_picked":["Slimebound:Schlurp","Slimebound:LeechingTouch"],"picked":"Slimebound:SamplingLick","floor":31},{"not_picked":["Slimebound:LeechEnergy+1","Slimebound:DisruptingSlam"],"picked":"Slimebound:SplitMire","floor":32}],"player_experience":117464,"relics_obtained":[{"floor":7,"key":"hubris:OldNail"},{"floor":9,"key":"CCEMRelics:OverlyComfyChair"},{"floor":23,"key":"conspire:BottledYoYo"},{"floor":24,"key":"hubris:SlimyHat"},{"floor":25,"key":"conspire:Dentures"}],"event_choices":[{"damage_healed":0,"gold_gain":0,"player_choice":"Donut","damage_taken":0,"max_hp_gain":5,"max_hp_loss":0,"event_name":"Big Fish","floor":2,"gold_loss":0},{"damage_healed":0,"gold_gain":0,"cards_transformed":["Slimebound:Split"],"player_choice":"Transformed","damage_taken":0,"max_hp_gain":0,"max_hp_loss":0,"event_name":"Transmorgrifier","floor":3,"gold_loss":0,"cards_obtained":["Slimebound:RollThrough"]},{"damage_healed":0,"gold_gain":0,"player_choice":"Got Potions","damage_taken":0,"max_hp_gain":0,"max_hp_loss":0,"event_name":"Lab","floor":22,"gold_loss":0}],"is_beta":false,"boss_relics":[{"not_picked":["aspiration:DefectSkillbook","CCEMRelics:GreenEgg","Fusion Hammer"]}],"items_purged_floors":[26,28,30],"is_endless":true,"potions_floor_spawned":[5,13,15,16,21,29,31,32],"killed_by":"downfall:Defect","ascension_level":1}}