{"host":"nox","time":1608524293,"event":{"mods":["Aspiration","BaseMod","Better Third Choice","Colored Powertips","Conspire","Hubris","Infinite Spire","Minty Spire (QoL Compilation)","Quick Restart","Rare Cards Sparkle","Replay The Spire","Shop Mod","Spikes Relics","StSLib","SuperFastMode","The Alterego","vexMod"],"gold_per_floor":[117,117,130,9,23,57,57,82,82,108,108,122,122,155,155,250,250,265,265,265,185,195,229,229,259,305,317,317,350,350,369,369,469,469,487,562,562,575,452,477,491,491,491,503,503,653,653,653],"floor_reached":47,"playtime":1898,"items_purged":["Strike_B","Rebound"],"score":647,"play_id":"b918364b-599f-4511-a671-8298c210bab1","local_time":"20201221111813","is_ascension_mode":true,"campfire_choices":[{"floor":13.0,"key":"REST"},{"data":"Beam Cell","floor":15.0,"key":"SMITH"},{"data":"Dualcast","floor":24.0,"key":"SMITH"},{"floor":28.0,"key":"REST"},{"floor":32.0,"key":"REST"},{"floor":42.0,"key":"REST"},{"floor":45.0,"key":"RECALL"}],"circlet_count":0,"master_deck":["Defend_B","Defend_B","Defend_B","Zap","Dualcast+1","Gash+1","Beam Cell+1","Gash","Echo Form","Static Discharge","Beam Cell+1","Go for the Eyes","Beam Cell+1","Echo Form","ReplayGash","infinitespire:SevenWalls","BlessedFruit","BlessedFruit"],"relics":["Cracked Core","Whetstone","infinitespire:Bottled Soul","infinitespire:Joker Card","The Courier","Pear","Replay:Drink Me","aspiration:HatOfInfinitePower","GiantMaggot","Toy Ornithopter","Lantern","SsserpentHead","aspiration:PoetsPen_weak","Ginger","vexMod:Cooldron","Smiling Mask","BrokenLever","HeavenlyBonsai","CultistMask"],"acts_visited":["Exordium","TheCity","TheBeyond"],"potions_floor_usage":[],"damage_taken":[{"damage":4.0,"enemies":"2 Louse","floor":1.0,"turns":2.0},{"damage":1.0,"enemies":"Cultist","floor":3.0,"turns":3.0},{"damage":7.0,"enemies":"Jaw Worm","floor":5.0,"turns":3.0},{"damage":25.0,"enemies":"Lagavulin","floor":6.0,"turns":7.0},{"damage":20.0,"enemies":"3 Sentries","floor":8.0,"turns":5.0},{"damage":24.0,"enemies":"Gremlin Nob","floor":10.0,"turns":4.0},{"damage":0.0,"enemies":"2 Fungi Beasts","floor":12.0,"turns":2.0},{"damage":15.0,"enemies":"Lagavulin","floor":14.0,"turns":5.0},{"damage":6.0,"enemies":"Slime Boss","floor":16.0,"turns":7.0},{"damage":15.0,"enemies":"2 Thieves","floor":18.0,"turns":3.0},{"damage":2.0,"enemies":"Spheric Guardian","floor":22.0,"turns":3.0},{"damage":14.0,"enemies":"Book of Stabbing","floor":23.0,"turns":4.0},{"damage":32.0,"enemies":"Nightmare","floor":25.0,"turns":7.0},{"damage":8.0,"enemies":"Centurion and Healer","floor":27.0,"turns":3.0},{"damage":6.0,"enemies":"Replay:Snechameleon","floor":29.0,"turns":4.0},{"damage":16.0,"enemies":"Shelled Parasite and Fungi","floor":31.0,"turns":4.0},{"damage":20.0,"enemies":"Automaton","floor":33.0,"turns":8.0},{"damage":8.0,"enemies":"Orb Walker","floor":35.0,"turns":2.0},{"damage":9.0,"enemies":"3 Shapes","floor":38.0,"turns":4.0},{"damage":32.0,"enemies":"R_Hoarder","floor":40.0,"turns":6.0},{"damage":0.0,"enemies":"Transient","floor":41.0,"turns":5.0},{"damage":16.0,"enemies":"Spire Growth","floor":44.0,"turns":3.0},{"damage":5.0,"enemies":"infinitespire:Three Voidlings","floor":46.0,"turns":3.0},{"damage":24.0,"enemies":"Nightmare_Alpha","floor":46.0,"turns":9.0}],"seed_played":"-3304668415680912612","potions_obtained":[{"floor":3.0,"key":"FocusPotion"},{"floor":5.0,"key":"Ancient Potion"},{"floor":12.0,"key":"GamblersBrew"},{"floor":14.0,"key":"Block Potion"},{"floor":16.0,"key":"LiquidBronze"},{"floor":18.0,"key":"Fire Potion"},{"floor":25.0,"key":"Cursed Concoction"},{"floor":29.0,"key":"Languid Potion"},{"floor":31.0,"key":"Toxic Potion"},{"floor":35.0,"key":"FearPotion"},{"floor":44.0,"key":"EntropicBrew"}],"is_trial":false,"path_per_floor":["M","?","M","$","M","E","?","E","T","E","?","M","R","E","R","B",null,"M","?","?","$","M","E","R","NM","T","M","R","E","?","M","R","B",null,"M","T","AVR","M","$","E","M","R","T","M","R","?","M"],"character_chosen":"DEFECT","items_purchased":["Beam Cell","vexMod:Cooldron"],"campfire_rested":4,"item_purchase_floors":[4,39],"current_hp_per_floor":[78,78,77,77,70,45,45,25,25,1,1,1,25,20,20,14,69,54,54,54,54,52,38,38,6,6,3,23,17,17,6,26,11,69,61,61,61,52,52,20,20,40,40,24,24,34,0,0],"gold":653,"neow_bonus":"TEN_PERCENT_HP_BONUS","is_daily":false,"chose_seed":false,"campfire_upgraded":2,"win_rate":0.0,"timestamp":1608524293,"path_taken":["M","?","?","?","M","E","?","E","T","E","?","M","R","E","R","BOSS","M","?","?","$","M","E","R","NM","T","M","R","E","?","M","R","BOSS","M","?","AVR","M","$","E","M","R","T","M","R","?","M"],"items_purchased_type":["Card","Relic"],"build_version":"2020-11-17","purchased_purges":2,"victory":false,"max_hp_per_floor":[82,82,82,82,82,82,82,82,82,82,82,82,82,92,92,92,69,69,69,69,69,69,69,69,69,69,69,69,69,69,69,69,69,69,69,69,69,69,69,69,69,69,69,69,69,69,71,71],"card_choices":[{"not_picked":["DiskWipe","Go for the Eyes"],"picked":"Gash","floor":1.0},{"not_picked":["ReplaySolidLightProjector","Loop"],"picked":"Rebound","floor":3.0},{"not_picked":["ReplayTheSpireMod:System Scan","BasicCrystalCard"],"picked":"Gash","floor":5.0},{"not_picked":["White Noise","Sweeping Beam"],"picked":"Echo Form","floor":6.0},{"not_picked":["Barrage","Steam"],"picked":"Static Discharge","floor":8.0},{"not_picked":["Loop","Chill","Hologram"],"picked":"SKIP","floor":10.0},{"not_picked":["Self Repair","Barrage","BasicCrystalCard"],"picked":"SKIP","floor":12.0},{"not_picked":["ReplayTheSpireMod:Repulse","Turbo"],"picked":"Beam Cell","floor":14.0},{"not_picked":["Beam Cell","Turbo","Barrage"],"picked":"SKIP","floor":18.0},{"not_picked":["Compile Driver","Conserve Battery","Redo+1"],"picked":"SKIP","floor":22.0},{"not_picked":["Streamline","Reinforced Body","FTL"],"picked":"SKIP","floor":23.0},{"not_picked":["hubris:Ukulele","Mirror Shield"],"picked":"Go for the Eyes","floor":25.0},{"not_picked":["Skim","Turbo+1","Self Repair"],"picked":"SKIP","floor":27.0},{"not_picked":["Reinforced Body","All For One"],"picked":"Beam Cell+1","floor":29.0},{"not_picked":["Streamline","Storm","Rebound"],"picked":"SKIP","floor":31.0},{"not_picked":["Biased Cognition","hubris:SpecializedCircuitry"],"picked":"Echo Form","floor":33.0},{"not_picked":["Ball Lightning+1","Panic Button"],"picked":"ReplayGash","floor":35.0},{"not_picked":["Doom and Gloom","Static Discharge","Glacier+1"],"picked":"SKIP","floor":38.0},{"not_picked":["ReplaySolidLightProjector+1","Sunder+1","ReplayGash+1"],"picked":"SKIP","floor":40.0},{"not_picked":["Panic Button","Blizzard+1","Rebound+1"],"picked":"SKIP","floor":41.0},{"not_picked":["BasicCrystalCard","Hologram+1","Recycle"],"picked":"SKIP","floor":44.0},{"not_picked":["infinitespire:FutureSight","ReplayTheSpireMod:Haul"],"picked":"infinitespire:SevenWalls","floor":46}],"player_experience":202620,"relics_obtained":[{"floor":6.0,"key":"Whetstone"},{"floor":8.0,"key":"infinitespire:Bottled Soul"},{"floor":9.0,"key":"infinitespire:Joker Card"},{"floor":10.0,"key":"The Courier"},{"floor":14.0,"key":"Pear"},{"floor":23.0,"key":"aspiration:HatOfInfinitePower"},{"floor":25.0,"key":"GiantMaggot"},{"floor":26.0,"key":"Toy Ornithopter"},{"floor":29.0,"key":"Lantern"},{"floor":40.0,"key":"Smiling Mask"},{"floor":43.0,"key":"BrokenLever"},{"floor":46,"key":"HeavenlyBonsai"}],"event_choices":[{"cards_removed":["Strike_B"],"damage_healed":0.0,"max_hp_gain":0.0,"max_hp_loss":0.0,"gold_gain":0.0,"event_name":"Wheel of Change","player_choice":"Card Removal","floor":2.0,"gold_loss":0.0,"damage_taken":0.0},{"damage_healed":0.0,"max_hp_gain":0.0,"max_hp_loss":0.0,"gold_gain":0.0,"event_name":"conspire:LoneGhost","player_choice":"Disagree","floor":7.0,"gold_loss":0.0,"damage_taken":0.0},{"damage_healed":0.0,"max_hp_gain":0.0,"max_hp_loss":0.0,"gold_gain":0.0,"event_name":"Vampires","player_choice":"Ignored","floor":19.0,"gold_loss":0.0,"damage_taken":0.0},{"damage_healed":0.0,"max_hp_gain":0.0,"max_hp_loss":0.0,"gold_gain":0.0,"event_name":"Ghosts","player_choice":"Ignored","floor":20.0,"gold_loss":0.0,"damage_taken":0.0},{"damage_healed":0.0,"max_hp_gain":0.0,"max_hp_loss":0.0,"gold_gain":0.0,"event_name":"FaceTrader","player_choice":"Trade","floor":30.0,"gold_loss":0.0,"damage_taken":0.0,"relics_obtained":["SsserpentHead"]},{"damage_healed":0,"gold_gain":0,"player_choice":"Trade","damage_taken":0,"relics_obtained":["CultistMask"],"max_hp_gain":0,"max_hp_loss":0,"event_name":"FaceTrader","floor":46,"gold_loss":0}],"is_beta":true,"boss_relics":[{"not_picked":["ReplayTheSpireMod:SealedPack","vexMod:ImprovementManual"],"picked":"Replay:Drink Me"},{"not_picked":["Kintsugi","ChewingGum"],"picked":"aspiration:PoetsPen_weak"}],"items_purged_floors":[4,21],"is_endless":false,"potions_floor_spawned":[3,5,12,14,16,18,25,29,31,35,44,46],"killed_by":"4 Shapes","ascension_level":4}}