{"host":"n7mxhpjy89lltbhc","time":1608575398,"event":{"mods":["2.2 Compatiblity","Act Like it!","Bard","BaseMod","Better Match","Better Sensory Stone","Better Synergies","Better Third Choice","Better Vampires","BetterRewards","Challenge The Spire","Colored Map","Colored Powertips","Downfall","Hubris","Infinite Spire","Jedi Mod","Marisa????????","Marked Mod","Minty Spire (QoL Compilation)","Permanent Neow","Rare Cards Sparkle","Relic Sorter","Relic Stats","Replay The Spire","Shop Mod","Spicy Shops","StSLib","Strawberry Spire","The Blue Laboratory","The Disciple","The Servant 0.9.4","Uncapped","Waifu the Spire"],"gold_per_floor":[99,110,135,155,155,155,155,155,80,111,123,2,15,25,36,36,36,36],"floor_reached":16,"playtime":709,"items_purged":[],"score":112,"play_id":"a067041b-ef65-4a63-b63f-db9d3e7525cc","local_time":"25631222012958","is_ascension_mode":false,"campfire_choices":[{"data":"champ:Taunt","floor":1,"key":"SMITH"},{"data":"champ:Execute","floor":9,"key":"SMITH"}],"circlet_count":0,"master_deck":["champ:Strike","champ:Strike","champ:Strike","champ:Strike","champ:Defend","champ:Defend","champ:Defend","champ:Defend","champ:Execute+1","champ:Taunt+1","expansioncontent:DarkVoid","champ:FlashCut","champ:HeavySlash+1","champ:AdrenalArmor","champ:PerfectedStrike+1","champ:FanOfKnives+1","champ:DefensiveShout+1","champ:FanOfKnives+1","champ:FocusedGladiator+1","champ:FocusedGladiator+1","champ:CalledShot","champ:GladiatorsShout","champ:PerfectedStrike+1"],"relics":["champ:ChampionCrown","Replay:Accelerometer","Golden Egg","downfall:HeartBlessingBlue","Molten Egg 2"],"acts_visited":["Exordium"],"potions_floor_usage":[14],"damage_taken":[{"damage":0,"enemies":"2 Louse","floor":2,"turns":2},{"damage":27,"enemies":"3 Sentries","floor":3,"turns":9},{"damage":5,"enemies":"Small Slimes","floor":4,"turns":3},{"damage":56,"enemies":"Lagavulin","floor":10,"turns":6},{"damage":2,"enemies":"Jaw Worm","floor":11,"turns":3},{"damage":4,"enemies":"downfall:FleeingMerchant","floor":12,"turns":4},{"damage":11,"enemies":"Gremlin Gang","floor":13,"turns":3},{"damage":7,"enemies":"Blue Slaver","floor":14,"turns":2},{"damage":5,"enemies":"3 Louse","floor":15,"turns":3},{"damage":15,"enemies":"downfall:Silent","floor":16,"turns":2}],"seed_played":"411142288709778776","potions_obtained":[{"floor":3,"key":"SpeedPotion"},{"floor":11,"key":"blueLaboratory:FruitPunch"},{"floor":13,"key":"blueLaboratory:RememoryPotion"},{"floor":14,"key":"blueLaboratory:AbyssPotion"}],"is_trial":false,"path_per_floor":["R","M","E","M","?","?","T","$","R","E","M","$","M","M","M","B"],"character_chosen":"THE_CHAMP","items_purchased":["Golden Egg","champ:FanOfKnives+1","champ:FocusedGladiator"],"campfire_rested":0,"item_purchase_floors":[8,12,12],"current_hp_per_floor":[90,90,73,73,73,73,73,57,67,27,27,27,21,16,11,0,0,0],"gold":36,"neow_bonus":"RANDOM_COLORLESS","is_daily":false,"chose_seed":false,"campfire_upgraded":2,"win_rate":0.0,"timestamp":1608575398,"path_taken":["R","M","E","M","?","?","T","?","R","E","?","$","M","M","M","BOSS"],"items_purchased_type":["Relic","Card","Card"],"build_version":"2020-12-13","purchased_purges":0,"victory":false,"max_hp_per_floor":[90,90,90,90,90,90,90,90,100,100,100,100,100,102,102,102,102,102],"relic_stats":{"counters":[10,37],"obtain_stats":[{"Replay:Accelerometer":3,"Golden Egg":8,"downfall:HeartBlessingBlue":9,"champ:ChampionCrown":0,"Molten Egg 2":10},{"Replay:Accelerometer":2,"Golden Egg":3,"downfall:HeartBlessingBlue":3,"champ:ChampionCrown":0,"Molten Egg 2":4},{"Replay:Accelerometer":11,"Golden Egg":14,"downfall:HeartBlessingBlue":14,"champ:ChampionCrown":0,"Molten Egg 2":20}]},"card_choices":[{"not_picked":["Purity","expansioncontent:PrepareCrush"],"picked":"expansioncontent:DarkVoid","floor":0},{"not_picked":["champ:PreciseThrust","champ:TornadoPunch"],"picked":"champ:FlashCut","floor":2},{"not_picked":["champ:AdrenalArmor","champ:CheapShot"],"picked":"champ:HeavySlash","floor":3},{"not_picked":["champ:GutPunch","champ:BringItOn"],"picked":"champ:AdrenalArmor","floor":4},{"not_picked":["champ:Encircle+1","champ:AdrenalArmor"],"picked":"champ:PerfectedStrike+1","floor":10},{"not_picked":["champ:TornadoPunch+1","champ:RapidStrikes+1"],"picked":"champ:FanOfKnives+1","floor":11},{"not_picked":["champ:BringItOn","champ:CrookedStrike+1"],"picked":"champ:DefensiveShout","floor":12},{"not_picked":["champ:EndlessRage","champ:BerserkersShout"],"picked":"champ:CalledShot","floor":13},{"not_picked":["champ:EnragedBash+1","champ:RecklessLeap+1"],"picked":"champ:GladiatorsShout","floor":14},{"not_picked":["champ:FlashCut+1","champ:DefensiveStyle"],"picked":"champ:PerfectedStrike+1","floor":15}],"player_experience":986012,"relics_obtained":[{"floor":3,"key":"Replay:Accelerometer"},{"floor":10,"key":"Molten Egg 2"}],"event_choices":[],"is_beta":false,"boss_relics":[],"items_purged_floors":[],"is_endless":false,"potions_floor_spawned":[3,11,13,14],"killed_by":"downfall:Silent","ascension_level":0}}