{"host":"gy28cvaawxgarp7n","time":1608551075,"event":{"mods":["BaseMod","Conspire","Minty Spire (QoL Compilation)","StSLib","The Servant 0.9.4"],"gold_per_floor":[111,111,123,142,142,173,193,193,193,208,208,227,227,242,242,339,339,352,352,392,402,10,10,38,38,38,11,31,31,31,31],"floor_reached":30,"playtime":1512,"items_purged":[],"score":300,"play_id":"851c0f88-69b4-4918-936f-40f329f4b7e1","local_time":"20201221194435","is_ascension_mode":false,"campfire_choices":[{"floor":8,"key":"DIG"},{"floor":11,"key":"REST"},{"floor":13,"key":"DIG"},{"floor":15,"key":"DIG"},{"floor":23,"key":"DIG"},{"floor":25,"key":"DIG"}],"circlet_count":0,"master_deck":["Strike_S","Strike_S","Strike_S","Strike_S","Defend_S","Defend_S","Defend_S","Defend_S","KidneyShot","Exchange","Snipe","Decay","Defy","BestPractice","GearUp","SilverBlades","Advance","BottledTime","SurpressingFire+1","FloweringNight+1","Ricochet","RealityMarble+1","SilverBlades+1","WasteNot+1","Starlight+1","ShiftingGears+1","Foresight+1","InstantArmor+1"],"relics":["Uniform","Pen Nib","Shovel","Juzu Bracelet","Frozen Egg 2","Blue Candle","Prayer Wheel","Coffee Dripper","MealTicket","PreservedInsect","Letter Opener","StrikeDummy","The Courier","conspire:InfiniteJournal","Toxic Egg 2"],"acts_visited":["Exordium","TheCity"],"potions_floor_usage":[16,21],"damage_taken":[{"damage":1.0,"enemies":"2 Louse","floor":1.0,"turns":4.0},{"damage":5.0,"enemies":"Cultist","floor":3.0,"turns":5.0},{"damage":2.0,"enemies":"Small Slimes","floor":4.0,"turns":6.0},{"damage":31.0,"enemies":"3 Sentries","floor":6.0,"turns":9.0},{"damage":7,"enemies":"Exordium Thugs","floor":7,"turns":6},{"damage":10,"enemies":"Blue Slaver","floor":10,"turns":6},{"damage":6,"enemies":"2 Fungi Beasts","floor":12,"turns":6},{"damage":6,"enemies":"conspire:2 RoseBushes","floor":14,"turns":6},{"damage":1,"enemies":"The Guardian","floor":16,"turns":13},{"damage":11,"enemies":"Chosen","floor":18,"turns":7},{"damage":23,"enemies":"conspire:MimicChest","floor":20,"turns":11},{"damage":29,"enemies":"conspire:FuzzyDice","floor":21,"turns":5},{"damage":41,"enemies":"Slavers","floor":24,"turns":6},{"damage":10,"enemies":"Shelled Parasite and Fungi","floor":28,"turns":5}],"seed_played":"-8835835914456618100","potions_obtained":[{"floor":1.0,"key":"GamblersBrew"},{"floor":7,"key":"conspire:TimeTravelPotion"},{"floor":10,"key":"Fire Potion"},{"floor":14,"key":"Strength Potion"},{"floor":20,"key":"SmokeBomb"},{"floor":24,"key":"EntropicBrew"},{"floor":28,"key":"Fire Potion"}],"is_trial":false,"path_per_floor":["M","?","M","M","?","E","M","R","T","M","R","M","R","M","R","B",null,"M","?","?","M","$","R","E","R","T","$","M","?","?"],"character_chosen":"THE_SERVANT","items_purchased":["PreservedInsect","Letter Opener","ShiftingGears+1"],"campfire_rested":1,"item_purchase_floors":[22,22,27],"current_hp_per_floor":[70,70,65,63,63,32,25,25,25,15,36,30,30,24,24,23,71,60,60,37,30,45,45,4,4,4,19,9,9,0,0],"gold":31,"neow_bonus":"TEN_PERCENT_HP_BONUS","is_daily":false,"chose_seed":false,"campfire_upgraded":0,"win_rate":0.0,"timestamp":1608551075,"path_taken":["M","?","?","?","?","E","?","R","T","M","R","M","R","M","R","BOSS","M","?","?","M","?","R","E","R","T","$","M","?","?"],"items_purchased_type":["Relic","Relic","Card"],"build_version":"2020-12-13","purchased_purges":0,"victory":false,"max_hp_per_floor":[71,71,71,71,71,71,71,71,71,71,71,71,71,71,71,71,71,71,71,71,71,71,71,71,71,71,71,71,71,71,71],"card_choices":[{"not_picked":["Read","Desolation"],"picked":"Snipe","floor":1.0},{"not_picked":["Alleviate","BottledTime"],"picked":"Defy","floor":3.0},{"not_picked":["MoonPhase","Advance"],"picked":"BestPractice","floor":4.0},{"not_picked":["Unruled","Ricochet"],"picked":"GearUp","floor":6.0},{"not_picked":["BottledTime","WasteNot"],"picked":"SilverBlades","floor":7},{"not_picked":["Defy","Rearm"],"picked":"Advance","floor":10},{"not_picked":["Replace","Hightail"],"picked":"BottledTime","floor":12},{"not_picked":["ShiftingGears","Alleviate"],"picked":"SurpressingFire+1","floor":14},{"not_picked":["Initiator","Solidify"],"picked":"FloweringNight+1","floor":16},{"not_picked":["Unruled+1","BottledTime"],"picked":"Ricochet","floor":18},{"not_picked":["TimeWarp","Unruled"],"picked":"RealityMarble+1","floor":18},{"not_picked":["Rearm","DoubleEdge"],"picked":"SilverBlades+1","floor":21},{"not_picked":["Unruled+1","Replace"],"picked":"WasteNot+1","floor":21},{"not_picked":["Potential+1","ShatteredReality"],"picked":"Starlight+1","floor":24},{"not_picked":["Alleviate+1","Rearm+1"],"picked":"Foresight+1","floor":28},{"not_picked":["Barrier+1","Read+1"],"picked":"InstantArmor+1","floor":28}],"player_experience":152770,"relics_obtained":[{"floor":6.0,"key":"Shovel"},{"floor":8,"key":"Juzu Bracelet"},{"floor":9,"key":"Frozen Egg 2"},{"floor":13,"key":"Blue Candle"},{"floor":15,"key":"Prayer Wheel"},{"floor":20,"key":"MealTicket"},{"floor":23,"key":"StrikeDummy"},{"floor":24,"key":"The Courier"},{"floor":25,"key":"conspire:InfiniteJournal"},{"floor":26,"key":"Toxic Egg 2"}],"event_choices":[{"damage_healed":0.0,"max_hp_gain":0.0,"max_hp_loss":0.0,"gold_gain":0.0,"event_name":"Wheel of Change","player_choice":"Cursed","floor":2.0,"gold_loss":0.0,"damage_taken":0.0,"cards_obtained":["Decay"]},{"damage_healed":0.0,"max_hp_gain":0.0,"max_hp_loss":0.0,"gold_gain":0.0,"event_name":"WeMeetAgain","player_choice":"Gave Potion","floor":5.0,"gold_loss":0.0,"damage_taken":0.0,"relics_obtained":["Pen Nib"]},{"damage_healed":0,"gold_gain":0,"player_choice":"Ignored","damage_taken":0,"max_hp_gain":0,"max_hp_loss":0,"event_name":"Ghosts","floor":19,"gold_loss":0},{"damage_healed":0,"gold_gain":0,"player_choice":"Leave","damage_taken":0,"max_hp_gain":0,"max_hp_loss":0,"event_name":"conspire:Investor","floor":29,"gold_loss":0}],"is_beta":false,"boss_relics":[{"not_picked":["conspire:RunicOctahedron","SacredBark"],"picked":"Coffee Dripper"}],"items_purged_floors":[],"is_endless":false,"potions_floor_spawned":[1,7,10,14,20,24,28],"ascension_level":0}}