{"host":"k6v1xkuzrj71f4ss","time":1608516874,"event":{"mods":["Act Like it!","BaseMod","Bestiary","BetterRewards","Block Reminder","Colored Map","Colored Powertips","Curses Come First","Hubris","Minty Spire (QoL Compilation)","Quick Restart","Relic Stats","Remove Card Discount Mod","Spicy Shops","StSLib","óô»ðÖ¸ÄÏ"],"gold_per_floor":[111,111,4601,4601,4615,4645,3960,3987,3987,4013,4029,4061,4061,4089,4089,4187,4187,4203,4221,4221,4239,4239,4274,4274,4303,4303,4336,4336,4347,4359,4370,4370,4469,4469,4484,4484,4500,4500,4015,4015,4049,4099,4124,4124,4124,4137,4186,4020,4020,4020],"floor_reached":51,"playtime":4640,"items_purged":["Strike_R","Strike_R","Strike_R","Defend_R","Thunderclap","Clash","Strike_R","Defend_R","hubris:Sloth","Strike_R+1","Cleave"],"score":981,"play_id":"08339976-647e-494a-808d-dfbd6e4e923e","local_time":"20201221101434","is_ascension_mode":true,"campfire_choices":[{"data":"Blind","floor":13.0,"key":"SMITH"},{"data":"Dual Wield","floor":15.0,"key":"SMITH"},{"data":"hubris:DuctTapeCard","floor":28.0,"key":"SMITH"},{"floor":32.0,"key":"REST"},{"data":"Berserk","floor":40.0,"key":"SMITH"},{"floor":49,"key":"REST"}],"circlet_count":0,"master_deck":["Defend_R+1","Defend_R+1","Bash","Thunderclap","Blind+1","Dual Wield+1","Heavy Blade+1","Armaments","Shrug It Off","Wild Strike","Spot Weakness","Demon Form","hubris:Wrath","Infernal Blade+1","Flex","Anger","Heavy Blade+1","Shrug It Off+1","Berserk+1","Iron Wave+1","Seeing Red","Inflame","Flex","Shrug It Off+1","Apotheosis","hubris:DuctTapeCard","Heavy Blade+1","Combust"],"relics":["Burning Blood","Lizard Tail","Sling","War Paint","Meat on the Bone","Whetstone","Mango","Strange Spoon","Kunai","Self Forming Clay","Sundial","Matryoshka","Strawberry","SlaversCollar","Vajra","Enchiridion","hubris:CrystalStatue","Bag of Marbles","hubris:SphereOfDissonance","hubris:DuctTape","Cursed Key","Pantograph","hubris:SlimyHat","Gremlin Horn","hubris:Spice","Orichalcum","TungstenRod"],"acts_visited":["Exordium","TheCity","TheBeyond"],"potions_floor_usage":[50,50],"damage_taken":[{"damage":3.0,"enemies":"2 Louse","floor":1.0,"turns":3.0},{"damage":1.0,"enemies":"Jaw Worm","floor":5.0,"turns":2.0},{"damage":27.0,"enemies":"3 Sentries","floor":6.0,"turns":7.0},{"damage":15.0,"enemies":"Lagavulin","floor":8.0,"turns":3.0},{"damage":16.0,"enemies":"3 Sentries","floor":10.0,"turns":6.0},{"damage":0.0,"enemies":"Cultist","floor":11.0,"turns":3.0},{"damage":8.0,"enemies":"Gremlin Nob","floor":12.0,"turns":3.0},{"damage":10.0,"enemies":"3 Sentries","floor":14.0,"turns":4.0},{"damage":36.0,"enemies":"The Guardian","floor":16.0,"turns":9.0},{"damage":12.0,"enemies":"Chosen","floor":18.0,"turns":4.0},{"damage":26.0,"enemies":"2 Thieves","floor":19.0,"turns":4.0},{"damage":17.0,"enemies":"Centurion and Healer","floor":21.0,"turns":5.0},{"damage":5.0,"enemies":"Gremlin Leader","floor":23.0,"turns":6.0},{"damage":7.0,"enemies":"Slavers","floor":25.0,"turns":3.0},{"damage":3.0,"enemies":"Book of Stabbing","floor":27.0,"turns":3.0},{"damage":8.0,"enemies":"Shelled Parasite and Fungi","floor":29.0,"turns":2.0},{"damage":2.0,"enemies":"Sentry and Sphere","floor":30.0,"turns":3.0},{"damage":4.0,"enemies":"Snake Plant","floor":31.0,"turns":3.0},{"damage":23.0,"enemies":"Collector","floor":33.0,"turns":6.0},{"damage":17.0,"enemies":"3 Shapes","floor":35.0,"turns":3.0},{"damage":23.0,"enemies":"3 Darklings","floor":37.0,"turns":4.0},{"damage":29.0,"enemies":"Reptomancer","floor":41.0,"turns":3.0},{"damage":0.0,"enemies":"Mind Bloom Boss Battle","floor":42.0,"turns":3.0},{"damage":35,"enemies":"Writhing Mass","floor":46,"turns":4},{"damage":44,"enemies":"2 Orb Walkers","floor":47,"turns":5},{"damage":41,"enemies":"Awakened One","floor":50,"turns":7}],"seed_played":"-8943593378316998861","potions_obtained":[{"floor":1.0,"key":"EntropicBrew"},{"floor":8.0,"key":"FearPotion"},{"floor":14.0,"key":"DistilledChaos"},{"floor":30.0,"key":"EssenceOfSteel"},{"floor":47,"key":"Ancient Potion"}],"is_trial":false,"path_per_floor":["M","?","$","?","M","E","$","E","T","E","M","E","R","E","R","B",null,"M","M","?","M","?","E","?","E","T","E","R","M","M","M","R","B",null,"M","?","M","?","$","R","E","?","T","$","?","M","?","$","R","B",null],"character_chosen":"IRONCLAD","items_purchased":["Thunderclap","Blind","Sling","War Paint","Heavy Blade","Armaments","Whetstone","Mango","Strange Spoon","Inflame","Pantograph","hubris:SlimyHat","Combust"],"campfire_rested":2,"item_purchase_floors":[3,3,3,3,7,7,7,7,7,39,39,39,48],"current_hp_per_floor":[80,80,80,80,80,59,73,64,64,54,60,58,58,61,61,43,101,95,75,75,64,64,65,49,60,60,63,63,61,65,67,97,80,101,90,90,73,73,73,73,62,101,109,109,99,70,44,44,79,69],"gold":4020,"neow_bonus":"ONE_RARE_RELIC","is_daily":false,"chose_seed":false,"campfire_upgraded":4,"win_rate":0.0,"timestamp":1608516874,"path_taken":["M","?","$","?","M","E","?","E","T","E","M","E","R","E","R","BOSS","M","M","?","?","?","E","?","E","T","E","R","M","M","M","R","BOSS","M","?","?","?","?","R","E","?","T","?","?","?","?","$","R","BOSS"],"items_purchased_type":["Card","Card","Relic","Relic","Card","Card","Relic","Relic","Relic","Card","Relic","Relic","Card"],"build_version":"2020-12-13","purchased_purges":11,"victory":true,"max_hp_per_floor":[80,80,80,80,80,80,94,94,94,94,94,94,94,101,101,101,101,101,101,101,101,101,101,101,101,101,101,101,101,101,101,101,101,101,101,101,101,101,101,101,101,109,117,117,117,117,117,117,117,117],"relic_stats":{"Gremlin Horn":[4,4],"counters":[26,108],"Self Forming Clay":[162],"Whetstone":["Strike_R","Heavy Blade"],"War Paint":["Defend_R","Defend_R"],"Orichalcum":[0],"Cursed Key":1,"Burning Blood":148,"Strange Spoon":[5],"Lizard Tail":0,"Sundial":[6],"Pantograph":50,"Kunai":[38],"obtain_stats":[{"hubris:CrystalStatue":25,"Gremlin Horn":41,"Vajra":23,"Enchiridion":24,"Mango":7,"hubris:SlimyHat":39,"Whetstone":7,"Sling":3,"Cursed Key":34,"Burning Blood":0,"Lizard Tail":0,"Matryoshka":12,"Sundial":10,"Strawberry":14,"Pantograph":39,"Kunai":8,"hubris:DuctTape":27,"Self Forming Clay":9,"hubris:SphereOfDissonance":26,"War Paint":3,"Orichalcum":43,"Strange Spoon":7,"SlaversCollar":17,"hubris:Spice":42,"Bag of Marbles":26,"TungstenRod":47,"Meat on the Bone":6},{"hubris:CrystalStatue":14,"Gremlin Horn":22,"Vajra":13,"Enchiridion":13,"Mango":3,"hubris:SlimyHat":21,"Whetstone":3,"Sling":1,"Cursed Key":19,"Burning Blood":0,"Lizard Tail":0,"Matryoshka":7,"Sundial":5,"Strawberry":8,"Pantograph":21,"Kunai":4,"hubris:DuctTape":15,"Self Forming Clay":4,"hubris:SphereOfDissonance":14,"War Paint":1,"Orichalcum":23,"Strange Spoon":3,"SlaversCollar":9,"hubris:Spice":23,"Bag of Marbles":14,"TungstenRod":25,"Meat on the Bone":3},{"hubris:CrystalStatue":62,"Gremlin Horn":89,"Vajra":59,"Enchiridion":59,"Mango":12,"hubris:SlimyHat":86,"Whetstone":12,"Sling":3,"Cursed Key":79,"Burning Blood":0,"Lizard Tail":0,"Matryoshka":27,"Sundial":21,"Strawberry":31,"Pantograph":86,"Kunai":15,"hubris:DuctTape":65,"Self Forming Clay":15,"hubris:SphereOfDissonance":62,"War Paint":3,"Orichalcum":92,"Strange Spoon":12,"SlaversCollar":40,"hubris:Spice":92,"Bag of Marbles":62,"TungstenRod":101,"Meat on the Bone":12}],"TungstenRod":10,"Meat on the Bone":48},"card_choices":[{"not_picked":["Havoc","Flame Barrier"],"picked":"Thunderclap","floor":1.0},{"not_picked":["hubris:ReadiedAction","Warcry"],"picked":"Dual Wield","floor":5.0},{"not_picked":["Fiend Fire","Havoc"],"picked":"Clash","floor":6.0},{"not_picked":["Sword Boomerang","Searing Blow"],"picked":"Shrug It Off","floor":8.0},{"not_picked":["Thunderclap","Headbutt"],"picked":"Cleave","floor":10.0},{"not_picked":["Havoc","Thunderclap"],"picked":"Wild Strike","floor":11.0},{"not_picked":["Dual Wield","Whirlwind"],"picked":"Spot Weakness","floor":12.0},{"not_picked":["hubris:SharpeningStone","Armaments"],"picked":"Anger","floor":14.0},{"not_picked":["Barricade","Bludgeon"],"picked":"Demon Form","floor":16.0},{"not_picked":["Wild Strike","Body Slam","Havoc"],"picked":"SKIP","floor":18.0},{"not_picked":["Metallicize","Havoc+1","Warcry+1"],"picked":"SKIP","floor":19.0},{"not_picked":["Pommel Strike","Intimidate+1","Entrench"],"picked":"SKIP","floor":21.0},{"not_picked":["Rage","hubris:SharpeningStone+1"],"picked":"Infernal Blade+1","floor":23.0},{"not_picked":["Ghostly Armor","Searing Blow"],"picked":"Flex","floor":25.0},{"not_picked":["Flex","Sever Soul+1"],"picked":"Anger","floor":27.0},{"not_picked":["Cleave","Iron Wave"],"picked":"Heavy Blade","floor":29.0},{"not_picked":["Clash","Flex"],"picked":"Shrug It Off+1","floor":30.0},{"not_picked":["Cleave","Headbutt","Clothesline"],"picked":"SKIP","floor":31.0},{"not_picked":["Brutality","Feed"],"picked":"Berserk","floor":33.0},{"not_picked":["Warcry","Battle Trance"],"picked":"Iron Wave+1","floor":35.0},{"not_picked":["Shrug It Off","Headbutt+1","Searing Blow"],"picked":"SKIP","floor":37.0},{"not_picked":["Twin Strike+1","Clothesline"],"picked":"Flex","floor":41.0},{"not_picked":["Uppercut","Twin Strike+1"],"picked":"Shrug It Off+1","floor":42.0},{"not_picked":["Bandage Up","Discovery"],"picked":"Apotheosis","floor":45.0},{"not_picked":["Twin Strike","Shrug It Off"],"picked":"Heavy Blade+1","floor":46}],"player_experience":143554,"relics_obtained":[{"floor":6.0,"key":"Meat on the Bone"},{"floor":8.0,"key":"Kunai"},{"floor":9.0,"key":"Self Forming Clay"},{"floor":10.0,"key":"Sundial"},{"floor":12.0,"key":"Matryoshka"},{"floor":14.0,"key":"Strawberry"},{"floor":23.0,"key":"Vajra"},{"floor":24.0,"key":"Enchiridion"},{"floor":25.0,"key":"hubris:CrystalStatue"},{"floor":26.0,"key":"Bag of Marbles"},{"floor":26.0,"key":"hubris:SphereOfDissonance"},{"floor":27.0,"key":"hubris:DuctTape"},{"floor":41.0,"key":"Gremlin Horn"},{"floor":42.0,"key":"hubris:Spice"},{"floor":43.0,"key":"Orichalcum"},{"floor":43.0,"key":"hubris:Spice"},{"floor":47,"key":"TungstenRod"}],"event_choices":[{"damage_healed":0.0,"max_hp_gain":0.0,"max_hp_loss":0.0,"gold_gain":0.0,"event_name":"Golden Idol","player_choice":"Ignored","floor":2.0,"gold_loss":0.0,"damage_taken":0.0},{"damage_healed":0.0,"max_hp_gain":0.0,"max_hp_loss":0.0,"gold_gain":0.0,"event_name":"Golden Wing","player_choice":"Ignored","floor":4.0,"gold_loss":0.0,"damage_taken":0.0},{"damage_healed":0.0,"max_hp_gain":0.0,"max_hp_loss":0.0,"gold_gain":0.0,"event_name":"Duplicator","player_choice":"Copied","floor":20.0,"gold_loss":0.0,"damage_taken":0.0,"cards_obtained":["hubris:Wrath"]},{"damage_healed":0.0,"max_hp_gain":0.0,"max_hp_loss":0.0,"gold_gain":0.0,"event_name":"Cursed Tome","player_choice":"Obtained Book","floor":24.0,"gold_loss":0.0,"damage_taken":16.0},{"damage_healed":0.0,"max_hp_gain":0.0,"max_hp_loss":0.0,"gold_gain":0.0,"event_name":"Upgrade Shrine","player_choice":"Upgraded","floor":36.0,"gold_loss":0.0,"damage_taken":0.0,"cards_upgraded":["Heavy Blade"]},{"damage_healed":0.0,"max_hp_gain":0.0,"max_hp_loss":0.0,"gold_gain":0.0,"event_name":"MindBloom","player_choice":"Fight","floor":42.0,"gold_loss":0.0,"damage_taken":0.0},{"damage_healed":0.0,"max_hp_gain":0.0,"max_hp_loss":0.0,"gold_gain":0.0,"event_name":"SensoryStone","player_choice":"Memory 3","floor":45.0,"gold_loss":0.0,"damage_taken":10.0},{"damage_healed":0,"gold_gain":0,"player_choice":"Fight","damage_taken":0,"max_hp_gain":0,"max_hp_loss":0,"event_name":"Mysterious Sphere","floor":47,"gold_loss":0}],"is_beta":false,"boss_relics":[{"not_picked":["Tiny House","Coffee Dripper"],"picked":"SlaversCollar"},{"not_picked":["SacredBark","Empty Cage"],"picked":"Cursed Key"}],"items_purged_floors":[3,3,3,3,3,7,39,39,48,48,48],"is_endless":false,"potions_floor_spawned":[1,8,14,16,19,23,27,30,35,47],"ascension_level":3}}