{"host":"5fasz840ryq7obdf","time":1608587432,"event":{"mods":["AchievementEnabler","BaseMod","Bestiary","Better Altar","Better Skull","Better Third Choice","BetterRewards","Block Reminder","Colored Powertips","Curses Come First","Minty Spire (QoL Compilation)","Quick Restart","Relic Stats","Shop Mod","Spicy Shops","StSLib"],"gold_per_floor":[121,280,217,246,49,87,87,122,149,213,213,247,247,269,269,351,351,376,38,38,62,84,84,120,35,35,79,92,110,151,179,179,265,265,285,303,331,331,352,393,406,447,447,474,75,113,138,149,149,149,149,149,149,36,79,79],"floor_reached":57,"playtime":7046,"items_purged":["Defend_G","Defend_G","Doubt","Defend_G","Clumsy","Strike_G"],"score":3607,"play_id":"6484fc3d-608a-44e6-b4e1-fa15fa43c766","local_time":"20201221215032","is_ascension_mode":true,"campfire_choices":[{"floor":7.0,"key":"REST"},{"data":"Neutralize","floor":15.0,"key":"SMITH"},{"data":"Infinite Blades","floor":23.0,"key":"SMITH"},{"data":"Concentrate","floor":32.0,"key":"SMITH"},{"floor":49.0,"key":"RECALL"},{"data":"Well Laid Plans","floor":53.0,"key":"SMITH"}],"circlet_count":0,"master_deck":["AscendersBane","Defend_G","Defend_G","Survivor","Neutralize+1","Well Laid Plans+1","Cloak And Dagger","Accuracy","Blade Dance","Accuracy","Blade Dance","Blur+1","Backflip+1","Concentrate+1","Leg Sweep","Die Die Die","A Thousand Cuts","Cloak And Dagger","Blur","Footwork","Night Terror","Footwork","Infinite Blades+1","Tactician","Heel Hook","Leg Sweep","Acrobatics","Tactician","Tools of the Trade","Underhanded Strike","Escape Plan","Backflip","Crippling Poison","A Thousand Cuts","Terror+1","Madness","Madness","Cloak And Dagger","Prepared","PiercingWail","Choke","Violence","Master of Strategy","Madness","Tactician","Footwork+1","Flash of Steel","Blade Dance","Calculated Gamble","Concentrate+1"],"relics":["Ring of the Snake","Girya","Ornamental Fan","HandDrill","Blood Vial","Membership Card","CeramicFish","Anchor","Orrery","War Paint","Vajra","Toy Ornithopter","Happy Flower","Meat on the Bone","StrikeDummy","Sozu","Lizard Tail","Bag of Preparation","Sling","Bottled Lightning","Boot","Ice Cream","Matryoshka","Du-Vu Doll","WristBlade","Ninja Scroll","Incense Burner","Frozen Egg 2","Torii","Nunchaku","Medical Kit","Bag of Marbles","Pen Nib","OrangePellets","FossilizedHelix"],"acts_visited":["Exordium","TheCity","TheBeyond","TheEnding"],"potions_floor_usage":[],"damage_taken":[{"damage":0.0,"enemies":"Small Slimes","floor":1.0,"turns":3.0},{"damage":0.0,"enemies":"Jaw Worm","floor":4.0,"turns":2.0},{"damage":0.0,"enemies":"Lagavulin","floor":6.0,"turns":4.0},{"damage":10.0,"enemies":"Gremlin Nob","floor":8.0,"turns":3.0},{"damage":4.0,"enemies":"Gremlin Nob","floor":10.0,"turns":3.0},{"damage":6.0,"enemies":"3 Sentries","floor":12.0,"turns":4.0},{"damage":0.0,"enemies":"2 Louse","floor":14.0,"turns":1.0},{"damage":3.0,"enemies":"Slime Boss","floor":16.0,"turns":7.0},{"damage":7.0,"enemies":"Spheric Guardian","floor":18.0,"turns":4.0},{"damage":0.0,"enemies":"2 Thieves","floor":21.0,"turns":3.0},{"damage":3.0,"enemies":"Centurion and Healer","floor":22.0,"turns":3.0},{"damage":4.0,"enemies":"Slavers","floor":24.0,"turns":4.0},{"damage":0.0,"enemies":"Gremlin Leader","floor":27.0,"turns":4.0},{"damage":0.0,"enemies":"Snake Plant","floor":28.0,"turns":2.0},{"damage":0.0,"enemies":"Book of Stabbing","floor":30.0,"turns":4.0},{"damage":0.0,"enemies":"Shelled Parasite and Fungi","floor":31.0,"turns":3.0},{"damage":10.0,"enemies":"Collector","floor":33.0,"turns":5.0},{"damage":0.0,"enemies":"3 Darklings","floor":35.0,"turns":4.0},{"damage":23.0,"enemies":"3 Shapes","floor":37.0,"turns":3.0},{"damage":2.0,"enemies":"Maw","floor":39.0,"turns":6.0},{"damage":25.0,"enemies":"Reptomancer","floor":40.0,"turns":5.0},{"damage":11.0,"enemies":"Spire Growth","floor":41.0,"turns":3.0},{"damage":6.0,"enemies":"Nemesis","floor":42.0,"turns":4.0},{"damage":11.0,"enemies":"Reptomancer","floor":46.0,"turns":3.0},{"damage":0.0,"enemies":"Sphere and 2 Shapes","floor":48.0,"turns":2.0},{"damage":24.0,"enemies":"Time Eater","floor":50.0,"turns":12.0},{"damage":21.0,"enemies":"Awakened One","floor":51.0,"turns":6.0},{"damage":44.0,"enemies":"Shield and Spear","floor":55.0,"turns":4.0},{"damage":64,"enemies":"The Heart","floor":56,"turns":9}],"seed_played":"4095482507558278850","potions_obtained":[{"floor":4.0,"key":"SpeedPotion"},{"floor":6.0,"key":"CultistPotion"},{"floor":12.0,"key":"Block Potion"},{"floor":14.0,"key":"SteroidPotion"}],"is_trial":false,"path_per_floor":["M","?","$","M","$","E","R","E","T","?","?","E","?","M","R","B",null,"M","$","?","M","M","R","E","?","T","E","M","?","E","M","R","B",null,"M","?","M","?","M","E","M","E","T","?","$","E","T","M","R","B","B",null,"R","$","E","B",null],"character_chosen":"THE_SILENT","items_purchased":["Girya","Ornamental Fan","HandDrill","Well Laid Plans","Cloak And Dagger","Accuracy","Blood Vial","Membership Card","CeramicFish","Blade Dance","Orrery","War Paint","Infinite Blades","Lizard Tail","Bag of Preparation","Sling","Tactician","Heel Hook","Nunchaku","Tactician","Footwork+1","Flash of Steel","Medical Kit","OrangePellets","Calculated Gamble"],"campfire_rested":1,"item_purchase_floors":[0,0,0,0,0,0,0,0,0,0,5,5,19,19,19,19,19,19,45,45,45,45,45,54,54],"current_hp_per_floor":[19,19,19,21,21,23,42,34,34,44,66,60,53,55,55,54,63,58,58,58,60,59,59,57,57,57,59,61,61,63,65,65,56,64,66,54,45,45,45,34,37,45,45,35,35,38,38,40,40,30,23,55,55,55,25,45],"gold":79,"neow_bonus":"","is_daily":false,"chose_seed":false,"campfire_upgraded":4,"win_rate":0.0,"timestamp":1608587432,"path_taken":["M","?","$","M","$","E","R","E","T","?","?","E","?","M","R","BOSS","M","$","?","M","M","R","E","?","T","E","M","?","E","M","R","BOSS","M","?","M","?","M","E","M","E","T","?","$","E","?","M","R","BOSS","BOSS","R","$","E","BOSS"],"items_purchased_type":["Relic","Relic","Relic","Card","Card","Card","Relic","Relic","Relic","Card","Relic","Relic","Card","Relic","Relic","Relic","Card","Card","Relic","Card","Card","Card","Relic","Relic","Card"],"build_version":"2020-12-13","purchased_purges":6,"victory":true,"max_hp_per_floor":[66,66,66,66,66,66,66,66,66,66,66,66,66,66,66,66,66,66,66,66,66,66,66,66,66,66,66,66,66,66,66,66,66,66,66,66,66,66,66,66,66,66,66,66,66,66,66,66,66,66,66,66,66,66,66,66],"relic_stats":{"Happy Flower":[43],"Torii":37,"counters":[56,220],"CeramicFish":396,"Pen Nib":[41],"Bag of Preparation":[24],"War Paint":["Backflip","Blur"],"Boot":[142],"Medical Kit":[2],"Blood Vial":55,"Sozu":8,"OrangePellets":[3],"Lizard Tail":33,"Nunchaku":[47],"Ornamental Fan":[388],"HandDrill":[78],"obtain_stats":[{"TwistedFunnel":0,"Ice Cream":37,"CeramicFish":0,"HoveringKite":34,"Vajra":42,"Boot":11,"Sling":19,"Blood Vial":0,"Sozu":17,"Centennial Puzzle":6,"Lizard Tail":19,"Strawberry":9,"Philosopher\u0027s Stone":17,"HandDrill":12,"Kunai":0,"Girya":0,"Pear":26,"Happy Flower":40,"Pen Nib":12,"War Paint":5,"Du-Vu Doll":30,"OrangePellets":54,"Bottled Flame":28,"Shuriken":40,"StrikeDummy":12,"Meat on the Bone":39,"Torii":43,"Bag of Preparation":19,"Incense Burner":42,"Nunchaku":0,"Matryoshka":27,"WristBlade":34,"Ninja Scroll":40,"Tiny Chest":23,"Ring of the Snake":0,"The Specimen":46,"The Courier":45,"Orichalcum":0,"Frozen Egg 2":43,"MawBank":30,"Medical Kit":45,"Anchor":5,"Ornamental Fan":0,"Orrery":5,"Bag of Marbles":46,"Membership Card":0,"Bottled Lightning":24,"TungstenRod":13,"Toy Ornithopter":8,"FossilizedHelix":55},{"TwistedFunnel":0,"Ice Cream":20,"CeramicFish":27,"HoveringKite":18,"Vajra":22,"Boot":6,"Sling":36,"Blood Vial":27,"Sozu":35,"Centennial Puzzle":4,"Lizard Tail":36,"Strawberry":5,"Philosopher\u0027s Stone":9,"HandDrill":6,"Kunai":0,"Girya":27,"Pear":15,"Happy Flower":21,"Pen Nib":6,"War Paint":29,"Du-Vu Doll":42,"OrangePellets":54,"Bottled Flame":16,"Shuriken":21,"StrikeDummy":33,"Meat on the Bone":21,"Torii":50,"Bag of Preparation":36,"Incense Burner":50,"Nunchaku":0,"Matryoshka":40,"WristBlade":44,"Ninja Scroll":48,"Tiny Chest":14,"Ring of the Snake":0,"The Specimen":24,"The Courier":23,"Orichalcum":0,"Frozen Egg 2":50,"MawBank":17,"Medical Kit":50,"Anchor":3,"Ornamental Fan":27,"Orrery":29,"Bag of Marbles":51,"Membership Card":0,"Bottled Lightning":39,"TungstenRod":7,"Toy Ornithopter":31,"FossilizedHelix":55},{"TwistedFunnel":0,"Ice Cream":77,"CeramicFish":100,"HoveringKite":72,"Vajra":83,"Boot":22,"Sling":131,"Blood Vial":100,"Sozu":127,"Centennial Puzzle":13,"Lizard Tail":131,"Strawberry":16,"Philosopher\u0027s Stone":35,"HandDrill":22,"Kunai":0,"Girya":100,"Pear":60,"Happy Flower":79,"Pen Nib":22,"War Paint":105,"Du-Vu Doll":151,"OrangePellets":207,"Bottled Flame":64,"Shuriken":79,"StrikeDummy":119,"Meat on the Bone":79,"Torii":184,"Bag of Preparation":131,"Incense Burner":184,"Nunchaku":0,"Matryoshka":145,"WristBlade":159,"Ninja Scroll":177,"Tiny Chest":54,"Ring of the Snake":0,"The Specimen":89,"The Courier":87,"Orichalcum":0,"Frozen Egg 2":184,"MawBank":67,"Medical Kit":184,"Anchor":9,"Ornamental Fan":100,"Orrery":105,"Bag of Marbles":187,"Membership Card":0,"Bottled Lightning":141,"TungstenRod":25,"Toy Ornithopter":112,"FossilizedHelix":211}],"Toy Ornithopter":0,"Ring of the Snake":[112],"Meat on the Bone":180},"card_choices":[{"not_picked":["Escape Plan","Bane"],"picked":"Accuracy","floor":1.0},{"not_picked":["Sucker Punch","Bane"],"picked":"Blade Dance","floor":4.0},{"not_picked":["Setup","Backflip"],"picked":"Blur","floor":5.0},{"not_picked":["Flying Knee","Deadly Poison"],"picked":"Backflip","floor":5.0},{"not_picked":["Skewer","All Out Attack"],"picked":"Concentrate","floor":5.0},{"not_picked":["Heel Hook","Quick Slash"],"picked":"Leg Sweep","floor":5.0},{"not_picked":["Flying Knee","Choke"],"picked":"Die Die Die","floor":5.0},{"not_picked":["Poisoned Stab","Dash"],"picked":"A Thousand Cuts","floor":6.0},{"not_picked":["Acrobatics","Slice"],"picked":"Cloak And Dagger","floor":8.0},{"not_picked":["Escape Plan","Doppelganger"],"picked":"Blur","floor":12.0},{"not_picked":["Quick Slash","Blade Dance"],"picked":"Footwork","floor":14.0},{"not_picked":["Wraith Form v2","Bullet Time"],"picked":"Night Terror","floor":16.0},{"not_picked":["PiercingWail","Choke"],"picked":"Footwork","floor":18.0},{"not_picked":["Underhanded Strike","Dagger Spray"],"picked":"Leg Sweep","floor":21.0},{"not_picked":["PiercingWail","Poisoned Stab"],"picked":"Acrobatics","floor":22.0},{"not_picked":["Leg Sweep","Outmaneuver"],"picked":"Tactician","floor":24.0},{"not_picked":["Poisoned Stab","Distraction"],"picked":"Tools of the Trade","floor":27.0},{"not_picked":["Masterful Stab+1","Quick Slash","Dodge and Roll"],"picked":"SKIP","floor":28.0},{"not_picked":["Sucker Punch","Flying Knee"],"picked":"Backflip","floor":30.0},{"not_picked":["Slice","Riddle With Holes"],"picked":"Crippling Poison","floor":31.0},{"not_picked":["Grand Finale","Night Terror"],"picked":"A Thousand Cuts","floor":33.0},{"not_picked":["Backflip","Masterful Stab"],"picked":"Terror+1","floor":35.0},{"not_picked":["Predator+1","Bane"],"picked":"Cloak And Dagger","floor":37.0},{"not_picked":["Poisoned Stab","Die Die Die"],"picked":"Prepared","floor":39.0},{"not_picked":["Underhanded Strike","Slice"],"picked":"PiercingWail","floor":40.0},{"not_picked":["Bouncing Flask","Poisoned Stab","Quick Slash+1"],"picked":"SKIP","floor":41.0},{"not_picked":["Quick Slash","Dodge and Roll"],"picked":"Choke","floor":42.0},{"not_picked":["Impatience","Mind Blast"],"picked":"Violence","floor":44.0},{"not_picked":["Dramatic Entrance","Secret Weapon"],"picked":"Master of Strategy","floor":44.0},{"not_picked":["The Bomb","Mind Blast"],"picked":"Madness","floor":44.0},{"not_picked":["Sucker Punch","Backstab"],"picked":"Blade Dance","floor":46.0},{"not_picked":["Underhanded Strike","Poisoned Stab","Dagger Spray"],"picked":"SKIP","floor":48.0},{"not_picked":["All Out Attack","Choke+1"],"picked":"Concentrate+1","floor":55.0}],"player_experience":897982,"relics_obtained":[{"floor":6.0,"key":"Vajra"},{"floor":8.0,"key":"Toy Ornithopter"},{"floor":9.0,"key":"Happy Flower"},{"floor":12.0,"key":"StrikeDummy"},{"floor":24.0,"key":"Bottled Lightning"},{"floor":26.0,"key":"Ice Cream"},{"floor":27.0,"key":"Matryoshka"},{"floor":30.0,"key":"Du-Vu Doll"},{"floor":40.0,"key":"Ninja Scroll"},{"floor":42.0,"key":"Incense Burner"},{"floor":43.0,"key":"Frozen Egg 2"},{"floor":43.0,"key":"Torii"},{"floor":46.0,"key":"Bag of Marbles"},{"floor":47.0,"key":"Pen Nib"},{"floor":55.0,"key":"FossilizedHelix"}],"event_choices":[{"damage_healed":0.0,"max_hp_gain":0.0,"max_hp_loss":0.0,"gold_gain":150.0,"event_name":"betterThird:BetterSerpent","player_choice":"AGREE","floor":2.0,"gold_loss":0.0,"damage_taken":121.0},{"damage_healed":0.0,"max_hp_gain":0.0,"max_hp_loss":0.0,"gold_gain":0.0,"event_name":"Dead Adventurer","player_choice":"Searched \u00273\u0027 times","floor":10.0,"gold_loss":0.0,"damage_taken":0.0,"relics_obtained":["Meat on the Bone"]},{"damage_healed":22.0,"max_hp_gain":0.0,"max_hp_loss":0.0,"gold_gain":0.0,"event_name":"Big Fish","player_choice":"Banana","floor":11.0,"gold_loss":0.0,"damage_taken":0.0},{"cards_removed":["Strike_G"],"damage_healed":0.0,"max_hp_gain":0.0,"max_hp_loss":0.0,"gold_gain":0.0,"event_name":"Golden Wing","player_choice":"Card Removal","floor":13.0,"gold_loss":0.0,"damage_taken":7.0},{"damage_healed":0.0,"max_hp_gain":0.0,"max_hp_loss":0.0,"gold_gain":0.0,"event_name":"Cursed Tome","player_choice":"Ignored","floor":20.0,"gold_loss":0.0,"damage_taken":0.0},{"damage_healed":0.0,"max_hp_gain":0.0,"max_hp_loss":0.0,"gold_gain":0.0,"event_name":"Addict","player_choice":"Obtained Relic","floor":25.0,"gold_loss":85.0,"damage_taken":0.0,"relics_obtained":["Boot"]},{"damage_healed":0.0,"max_hp_gain":0.0,"max_hp_loss":0.0,"gold_gain":0.0,"cards_transformed":["Strike_G","Strike_G"],"event_name":"Drug Dealer","player_choice":"Became Test Subject","floor":29.0,"gold_loss":0.0,"damage_taken":0.0,"cards_obtained":["Underhanded Strike","Escape Plan"]},{"damage_healed":0.0,"max_hp_gain":0.0,"max_hp_loss":0.0,"gold_gain":0.0,"event_name":"Winding Halls","player_choice":"Embrace Madness","floor":36.0,"gold_loss":0.0,"damage_taken":12.0,"cards_obtained":["Madness","Madness"]},{"cards_removed":["Strike_G"],"damage_healed":0.0,"max_hp_gain":0.0,"max_hp_loss":0.0,"gold_gain":0.0,"event_name":"Falling","player_choice":"Removed Attack","floor":38.0,"gold_loss":0.0,"damage_taken":0.0},{"damage_healed":0.0,"max_hp_gain":0.0,"max_hp_loss":0.0,"gold_gain":0.0,"event_name":"SensoryStone","player_choice":"Memory 3","floor":44.0,"gold_loss":0.0,"damage_taken":10.0}],"is_beta":false,"boss_relics":[{"not_picked":["Coffee Dripper","Cursed Key"],"picked":"Sozu"},{"not_picked":["Pandora\u0027s Box","Fusion Hammer"],"picked":"WristBlade"}],"items_purged_floors":[0,0,3,5,45,45],"is_endless":false,"potions_floor_spawned":[4,6,12,14,18,24,27,33,35,40,41,48],"ascension_level":20}}