{"host":"6jcxerjfmuawfds2","time":1608543889,"event":{"mods":["BaseMod","Colored Map","Lobotomy","Minty Spire (QoL Compilation)","StSLib"],"gold_per_floor":[114,189,199,219,219,219,219,72,72,72,107,7,19,35,35,35,35],"floor_reached":16,"playtime":376,"items_purged":["Strike_R"],"score":125,"play_id":"a11128f7-5b5c-41f6-a1f6-ddb4c4bda5ed","local_time":"20201221184449","is_ascension_mode":false,"campfire_choices":[{"data":"Spot Weakness","floor":6,"key":"SMITH"},{"data":"Twin Strike","floor":10,"key":"SMITH"},{"data":"Flex","floor":15,"key":"SMITH"}],"circlet_count":0,"master_deck":["Strike_R+1","Strike_R","Strike_R","Strike_R","Defend_R","Defend_R+1","Defend_R","Defend_R","Bash","QueenOfHatred","Twin Strike+1","CrumblingArmor","SpiderBud","Spot Weakness+1","QueenBee","Flex+1","RedShoes","Ghostly Armor","MeatLantern"],"relics":["Burning Blood","CogitoBucket","StrikeDummy","Orichalcum","Question Card","Pear","LuminousBracelet"],"acts_visited":["Exordium"],"potions_floor_usage":[16],"damage_taken":[{"damage":2,"enemies":"Small Slimes","floor":1,"turns":4},{"damage":11,"enemies":"Jaw Worm","floor":3,"turns":4},{"damage":1,"enemies":"Cultist","floor":4,"turns":4},{"damage":18,"enemies":"Lagavulin","floor":11,"turns":4},{"damage":0,"enemies":"Exordium Wildlife","floor":13,"turns":2},{"damage":20,"enemies":"Looter","floor":14,"turns":3},{"damage":93,"enemies":"Hexaghost","floor":16,"turns":4}],"seed_played":"3969999370264698450","potions_obtained":[{"floor":1,"key":"Weak Potion"},{"floor":3,"key":"DistilledChaos"},{"floor":11,"key":"DuplicationPotion"},{"floor":13,"key":"CultistPotion"}],"is_trial":false,"path_per_floor":["M","?","M","M","?","R","T","$","T","R","E","$","M","M","R","B"],"character_chosen":"IRONCLAD","items_purchased":["Orichalcum","Flex"],"campfire_rested":0,"item_purchase_floors":[8,12],"current_hp_per_floor":[80,69,76,80,64,64,64,64,64,64,68,68,74,81,81,0,0],"gold":35,"neow_bonus":"","is_daily":false,"chose_seed":false,"campfire_upgraded":3,"win_rate":0.0,"timestamp":1608543889,"path_taken":["M","?","M","M","?","R","?","$","T","R","E","$","M","M","R","BOSS"],"items_purchased_type":["Relic","Card"],"build_version":"2020-12-13","purchased_purges":1,"victory":false,"max_hp_per_floor":[80,80,80,80,80,80,80,80,80,80,90,90,90,105,105,105,105],"card_choices":[{"not_picked":["DreamingCurrent","MeatLantern"],"picked":"QueenOfHatred","floor":1},{"not_picked":["Carnage","Flame Barrier"],"picked":"Twin Strike","floor":1},{"not_picked":["SnowQueen","PunishingBird"],"picked":"CrumblingArmor","floor":3},{"not_picked":["Armaments","Fire Breathing","Wild Strike"],"picked":"SKIP","floor":3},{"not_picked":["SingingMachine","ShyLook"],"picked":"SpiderBud","floor":4},{"not_picked":["Clash","Searing Blow"],"picked":"Spot Weakness","floor":4},{"not_picked":["MHz","LittleHelper"],"picked":"QueenBee","floor":11},{"not_picked":["Armaments","Headbutt","Thunderclap","Warcry"],"picked":"SKIP","floor":11},{"not_picked":["Woodsman","MHz"],"picked":"RedShoes","floor":13},{"not_picked":["Cleave","Havoc","Armaments"],"picked":"Ghostly Armor","floor":13},{"not_picked":["Bloodbath","WallGazer"],"picked":"MeatLantern","floor":14},{"not_picked":["Armaments","True Grit","Havoc","Evolve"],"picked":"SKIP","floor":14}],"player_experience":176366,"relics_obtained":[{"floor":7,"key":"StrikeDummy"},{"floor":9,"key":"Question Card"},{"floor":11,"key":"Pear"}],"event_choices":[{"damage_healed":0,"gold_gain":75,"player_choice":"Gather Gold","damage_taken":11,"max_hp_gain":0,"max_hp_loss":0,"event_name":"World of Goop","floor":2,"gold_loss":0},{"damage_healed":0,"gold_gain":0,"player_choice":"Entered Light","damage_taken":16,"max_hp_gain":0,"max_hp_loss":0,"event_name":"Shining Light","floor":5,"gold_loss":0,"cards_upgraded":["Defend_R","Strike_R"]}],"is_beta":false,"boss_relics":[],"items_purged_floors":[12],"is_endless":false,"potions_floor_spawned":[1,3,11,13],"killed_by":"Hexaghost","ascension_level":0}}