{"host":"p7xnybcl7rtshmbr","time":1608574855,"event":{"mods":["AchievementEnabler","AlwaysNeverKeys","Aspiration","BaseMod","Hermit","Hubris","Minty Spire (QoL Compilation)","Replay The Spire","StSLib","The Hierophant","The Marked","The Poker Player","The Servant 0.9.4"],"gold_per_floor":[116,133,133,133,152,152,164,183,183,196,271,303,230,250,250,250,250],"floor_reached":16,"playtime":732,"items_purged":["Regret"],"score":104,"play_id":"11d8167e-9c53-48ed-b18e-e4d25b787880","local_time":"20201221212055","is_ascension_mode":false,"campfire_choices":[{"data":"theMarked:Polarize","floor":6,"key":"SMITH"},{"floor":15,"key":"REST"}],"circlet_count":0,"master_deck":["theMarked:Strike","theMarked:Strike","theMarked:Strike","theMarked:Strike","theMarked:Strike","theMarked:Defend","theMarked:Defend","theMarked:Defend","theMarked:Defend","theMarked:SoldierOfQuellstein","theMarked:EnhancedHearing","theMarked:PowerFlow+1","theMarked:Polarize+1","theMarked:PowerFlow+1","theMarked:StartUp","theMarked:Electrocute","theMarked:HeightenedSenses","hubris:Sloth","theMarked:ChainLightning"],"relics":["theMarked:ArtifactOfAir","Pondfish Scales","hubris:Towel","hubris:Metronome","Garlic","War Paint","ReplayTheSpireMod:CursedCoin"],"acts_visited":["Exordium"],"potions_floor_usage":[16],"damage_taken":[{"damage":0,"enemies":"Cultist","floor":1,"turns":3},{"damage":3,"enemies":"Small Slimes","floor":2,"turns":3},{"damage":0,"enemies":"2 Louse","floor":5,"turns":2},{"damage":2,"enemies":"Looter","floor":7,"turns":3},{"damage":4,"enemies":"Gremlin Gang","floor":8,"turns":5},{"damage":8,"enemies":"2 Fungi Beasts","floor":10,"turns":3},{"damage":14,"enemies":"3 Sentries","floor":12,"turns":8},{"damage":9,"enemies":"Red Slaver","floor":14,"turns":4},{"damage":51,"enemies":"Fading Forest","floor":16,"turns":7}],"seed_played":"8072088851643358874","potions_obtained":[{"floor":1,"key":"Elixir"},{"floor":10,"key":"Reflective Coating"},{"floor":12,"key":"DistilledChaos"},{"floor":14,"key":"FearPotion"}],"is_trial":false,"path_per_floor":["M","M","?","?","M","R","M","M","T","M","?","E","$","M","R","B"],"character_chosen":"THE_DEFAULT","items_purchased":["War Paint","ReplayTheSpireMod:CursedCoin"],"campfire_rested":1,"item_purchase_floors":[13,13],"current_hp_per_floor":[70,67,67,67,67,67,65,61,61,53,42,28,28,19,40,0,0],"gold":250,"neow_bonus":"THREE_CARDS","is_daily":false,"chose_seed":false,"campfire_upgraded":1,"win_rate":0.0,"timestamp":1608574855,"path_taken":["M","?","?","?","M","R","M","M","T","M","?","E","$","M","R","BOSS"],"items_purchased_type":["Relic","Relic"],"build_version":"2020-12-13","purchased_purges":1,"victory":false,"max_hp_per_floor":[70,70,70,70,70,70,70,70,70,70,70,70,70,70,70,70,70],"card_choices":[{"not_picked":["theMarked:TunnelVision","theMarked:HeightenedSenses"],"picked":"theMarked:EnhancedHearing","floor":0},{"not_picked":["theMarked:Aftermath","theMarked:WardOff"],"picked":"theMarked:PowerFlow","floor":1},{"not_picked":["theMarked:Overcharge","theMarked:Aftermath"],"picked":"theMarked:Polarize","floor":2},{"not_picked":["theMarked:Overthink","theMarked:ElectricStrings"],"picked":"theMarked:PowerFlow","floor":5},{"not_picked":["theMarked:SuspiciousRaven","theMarked:WardOff"],"picked":"theMarked:StartUp","floor":7},{"not_picked":["theMarked:Improvise","theMarked:Panic","theMarked:TakeCover"],"picked":"SKIP","floor":8},{"not_picked":["theMarked:WardOff","theMarked:Parkour"],"picked":"theMarked:Electrocute","floor":10},{"not_picked":["theMarked:Electrocute","theMarked:BanishingWave"],"picked":"theMarked:HeightenedSenses","floor":12},{"not_picked":["theMarked:HeightenedSenses","theMarked:WardOff"],"picked":"theMarked:ChainLightning","floor":14}],"player_experience":318166,"relics_obtained":[{"floor":9,"key":"hubris:Metronome"},{"floor":12,"key":"Garlic"}],"event_choices":[{"damage_healed":0,"gold_gain":0,"player_choice":"Box","damage_taken":0,"relics_obtained":["Pondfish Scales"],"max_hp_gain":0,"max_hp_loss":0,"event_name":"Big Fish","floor":3,"gold_loss":0,"cards_obtained":["Regret"]},{"damage_healed":0,"gold_gain":75,"player_choice":"Gather Gold","damage_taken":11,"max_hp_gain":0,"max_hp_loss":0,"event_name":"World of Goop","floor":11,"gold_loss":0}],"is_beta":false,"boss_relics":[],"items_purged_floors":[13],"is_endless":false,"potions_floor_spawned":[1,10,12,14],"killed_by":"Fading Forest","ascension_level":0}}