{"host":"08sn1703g14rasc1","time":1608526649,"event":{"mods":["AchievementEnabler","BaseMod","Colored Map","Colored Powertips","Hermit","Minty Spire (QoL Compilation)","StSLib"],"gold_per_floor":[114,114,79,43,54,54,74,74,74,74,74,107,282,22,22,122,122,141,141,141,41,51,51,51,51,128,128,128,128,128,128],"floor_reached":30,"playtime":709,"items_purged":["Doubt","Strike_P"],"score":319,"play_id":"5131e633-03aa-4225-bfd5-10504ce6d5b7","local_time":"20201220205729","is_ascension_mode":true,"campfire_choices":[{"data":"Eruption","floor":6.0,"key":"SMITH"},{"floor":8.0,"key":"REST"},{"data":"EmptyFist","floor":10.0,"key":"SMITH"},{"data":"Alpha","floor":15.0,"key":"SMITH"},{"floor":23.0,"key":"REST"},{"data":"Omniscience","floor":27.0,"key":"SMITH"},{"data":"Bite","floor":29.0,"key":"SMITH"}],"circlet_count":0,"master_deck":["Defend_P","Defend_P","Defend_P","Eruption+1","Vigilance+1","Brilliance+1","Prostrate","SignatureMove","EmptyFist+1","BattleHymn","Alpha+1","LikeWater","Brilliance","TalkToTheHand+1","Wallop+1","Omniscience+1","Injury","Bite+1","Bite","Bite","Bite","Bite"],"relics":["PureWater","Odd Mushroom","Pear","Juzu Bracelet","Whetstone","VioletLotus","Singing Bowl","Sundial"],"acts_visited":["Exordium","TheCity"],"potions_floor_usage":[30],"damage_taken":[{"damage":10.0,"enemies":"Jaw Worm","floor":1.0,"turns":5.0},{"damage":0.0,"enemies":"2 Louse","floor":5.0,"turns":1.0},{"damage":18.0,"enemies":"The Mushroom Lair","floor":7.0,"turns":4.0},{"damage":15.0,"enemies":"Lagavulin","floor":12.0,"turns":5.0},{"damage":28.0,"enemies":"Slime Boss","floor":16.0,"turns":5.0},{"damage":20.0,"enemies":"Shell Parasite","floor":18.0,"turns":5.0},{"damage":14.0,"enemies":"Spheric Guardian","floor":22.0,"turns":4.0},{"damage":75,"enemies":"Gremlin Leader","floor":30,"turns":9}],"seed_played":"486053224720574766","potions_obtained":[{"floor":7.0,"key":"Strength Potion"},{"floor":16.0,"key":"GamblersBrew"}],"is_trial":false,"path_per_floor":["M","?","?","$","M","R","?","R","T","R","?","E","?","$","R","B",null,"M","?","?","$","M","R","?","?","T","R","?","R","E"],"character_chosen":"WATCHER","items_purchased":["SignatureMove","Whetstone","LikeWater"],"campfire_rested":2,"item_purchase_floors":[4,14,14],"current_hp_per_floor":[55,41,59,59,59,59,41,62,72,72,72,57,57,57,57,29,69,49,49,49,49,35,59,59,57,57,57,48,48,0,0],"gold":128,"neow_bonus":"ONE_RANDOM_RARE_CARD","is_daily":false,"chose_seed":false,"campfire_upgraded":5,"win_rate":0.0,"timestamp":1608526649,"path_taken":["M","?","?","$","M","R","?","R","T","R","?","E","?","?","R","BOSS","M","?","?","$","M","R","?","?","T","R","?","R","E"],"items_purchased_type":["Card","Relic","Card"],"build_version":"2020-12-13","purchased_purges":2,"victory":false,"max_hp_per_floor":[72,72,72,72,72,72,72,72,82,82,82,82,82,82,82,82,82,82,82,82,82,82,82,82,57,57,57,62,62,62,62],"card_choices":[{"not_picked":["CutThroughFate","Evaluate"],"picked":"Prostrate","floor":1.0},{"not_picked":["Crescendo","Evaluate"],"picked":"EmptyFist","floor":5.0},{"not_picked":["InnerPeace","Crescendo"],"picked":"BattleHymn","floor":7.0},{"not_picked":["ClearTheMind","Evaluate"],"picked":"Alpha","floor":12.0},{"not_picked":["Ragnarok","Omniscience"],"picked":"Brilliance","floor":16.0},{"not_picked":["FlyingSleeves+1","Evaluate+1"],"picked":"TalkToTheHand","floor":18.0},{"not_picked":["BowlingBash","FlyingSleeves"],"picked":"Wallop+1","floor":22.0}],"player_experience":420638,"relics_obtained":[{"floor":7.0,"key":"Odd Mushroom"},{"floor":9.0,"key":"Pear"},{"floor":12.0,"key":"Juzu Bracelet"},{"floor":26.0,"key":"Sundial"}],"event_choices":[{"damage_healed":0.0,"max_hp_gain":0.0,"max_hp_loss":0.0,"gold_gain":0.0,"event_name":"Shining Light","player_choice":"Entered Light","floor":2.0,"gold_loss":0.0,"damage_taken":14.0,"cards_upgraded":["Vigilance","Strike_P"]},{"damage_healed":18.0,"max_hp_gain":0.0,"max_hp_loss":0.0,"gold_gain":0.0,"event_name":"The Cleric","player_choice":"Healed","floor":3.0,"gold_loss":35.0,"damage_taken":0.0},{"damage_healed":0.0,"max_hp_gain":0.0,"max_hp_loss":0.0,"gold_gain":0.0,"event_name":"Mushrooms","player_choice":"Fought Mushrooms","floor":7.0,"gold_loss":0.0,"damage_taken":0.0},{"cards_removed":["Strike_P"],"damage_healed":0.0,"max_hp_gain":0.0,"max_hp_loss":0.0,"gold_gain":0.0,"event_name":"Bonfire Elementals","player_choice":"Offered Basic","floor":11.0,"gold_loss":0.0,"damage_taken":0.0},{"damage_healed":0.0,"max_hp_gain":0.0,"max_hp_loss":0.0,"gold_gain":175.0,"event_name":"Liars Game","player_choice":"AGREE","floor":13.0,"gold_loss":0.0,"damage_taken":0.0,"cards_obtained":["Doubt"]},{"damage_healed":0.0,"max_hp_gain":0.0,"max_hp_loss":0.0,"gold_gain":0.0,"event_name":"The Mausoleum","player_choice":"Opened","floor":19.0,"gold_loss":0.0,"damage_taken":0.0,"relics_obtained":["Singing Bowl"],"cards_obtained":["Writhe"]},{"damage_healed":0.0,"max_hp_gain":0.0,"max_hp_loss":0.0,"gold_gain":0.0,"event_name":"Upgrade Shrine","player_choice":"Upgraded","floor":20.0,"gold_loss":0.0,"damage_taken":0.0,"cards_upgraded":["TalkToTheHand"]},{"damage_healed":0.0,"max_hp_gain":0.0,"max_hp_loss":0.0,"gold_gain":0.0,"cards_transformed":["Defend_P","Writhe"],"event_name":"Drug Dealer","player_choice":"Became Test Subject","floor":24.0,"gold_loss":0.0,"damage_taken":0.0,"cards_obtained":["Omniscience","Injury"]},{"damage_healed":0.0,"max_hp_gain":0.0,"max_hp_loss":25.0,"gold_gain":0.0,"event_name":"Vampires","player_choice":"Became a vampire","floor":25.0,"gold_loss":0.0,"damage_taken":0.0,"cards_obtained":["Bite","Bite","Bite","Bite","Bite"]},{"damage_healed":0.0,"max_hp_gain":5.0,"max_hp_loss":0.0,"gold_gain":0.0,"event_name":"Forgotten Altar","player_choice":"Shed Blood","floor":28.0,"gold_loss":0.0,"damage_taken":14.0}],"is_beta":false,"boss_relics":[{"not_picked":["Fusion Hammer","Busted Crown"],"picked":"VioletLotus"}],"items_purged_floors":[14,21],"is_endless":false,"potions_floor_spawned":[7,16],"killed_by":"Gremlin Leader","ascension_level":7}}