{"host":"y8hg8nbtd8qkv7tj","time":1608513859,"event":{"mods":["AchievementEnabler","Aspiration","BaseMod","BetterRewards","CapriCore","Colored Map","Downfall","Friendly Minions","GifTheSpireLib","GungeonMod","Hubris","Lobotomy","Minty Spire (QoL Compilation)","Replay The Spire","StSLib","The Animator","The Bladedancer","The Death Knight"],"gold_per_floor":[99,113,113,113,25,36,59,72,97,97,7,19,4,0,13,13,13],"floor_reached":16,"playtime":1458,"items_purged":[],"score":125,"play_id":"b6f91723-e337-4054-add9-9f4bf0c945c1","local_time":"20201220202419","is_ascension_mode":false,"campfire_choices":[{"data":"hexamod:Sear","floor":1,"key":"SMITH"},{"data":"hexamod:EtherealExpedition","floor":10,"key":"SMITH"}],"circlet_count":0,"master_deck":["hexamod:Strike","hexamod:Strike","hexamod:Strike","hexamod:Strike","hexamod:Defend","hexamod:Defend","hexamod:Defend","hexamod:Sear+1","hexamod:Float","hexamod:ChargedBarrage","hexamod:ThermalTransfer","hexamod:EtherealExpedition+1","hexamod:GhostOfSpirePresent","hexamod:CatchUp","hexamod:SkipABeat","hexamod:Incineration","hexamod:SwordOfDarkness","hexamod:ExtraCrispy","hexamod:ParanormalForm","hexamod:FastForward","hexamod:SearingWound","hexamod:Hexaguard"],"relics":["hexamod:SpiritBrand","hubris:TenFootPole","Replay:Wax Seal"],"acts_visited":["Exordium"],"potions_floor_usage":[9,11,16,16,16],"damage_taken":[{"damage":0,"enemies":"Small Slimes","floor":2,"turns":4},{"damage":0,"enemies":"downfall:FleeingMerchant","floor":5,"turns":4},{"damage":0,"enemies":"Cultist","floor":6,"turns":3},{"damage":0,"enemies":"2 Louse","floor":8,"turns":2},{"damage":0,"enemies":"Gremlin Nob","floor":9,"turns":3},{"damage":3,"enemies":"downfall:FleeingMerchant","floor":11,"turns":4},{"damage":9,"enemies":"Large Slime","floor":12,"turns":3},{"damage":9,"enemies":"downfall:FleeingMerchant","floor":13,"turns":4},{"damage":13,"enemies":"downfall:FleeingMerchant","floor":14,"turns":4},{"damage":6,"enemies":"Red Slaver","floor":15,"turns":3},{"damage":35,"enemies":"downfall:Defect","floor":16,"turns":4}],"seed_played":"-7699698169061220669","potions_obtained":[{"floor":0,"key":"CultistPotion"},{"floor":0,"key":"DistilledChaos"},{"floor":0,"key":"SpeedPotion"},{"floor":8,"key":"BlessingOfTheForge"},{"floor":9,"key":"Fire Potion"},{"floor":15,"key":"BlessingOfTheForge"}],"is_trial":false,"path_per_floor":["R","M","?","?","$","M","T","M","E","R","$","M","$","$","M","B"],"character_chosen":"THE_SPIRIT","items_purchased":["hexamod:GhostOfSpirePresent","hexamod:ExtraCrispy"],"campfire_rested":0,"item_purchase_floors":[5,11],"current_hp_per_floor":[70,70,75,75,75,75,75,75,75,75,72,63,54,41,35,0,0],"gold":13,"neow_bonus":"THREE_SMALL_POTIONS","is_daily":false,"chose_seed":false,"campfire_upgraded":2,"win_rate":0.0,"timestamp":1608513859,"path_taken":["R","M","?","?","$","?","T","M","E","R","$","M","?","$","M","BOSS"],"items_purchased_type":["Card","Card"],"build_version":"2020-12-13","purchased_purges":0,"victory":false,"max_hp_per_floor":[70,70,75,75,75,75,75,75,75,75,75,75,75,75,75,75,75],"card_choices":[{"not_picked":["hexamod:FastForward","hexamod:SpectralAdrenaline"],"picked":"hexamod:ChargedBarrage","floor":2},{"not_picked":["hexamod:NightmareStrike","hexamod:EmpoweringStance"],"picked":"hexamod:EtherealExpedition","floor":5},{"not_picked":["hexamod:ThirdSeal","hexamod:NightmareGuise"],"picked":"hexamod:CatchUp","floor":6},{"not_picked":["hexamod:GhostShield","hexamod:NightmareGuise"],"picked":"hexamod:SkipABeat","floor":8},{"not_picked":["hexamod:FourthSeal","hexamod:EmpoweredFlame"],"picked":"hexamod:Incineration","floor":9},{"not_picked":["hexamod:Again","hexamod:HauntingEcho"],"picked":"hexamod:SwordOfDarkness","floor":11},{"not_picked":["hexamod:BurningTouch","hexamod:ThermalTransfer"],"picked":"hexamod:ParanormalForm","floor":12},{"not_picked":["hexamod:ShieldOfDarkness","hexamod:Firestarter"],"picked":"hexamod:FastForward","floor":13},{"not_picked":["hexamod:GhostflameInferno","hexamod:BacktrackSmack"],"picked":"hexamod:SearingWound","floor":14},{"not_picked":["hexamod:AdvancingGuard","hexamod:HeatShield"],"picked":"hexamod:Hexaguard","floor":15}],"player_experience":68264,"relics_obtained":[{"floor":7,"key":"hubris:TenFootPole"},{"floor":9,"key":"Replay:Wax Seal"}],"event_choices":[{"damage_healed":0,"gold_gain":0,"player_choice":"Donut","damage_taken":0,"max_hp_gain":5,"max_hp_loss":0,"event_name":"Big Fish","floor":3,"gold_loss":0},{"damage_healed":0,"gold_gain":0,"cards_transformed":["hexamod:Defend"],"player_choice":"Transformed","damage_taken":0,"max_hp_gain":0,"max_hp_loss":0,"event_name":"Transmorgrifier","floor":4,"gold_loss":0,"cards_obtained":["hexamod:ThermalTransfer"]}],"is_beta":false,"boss_relics":[],"items_purged_floors":[],"is_endless":false,"potions_floor_spawned":[8,9,15],"killed_by":"downfall:Defect","ascension_level":0}}