{"host":"r53pw7z744tg3fxg","time":1608569337,"event":{"mods":["AchievementEnabler","BaseMod","Colored Map","Colored Powertips","Highlight Path","Minty Spire (QoL Compilation)","Quick Restart","Transform Curses"],"gold_per_floor":[111,127,26,41,41,41,75,94,94,94,59,91,109,25,25,128,128,144,144,164,181,281,281,312,312,312,326,344,344,344,356,356,356,356],"floor_reached":33,"playtime":1212,"items_purged":[],"score":377,"play_id":"fda41dc0-8670-4bdb-909f-466872632197","local_time":"20201221094857","is_ascension_mode":true,"campfire_choices":[{"data":"Crescendo","floor":6.0,"key":"SMITH"},{"data":"Blind","floor":15,"key":"SMITH"},{"floor":23,"key":"REST"},{"floor":25,"key":"REST"},{"floor":32,"key":"REST"}],"circlet_count":0,"master_deck":["Strike_P","Strike_P+1","Strike_P+1","Strike_P","Defend_P","Defend_P","Defend_P","Defend_P+1","Eruption+1","Vigilance","FollowUp","Crescendo+1","CarveReality","BowlingBash","FlurryOfBlows","LessonLearned","ClearTheMind","EmptyBody","Blind+1","ConjureBlade","ForeignInfluence","WreathOfFlame","ThirdEye","Evaluate"],"relics":["PureWater","Boot","Orichalcum","TeardropLocket","Darkstone Periapt","SacredBark","Bottled Flame","Akabeko"],"acts_visited":["Exordium","TheCity"],"potions_floor_usage":[16,21,24,28,30],"damage_taken":[{"damage":0.0,"enemies":"2 Louse","floor":1.0,"turns":1.0},{"damage":0.0,"enemies":"Cultist","floor":2.0,"turns":3.0},{"damage":0.0,"enemies":"Jaw Worm","floor":4.0,"turns":1.0},{"damage":22.0,"enemies":"3 Sentries","floor":7.0,"turns":7.0},{"damage":0.0,"enemies":"Red Slaver","floor":8.0,"turns":1.0},{"damage":4,"enemies":"Gremlin Nob","floor":12,"turns":3},{"damage":4,"enemies":"Looter","floor":13,"turns":3},{"damage":18,"enemies":"Slime Boss","floor":16,"turns":7},{"damage":7,"enemies":"3 Byrds","floor":18,"turns":5},{"damage":27,"enemies":"2 Thieves","floor":20,"turns":4},{"damage":13,"enemies":"Centurion and Healer","floor":21,"turns":4},{"damage":16,"enemies":"Slavers","floor":24,"turns":2},{"damage":9,"enemies":"3 Cultists","floor":27,"turns":4},{"damage":19,"enemies":"Chosen and Byrds","floor":28,"turns":7},{"damage":0,"enemies":"Centurion and Healer","floor":30,"turns":1},{"damage":36,"enemies":"Snecko","floor":31,"turns":6},{"damage":32,"enemies":"Collector","floor":33,"turns":3}],"seed_played":"-2326515498573092636","potions_obtained":[{"floor":7.0,"key":"Ambrosia"},{"floor":8.0,"key":"Swift Potion"},{"floor":12,"key":"SteroidPotion"},{"floor":16,"key":"SmokeBomb"},{"floor":27,"key":"GamblersBrew"}],"is_trial":false,"path_per_floor":["M","M","$","M","?","R","E","M","T","?","?","E","M","$","R","B",null,"M","?","M","M","?","R","E","R","T","M","M","?","M","M","R","B"],"character_chosen":"WATCHER","items_purchased":["CarveReality","BowlingBash","Blind"],"campfire_rested":3,"item_purchase_floors":[3,3,14],"current_hp_per_floor":[65,65,65,65,65,65,43,43,43,67,72,68,64,64,64,46,66,59,64,37,24,24,45,29,50,50,41,22,46,46,10,31,0,0],"gold":356,"neow_bonus":"RANDOM_COMMON_RELIC","is_daily":false,"chose_seed":false,"campfire_upgraded":2,"win_rate":0.0,"timestamp":1608569337,"path_taken":["M","M","$","M","?","R","E","M","T","?","?","E","M","$","R","BOSS","M","?","?","M","?","R","E","R","T","?","M","?","M","M","R","BOSS"],"items_purchased_type":["Card","Card","Card"],"build_version":"2020-12-13","purchased_purges":0,"victory":false,"max_hp_per_floor":[72,72,72,72,72,72,72,72,72,72,72,72,72,72,72,72,72,72,72,72,72,72,72,72,72,72,72,72,72,72,72,72,72,72],"card_choices":[{"not_picked":["Fasting2","Evaluate"],"picked":"FollowUp","floor":1.0},{"not_picked":["FollowUp","Indignation"],"picked":"Crescendo","floor":2.0},{"not_picked":["ThirdEye","BowlingBash"],"picked":"FlurryOfBlows","floor":4.0},{"not_picked":["FlurryOfBlows","Crescendo"],"picked":"EmptyFist","floor":7.0},{"not_picked":["Prostrate","Conclude"],"picked":"LessonLearned","floor":8.0},{"not_picked":["CrushJoints","ThirdEye"],"picked":"ClearTheMind","floor":12},{"not_picked":["FlurryOfBlows","ClearTheMind"],"picked":"EmptyBody","floor":13},{"not_picked":["DeusExMachina","Alpha"],"picked":"ConjureBlade","floor":16},{"not_picked":["WindmillStrike+1","BowlingBash+1"],"picked":"ForeignInfluence","floor":18},{"not_picked":["FlyingSleeves","FollowUp"],"picked":"WreathOfFlame","floor":20},{"not_picked":["FlurryOfBlows+1","CarveReality"],"picked":"ThirdEye","floor":21},{"not_picked":["Omniscience","FlyingSleeves"],"picked":"Evaluate","floor":24},{"not_picked":["Swivel","ThirdEye","LikeWater"],"picked":"SKIP","floor":27},{"not_picked":["Meditate+1","Tantrum","SashWhip"],"picked":"SKIP","floor":28},{"not_picked":["ClearTheMind","EmptyBody","ThirdEye"],"picked":"SKIP","floor":31}],"player_experience":1134481,"relics_obtained":[{"floor":7.0,"key":"Orichalcum"},{"floor":9.0,"key":"TeardropLocket"},{"floor":12,"key":"Darkstone Periapt"},{"floor":24,"key":"Bottled Flame"},{"floor":26,"key":"Akabeko"}],"event_choices":[{"damage_healed":0.0,"max_hp_gain":0.0,"max_hp_loss":0.0,"gold_gain":0.0,"event_name":"Living Wall","player_choice":"Grow","floor":5.0,"gold_loss":0.0,"damage_taken":0.0,"cards_upgraded":["Eruption"]},{"damage_healed":24.0,"max_hp_gain":0.0,"max_hp_loss":0.0,"gold_gain":0.0,"event_name":"Big Fish","player_choice":"Banana","floor":10.0,"gold_loss":0.0,"damage_taken":0.0},{"damage_healed":18.0,"max_hp_gain":0.0,"max_hp_loss":0.0,"gold_gain":0.0,"event_name":"The Cleric","player_choice":"Healed","floor":11.0,"gold_loss":35.0,"damage_taken":0.0},{"cards_removed":["EmptyFist"],"damage_healed":5,"gold_gain":0,"player_choice":"Offered Common","damage_taken":0,"max_hp_gain":0,"max_hp_loss":0,"event_name":"Bonfire Elementals","floor":19,"gold_loss":0},{"cards_removed":["EmptyFist"],"damage_healed":5,"gold_gain":0,"player_choice":"Offered Special","damage_taken":0,"max_hp_gain":0,"max_hp_loss":0,"event_name":"Bonfire Elementals","floor":19,"gold_loss":0},{"damage_healed":0,"gold_gain":100,"player_choice":"Pray","damage_taken":0,"max_hp_gain":0,"max_hp_loss":0,"event_name":"Golden Shrine","floor":22,"gold_loss":0},{"damage_healed":24,"gold_gain":0,"player_choice":"Heal","damage_taken":0,"max_hp_gain":0,"max_hp_loss":0,"event_name":"The Library","floor":29,"gold_loss":0}],"is_beta":false,"boss_relics":[{"not_picked":["Cursed Key","Philosopher\u0027s Stone"],"picked":"SacredBark"}],"items_purged_floors":[],"is_endless":false,"potions_floor_spawned":[7,8,12,16,20,27,30],"killed_by":"Collector","ascension_level":7}}