{"host":"3a1ypf1irl30q4k8","time":1608586561,"event":{"mods":["AchievementEnabler","BaseMod","Bestiary","Colored Map","Minty Spire (QoL Compilation)","Relic Stats"],"gold_per_floor":[113,129,5,21,37,37,68,79,105,105,115,144,156,156,156,261,261,278,49,0,0,14,14,46,46,46,70,55,64,64,87,87,201,201,218,239,153,175,50,59,59,59,84,84,84,84,0,0,9,9],"floor_reached":51,"playtime":1721,"items_purged":["Strike_B","Strike_B"],"score":953,"play_id":"124ef4f0-26b0-4543-b7c4-d7b9bd80ffe5","local_time":"20201221213601","is_ascension_mode":true,"campfire_choices":[{"floor":6,"key":"REST"},{"data":"Consume","floor":10,"key":"SMITH"},{"floor":15,"key":"REST"},{"floor":23,"key":"REST"},{"data":"Defragment","floor":25,"key":"SMITH"},{"floor":30,"key":"REST"},{"floor":32,"key":"REST"},{"floor":40,"key":"REST"},{"floor":42,"key":"REST"},{"data":"Defragment","floor":46,"key":"SMITH"},{"floor":49,"key":"REST"}],"circlet_count":0,"master_deck":["Strike_B","Defend_B","Defend_B","Defend_B","Defend_B","Zap","Dualcast","Defragment+1","Ball Lightning","Coolheaded","Lockon","Cold Snap","Consume+1","Auto Shields","Undo","Defragment+1","Electrodynamics","Redo+1","Cold Snap+1","Ball Lightning","Steam+1","Leap","Self Repair","Conserve Battery+1","Multi-Cast","Capacitor+1","Glacier","Capacitor","Steam+1","Turbo"],"relics":["Cracked Core","Lantern","Juzu Bracelet","Bronze Scales","Black Star","DataDisk","Omamori","Incense Burner","CeramicFish","Velvet Choker","Dream Catcher","Potion Belt","Red Mask"],"acts_visited":["Exordium","TheCity","TheBeyond"],"potions_floor_usage":[5,7,12,33,33,33,50],"damage_taken":[{"damage":7,"enemies":"Jaw Worm","floor":1,"turns":4},{"damage":6,"enemies":"Cultist","floor":2,"turns":3},{"damage":0,"enemies":"Small Slimes","floor":4,"turns":3},{"damage":17,"enemies":"Exordium Wildlife","floor":5,"turns":4},{"damage":7,"enemies":"Gremlin Nob","floor":7,"turns":3},{"damage":12,"enemies":"3 Louse","floor":8,"turns":3},{"damage":5,"enemies":"Lots of Slimes","floor":11,"turns":5},{"damage":24,"enemies":"Lagavulin","floor":12,"turns":6},{"damage":9,"enemies":"Red Slaver","floor":13,"turns":2},{"damage":11,"enemies":"Slime Boss","floor":16,"turns":7},{"damage":11,"enemies":"3 Byrds","floor":18,"turns":3},{"damage":12,"enemies":"Chosen","floor":22,"turns":4},{"damage":19,"enemies":"Gremlin Leader","floor":24,"turns":6},{"damage":5,"enemies":"Snecko","floor":27,"turns":4},{"damage":19,"enemies":"Centurion and Healer","floor":31,"turns":5},{"damage":72,"enemies":"Champ","floor":33,"turns":16},{"damage":22,"enemies":"3 Darklings","floor":35,"turns":3},{"damage":2,"enemies":"3 Shapes","floor":36,"turns":4},{"damage":29,"enemies":"3 Darklings","floor":38,"turns":6},{"damage":23,"enemies":"Awakened One","floor":50,"turns":17}],"seed_played":"2442845563297163929","potions_obtained":[{"floor":2,"key":"Explosive Potion"},{"floor":5,"key":"LiquidMemories"},{"floor":11,"key":"SkillPotion"},{"floor":16,"key":"FocusPotion"},{"floor":24,"key":"Strength Potion"},{"floor":27,"key":"Explosive Potion"},{"floor":36,"key":"LiquidMemories"}],"is_trial":false,"path_per_floor":["M","M","$","M","M","R","E","M","T","R","M","E","M","?","R","B",null,"M","$","?","?","M","R","E","R","T","M","$","?","R","M","R","B",null,"M","M","?","M","$","R","$","R","T","?","$","R","?","$","R","B",null],"character_chosen":"DEFECT","items_purchased":["Coolheaded","Lockon","DataDisk","Leap","Capacitor"],"campfire_rested":8,"item_purchase_floors":[3,3,19,28,39],"current_hp_per_floor":[68,62,62,62,45,69,62,50,50,50,45,21,12,12,36,25,68,57,57,57,57,45,69,50,50,50,45,45,45,69,57,81,16,66,44,42,42,20,20,44,44,68,68,68,68,68,68,68,82,66],"gold":9,"neow_bonus":"TEN_PERCENT_HP_BONUS","is_daily":false,"chose_seed":false,"campfire_upgraded":3,"win_rate":0.0,"timestamp":1608586561,"path_taken":["M","M","$","M","M","R","E","M","T","R","M","E","M","?","R","BOSS","M","$","?","?","M","R","E","R","T","M","?","?","R","M","R","BOSS","M","M","?","M","$","R","?","R","T","?","$","R","?","$","R","BOSS"],"items_purchased_type":["Card","Card","Relic","Card","Card"],"build_version":"2020-12-13","purchased_purges":2,"victory":true,"max_hp_per_floor":[82,82,82,82,82,82,82,82,82,82,82,82,82,82,82,82,82,82,82,82,82,82,82,82,82,82,82,82,82,82,82,82,82,82,82,82,82,82,82,82,82,82,82,82,82,82,82,82,82,82],"relic_stats":{"Dream Catcher":3,"counters":[20,108],"Bronze Scales":[288],"CeramicFish":90,"Juzu Bracelet":1,"Black Star":1,"obtain_stats":[{"Potion Belt":43,"Lantern":7,"CeramicFish":26,"Velvet Choker":34,"Juzu Bracelet":9,"Omamori":24,"Incense Burner":24,"DataDisk":19,"Dream Catcher":37,"Bronze Scales":12,"Black Star":17,"Red Mask":47,"Cracked Core":0},{"Potion Belt":19,"Lantern":5,"CeramicFish":13,"Velvet Choker":16,"Juzu Bracelet":6,"Omamori":13,"Incense Burner":13,"DataDisk":11,"Dream Catcher":18,"Bronze Scales":8,"Black Star":10,"Red Mask":19,"Cracked Core":0},{"Potion Belt":91,"Lantern":17,"CeramicFish":53,"Velvet Choker":78,"Juzu Bracelet":20,"Omamori":53,"Incense Burner":53,"DataDisk":43,"Dream Catcher":85,"Bronze Scales":31,"Black Star":40,"Red Mask":91,"Cracked Core":0}]},"card_choices":[{"not_picked":["Barrage","Leap"],"picked":"Defragment","floor":1},{"not_picked":["Leap","Streamline"],"picked":"Ball Lightning","floor":2},{"not_picked":["Compile Driver","Gash"],"picked":"Cold Snap","floor":4},{"not_picked":["Force Field","Rainbow"],"picked":"Consume","floor":5},{"not_picked":["Steam","Heatsinks"],"picked":"Auto Shields","floor":7},{"not_picked":["Gash","Turbo"],"picked":"Undo","floor":8},{"not_picked":["Go for the Eyes","Storm"],"picked":"Doom and Gloom","floor":11},{"not_picked":["Rebound","Stack","Fusion"],"picked":"SKIP","floor":12},{"not_picked":["Hello World","Melter"],"picked":"Defragment","floor":13},{"not_picked":["All For One","Hyperbeam"],"picked":"Electrodynamics","floor":16},{"not_picked":["Aggregate+1","Reinforced Body"],"picked":"Redo+1","floor":18},{"not_picked":["Coolheaded","Steam+1"],"picked":"Cold Snap+1","floor":22},{"not_picked":["Go for the Eyes+1","Steam"],"picked":"Ball Lightning","floor":24},{"not_picked":["Chaos","Beam Cell"],"picked":"Steam+1","floor":27},{"not_picked":["Beam Cell","BootSequence"],"picked":"Conserve Battery+1","floor":31},{"not_picked":["Hyperbeam","Machine Learning"],"picked":"Multi-Cast","floor":33},{"not_picked":["Sweeping Beam","Gash+1","Cold Snap"],"picked":"SKIP","floor":35},{"not_picked":["Double Energy","Streamline+1"],"picked":"Capacitor+1","floor":36},{"not_picked":["Recycle+1","Steam"],"picked":"Glacier","floor":38},{"not_picked":["Meteor Strike","Beam Cell+1"],"picked":"Steam+1","floor":40},{"not_picked":["Rebound+1","Stack"],"picked":"Turbo","floor":49}],"player_experience":867709,"relics_obtained":[{"floor":7,"key":"Lantern"},{"floor":9,"key":"Juzu Bracelet"},{"floor":12,"key":"Bronze Scales"},{"floor":24,"key":"Omamori"},{"floor":24,"key":"Incense Burner"},{"floor":26,"key":"CeramicFish"},{"floor":43,"key":"Potion Belt"}],"event_choices":[{"damage_healed":0,"gold_gain":0,"player_choice":"Leave","damage_taken":0,"max_hp_gain":0,"max_hp_loss":0,"event_name":"FaceTrader","floor":14,"gold_loss":0},{"damage_healed":0,"gold_gain":0,"player_choice":"Paid Fearfully","damage_taken":0,"max_hp_gain":0,"max_hp_loss":0,"event_name":"Masked Bandits","floor":20,"gold_loss":49},{"damage_healed":0,"gold_gain":0,"cards_transformed":["Strike_B"],"player_choice":"Transformed","damage_taken":0,"max_hp_gain":0,"max_hp_loss":0,"event_name":"Transmorgrifier","floor":29,"gold_loss":0,"cards_obtained":["Self Repair"]},{"damage_healed":0,"gold_gain":0,"player_choice":"Paid Gold","damage_taken":0,"relics_obtained":["Dream Catcher"],"max_hp_gain":0,"max_hp_loss":0,"event_name":"WeMeetAgain","floor":37,"gold_loss":86},{"cards_removed":["Doom and Gloom"],"damage_healed":0,"gold_gain":0,"player_choice":"Removed Attack","damage_taken":0,"max_hp_gain":0,"max_hp_loss":0,"event_name":"Falling","floor":44,"gold_loss":0},{"damage_healed":0,"gold_gain":0,"player_choice":"Paid","damage_taken":0,"relics_obtained":["Red Mask"],"max_hp_gain":0,"max_hp_loss":0,"event_name":"Tomb of Lord Red Mask","floor":47,"gold_loss":84}],"is_beta":false,"boss_relics":[{"not_picked":["FrozenCore","Runic Dome"],"picked":"Black Star"},{"not_picked":["SacredBark","Coffee Dripper"],"picked":"Velvet Choker"}],"items_purged_floors":[19,39],"is_endless":false,"potions_floor_spawned":[2,5,11,16,24,27,36],"ascension_level":9}}