{"host":"q6rs3in4l29iepap","time":1608575082,"event":{"mods":["Aspiration","BaseMod","Colored Map","Downfall","Hermit","Hubris","Infinite Spire","Jorbs\u0027s Wanderer Trilogy","Minty Spire (QoL Compilation)","Replay The Spire","Shade Mod","StSLib","The Construct","The Cursed","The Servant 0.9.4"],"gold_per_floor":[99,124,124,124,124,134,161,11,37,37,52,68,68,82,102,206,206,206,224,224,224,224,224,224,251,277,324,324,373,436,436,536,566,583,704,704,704,750,779,779,805,805,829,864,789,839,867,888,888,931,965,973],"floor_reached":53,"playtime":8548,"items_purged":["Spreading Infection"],"score":817,"play_id":"9a15b05e-2fbd-4a0d-8053-b94c3a4112f0","local_time":"20201221102442","is_ascension_mode":false,"campfire_choices":[{"floor":1,"key":"RECALL"},{"data":"Guardian:ChargeUp","floor":8,"key":"SMITH"},{"floor":10,"key":"REST"},{"floor":18,"key":"DIG"},{"data":"ReplayTheSpireMod:Book of Names","floor":20,"key":"SMITH"},{"data":"stsjorbsmod:CULLCard","floor":24,"key":"SMITH"},{"data":"ReplayTheSpireMod:??????????????????????","floor":37,"key":"SMITH"},{"floor":42,"key":"REST"},{"data":"Guardian:FloatingOrbs","floor":45,"key":"SMITH"}],"circlet_count":0,"master_deck":["Guardian:Strike_Guardian","Guardian:Strike_Guardian+1","Guardian:Strike_Guardian","Guardian:Strike_Guardian","Guardian:Defend_Guardian+1","Guardian:Defend_Guardian","Guardian:Defend_Guardian","Guardian:Defend_Guardian","Guardian:CurlUp","Guardian:TwinSlam","Guardian:RollAttack","Guardian:ChargeUp+1","Guardian:CrystalBeam","Guardian:ChargeUp","Guardian:TimeBomb","Guardian:TemporalShield","Guardian:Preprogram","Guardian:SphericShield","Hallucinations","stsjorbsmod:CULLCard+1","Guardian:TimeSifter","ReplayTheSpireMod:Book of Names+1","Replay:SS_forest_2","Guardian:TimeBomb","Guardian:ChargeCore","Guardian:CrystalBeam+1","Guardian:MultiBeam","Guardian:SpikerProtocol","ReplayTheSpireMod:??????????????????????+1","Guardian:Preprogram","Guardian:FloatingOrbs+1","Guardian:FastForward","Guardian:ShieldCharger+1","Guardian:WalkerClaw+1","Parasite","Guardian:TimeBomb+1","Guardian:PiercingHide+1","Guardian:Suspension+1","Guardian:Gem_Cyan","Guardian:TimeBomb"],"relics":["Guardian:ModeShifter","downfall:HeartsMalice","hubris:ToyBattleship","downfall:HeartBlessingBlue","downfall:HeartBlessingRed","Garlic","ReplayTheSpireMod:SealedPack","Replay:Bandana","aspiration:RitualStick","PreservedInsect","Bottled Tornado","ReplayTheSpireMod:Ring of Addiction","Ring of Fangs","White Beast Statue","Toy Ornithopter","Darkstone Periapt","Replay:Bottled Flurry","Replay:Bottled Snecko","hubris:HollowSoul","Pet Ghost","aspiration:TomeofQuesting","downfall:HeartBlessingGreen","Simple Rune"],"acts_visited":["Exordium","TheCity","TheBeyond"],"potions_floor_usage":[29,34,34,41,41,46,46,46,47,50,52,52,52],"damage_taken":[{"damage":0,"enemies":"3 Sentries","floor":2,"turns":1},{"damage":0,"enemies":"Small Slimes","floor":3,"turns":1},{"damage":0,"enemies":"Cultist","floor":4,"turns":1},{"damage":0,"enemies":"2 Louse","floor":6,"turns":2},{"damage":15,"enemies":"Lagavulin","floor":9,"turns":6},{"damage":0,"enemies":"3 Louse","floor":11,"turns":3},{"damage":4,"enemies":"Large Slime","floor":12,"turns":4},{"damage":0,"enemies":"Exordium Thugs","floor":14,"turns":3},{"damage":0,"enemies":"Lots of Slimes","floor":15,"turns":4},{"damage":54,"enemies":"downfall:Defect","floor":16,"turns":10},{"damage":0,"enemies":"Chosen","floor":19,"turns":5},{"damage":7,"enemies":"Shell Parasite","floor":25,"turns":3},{"damage":3,"enemies":"Gremlin Leader","floor":27,"turns":4},{"damage":9,"enemies":"Slavers","floor":29,"turns":3},{"damage":0,"enemies":"Snake Plant","floor":33,"turns":4},{"damage":2,"enemies":"3 Cultists","floor":34,"turns":4},{"damage":25,"enemies":"downfall:Silent","floor":35,"turns":7},{"damage":17,"enemies":"3 Darklings","floor":38,"turns":5},{"damage":9,"enemies":"3 Shapes","floor":39,"turns":4},{"damage":1,"enemies":"Writhing Mass","floor":41,"turns":6},{"damage":10,"enemies":"R_Hoarder","floor":44,"turns":5},{"damage":70,"enemies":"Reptomancer","floor":46,"turns":5},{"damage":43,"enemies":"Spire Growth","floor":47,"turns":7},{"damage":12,"enemies":"4 Shapes","floor":48,"turns":19},{"damage":10,"enemies":"Sphere and 2 Shapes","floor":50,"turns":5},{"damage":6,"enemies":"Jaw Worm Horde","floor":51,"turns":6},{"damage":12,"enemies":"downfall:Watcher","floor":52,"turns":8}],"seed_played":"3617154888827660093","potions_obtained":[{"floor":2,"key":"GamblersBrew"},{"floor":9,"key":"Guardian:AcceleratePotion"},{"floor":12,"key":"sneckomod:MuddlingPotion"},{"floor":15,"key":"Adrenaline Potion"},{"floor":28,"key":"Energy Potion"},{"floor":29,"key":"BlessingOfTheForge"},{"floor":30,"key":"Energy Potion"},{"floor":33,"key":"champ:CounterPotion"},{"floor":34,"key":"Swift Potion"},{"floor":35,"key":"Guardian:DefensiveModePotion"},{"floor":38,"key":"Energy Potion"},{"floor":41,"key":"ColorlessPotion"},{"floor":44,"key":"Dexterity Potion"},{"floor":46,"key":"BlessingOfTheForge"},{"floor":47,"key":"champ:CounterPotion"},{"floor":48,"key":"ColorlessPotion"},{"floor":50,"key":"BlessingOfTheForge"},{"floor":51,"key":"PowerPotion"}],"is_trial":false,"path_per_floor":["R_BF","E","M","M","?","M","T","R","E","R","M","M","?","M","M","B",null,"R_BF","M","R","?","PTL","PTL","R","M","T","E","?","E","?","AVR","?","M","M","B",null,"R","M","M","?","M","R","T","E","R","E","M","M","?","M","M","B",null],"character_chosen":"GUARDIAN","items_purchased":[],"campfire_rested":2,"item_purchase_floors":[],"current_hp_per_floor":[80,80,80,80,80,80,80,90,75,90,90,86,86,86,86,32,90,90,90,90,72,72,72,72,65,65,62,62,58,22,22,22,22,30,5,88,88,69,60,60,75,90,90,80,80,23,20,8,8,44,38,41],"gold":973,"neow_bonus":"THREE_ENEMY_KILL","is_daily":false,"chose_seed":false,"campfire_upgraded":5,"win_rate":0.0,"timestamp":1608575082,"path_taken":["R_BF","E","M","M","?","M","T","R","E","R","?","M","?","M","M","BOSS","R_BF","M","R","?","PTL","PTL","R","M","T","E","?","E","?","AVR","?","M","M","BOSS","R","M","M","?","M","R","T","E","R","E","M","?","?","M","M","BOSS"],"items_purchased_type":[],"build_version":"2020-12-13","purchased_purges":1,"victory":true,"max_hp_per_floor":[80,80,80,80,80,80,80,90,90,90,90,90,90,90,90,90,90,90,90,90,90,90,90,90,90,90,90,90,90,90,90,90,88,88,88,88,88,86,86,86,90,90,90,90,88,88,88,88,88,88,88,88],"card_choices":[{"not_picked":["Guardian:ShieldCharger","Guardian:Incinerate"],"picked":"Guardian:Gem_Fragmented","floor":2},{"not_picked":["Guardian:PrimingBeam","Guardian:RollAttack"],"picked":"Guardian:Gem_Red","floor":3},{"not_picked":["Guardian:TemporalShield","Guardian:Gem_Cyan"],"picked":"Guardian:RollAttack","floor":4},{"not_picked":["Guardian:Reroute","Guardian:BronzeArmor"],"picked":"Guardian:ChargeUp","floor":6},{"not_picked":["Guardian:TimeSifter","Guardian:Emergency"],"picked":"Guardian:CrystalBeam","floor":9},{"not_picked":["Guardian:Incinerate","Guardian:Reroute"],"picked":"Guardian:ChargeUp","floor":11},{"not_picked":["Guardian:Gem_Green","Guardian:TimeCapacitor"],"picked":"Guardian:TimeBomb","floor":12},{"not_picked":["Guardian:Reroute","Guardian:Gem_Synthetic"],"picked":"Guardian:TemporalShield","floor":14},{"not_picked":["Guardian:VentSteam","Guardian:Planning"],"picked":"Guardian:Preprogram","floor":15},{"not_picked":["Guardian:RevengeProtocol","Guardian:ExploitGems"],"picked":"Guardian:SphericShield","floor":16},{"not_picked":["Replay:GuardianBash","hermit:Snapshot"],"picked":"stsjorbsmod:CULLCard","floor":17},{"not_picked":["Guardian:Gem_Synthetic","Guardian:HyperBeam_Guardian"],"picked":"Guardian:TimeSifter","floor":17},{"not_picked":["infinitespire:Menacing","ReplayTheSpireMod:Echoes of Time"],"picked":"ReplayTheSpireMod:Book of Names","floor":17},{"not_picked":["Blind","Madness"],"picked":"Replay:SS_forest_2","floor":17},{"not_picked":["Guardian:ArmoredProtocol","Guardian:PrimingBeam+1"],"picked":"Guardian:TimeBomb","floor":19},{"not_picked":["Guardian:PrismaticBeam+1","Guardian:Gem_Red"],"picked":"Guardian:ChargeCore","floor":25},{"not_picked":["Guardian:PrimingBeam","Guardian:TemporalShield"],"picked":"Guardian:CrystalBeam+1","floor":27},{"not_picked":["Guardian:GuardianWhirl","Guardian:Gem_Fragmented"],"picked":"Guardian:MultiBeam","floor":29},{"not_picked":["Guardian:Gem_Lightblue","Guardian:Preprogram"],"picked":"Guardian:SpikerProtocol","floor":30},{"not_picked":["Guardian:ChargeCore","Guardian:TimeCapacitor"],"picked":"Guardian:Preprogram","floor":33},{"not_picked":["Guardian:DonusPower","Guardian:Gem_Fragmented"],"picked":"Guardian:FloatingOrbs","floor":34},{"not_picked":["Guardian:ConstructionForm","Guardian:RevengeProtocol"],"picked":"Guardian:FastForward","floor":35},{"not_picked":["Guardian:Recover","Guardian:Suspension"],"picked":"Guardian:ShieldCharger+1","floor":38},{"not_picked":["Guardian:PrimingBeam","Guardian:FloatingOrbs"],"picked":"Guardian:WalkerClaw+1","floor":39},{"not_picked":["Guardian:AncientConstruct","Guardian:PrismaticBarrier+1","Guardian:VentSteam+1"],"picked":"SKIP","floor":41},{"not_picked":["Guardian:PiercingHide","Guardian:Reroute+1"],"picked":"Guardian:Gem_Cyan","floor":44},{"not_picked":["Guardian:RollAttack","Guardian:ExploitGems"],"picked":"Guardian:TimeBomb+1","floor":46},{"not_picked":["Guardian:Incinerate","Guardian:Gem_Blue"],"picked":"Guardian:PiercingHide+1","floor":47},{"not_picked":["Guardian:Reroute","Guardian:Harden+1"],"picked":"Guardian:Suspension+1","floor":48},{"not_picked":["Guardian:VentSteam","Guardian:RollAttack"],"picked":"Guardian:Gem_Cyan","floor":50},{"not_picked":["Guardian:TemporalShield","Guardian:Suspension"],"picked":"Guardian:TimeBomb","floor":51}],"player_experience":50663,"relics_obtained":[{"floor":2,"key":"hubris:ToyBattleship"},{"floor":9,"key":"Garlic"},{"floor":18,"key":"Replay:Bandana"},{"floor":26,"key":"PreservedInsect"},{"floor":27,"key":"Bottled Tornado"},{"floor":28,"key":"ReplayTheSpireMod:Ring of Addiction"},{"floor":28,"key":"Ring of Fangs"},{"floor":28,"key":"White Beast Statue"},{"floor":28,"key":"Toy Ornithopter"},{"floor":29,"key":"Darkstone Periapt"},{"floor":30,"key":"Replay:Bottled Flurry"},{"floor":43,"key":"Pet Ghost"},{"floor":44,"key":"aspiration:TomeofQuesting"},{"floor":46,"key":"Simple Rune"}],"event_choices":[],"is_beta":false,"boss_relics":[{"not_picked":["Sozu","Coffee Dripper"],"picked":"ReplayTheSpireMod:SealedPack"},{"not_picked":["aspiration:RitualDagger","Velvet Choker"],"picked":"hubris:HollowSoul"}],"items_purged_floors":[31],"is_endless":false,"potions_floor_spawned":[2,9,12,15,16,25,27,29,33,34,35,38,39,41,44,46,47,48,50,51],"ascension_level":0}}