{"host":"x6tlfgqpy55vgxdn","time":1608536313,"event":{"mods":["AchievementEnabler","BaseMod","DeckTracker","Minty Spire (QoL Compilation)","Permanent Neow","StSLib","SuperFastMode"],"gold_per_floor":[114,114,133,208,226,226,255,255,255,255,270,284,317,336,336,437,437,447,30,30,45,405,405,432,442,442,471,521,540,571,46,46,154,154,171,171,171,180,199,238,265,308,343,140,156,182,218,245,245,245,245,245,2,29,29],"floor_reached":56,"playtime":7242,"items_purged":["Defend_B","Strike_B","Zap","Beam Cell+1"],"score":1877,"play_id":"98c30bcc-1d34-4972-9d9a-48fb2072178a","local_time":"20201221163833","is_ascension_mode":true,"campfire_choices":[{"data":"Beam Cell","floor":6.0,"key":"SMITH"},{"data":"Dualcast","floor":8.0,"key":"SMITH"},{"data":"Defragment","floor":15.0,"key":"SMITH"},{"data":"White Noise","floor":23.0,"key":"SMITH"},{"data":"Biased Cognition","floor":32.0,"key":"SMITH"},{"floor":49.0,"key":"RECALL"},{"data":"Capacitor","floor":52.0,"key":"SMITH"}],"circlet_count":0,"master_deck":["Dualcast+1","Glacier","Cold Snap","White Noise+1","FTL","Barrage+1","Core Surge+1","Defragment+1","Machine Learning+1","Steam+1","Biased Cognition+1","Undo","Hologram+1","Echo Form","Dark Shackles","Blizzard+1","Capacitor+1","Skim+1","Double Energy+1"],"relics":["Coffee Dripper","Juzu Bracelet","The Courier","MealTicket","HornCleat","Astrolabe","TheAbacus","Art of War","Ancient Tea Set","Bottled Lightning","Pantograph","Happy Flower","CeramicFish","Kunai","WingedGreaves","Black Star","Pocketwatch","Whetstone","Toxic Egg 2","Bag of Marbles","Unceasing Top","MawBank","Bag of Preparation","Frozen Egg 2","Blood Vial","Mango","FossilizedHelix","Lantern","Letter Opener","Bottled Tornado"],"acts_visited":["Exordium","TheCity","TheBeyond","TheEnding"],"potions_floor_usage":[55,55],"damage_taken":[{"damage":1.0,"enemies":"Cultist","floor":1.0,"turns":4.0},{"damage":0.0,"enemies":"2 Louse","floor":3.0,"turns":3.0},{"damage":0.0,"enemies":"Small Slimes","floor":5.0,"turns":4.0},{"damage":8.0,"enemies":"3 Sentries","floor":7.0,"turns":11.0},{"damage":4.0,"enemies":"2 Fungi Beasts","floor":11.0,"turns":4.0},{"damage":7.0,"enemies":"Red Slaver","floor":12.0,"turns":3.0},{"damage":13.0,"enemies":"Gremlin Nob","floor":13.0,"turns":5.0},{"damage":0.0,"enemies":"Blue Slaver","floor":14.0,"turns":3.0},{"damage":11.0,"enemies":"Slime Boss","floor":16.0,"turns":7.0},{"damage":0.0,"enemies":"Shell Parasite","floor":18.0,"turns":5.0},{"damage":0.0,"enemies":"Spheric Guardian","floor":21.0,"turns":6.0},{"damage":16.0,"enemies":"Slavers","floor":24.0,"turns":5.0},{"damage":0.0,"enemies":"Snecko","floor":25.0,"turns":5.0},{"damage":1.0,"enemies":"Book of Stabbing","floor":27.0,"turns":5.0},{"damage":9.0,"enemies":"Snake Plant","floor":29.0,"turns":6.0},{"damage":2.0,"enemies":"Gremlin Leader","floor":30.0,"turns":8.0},{"damage":0.0,"enemies":"Automaton","floor":33.0,"turns":10.0},{"damage":1.0,"enemies":"3 Darklings","floor":35.0,"turns":11.0},{"damage":1.0,"enemies":"3 Shapes","floor":39.0,"turns":6.0},{"damage":0.0,"enemies":"Nemesis","floor":40.0,"turns":9.0},{"damage":0.0,"enemies":"Giant Head","floor":41.0,"turns":10.0},{"damage":7.0,"enemies":"Reptomancer","floor":42.0,"turns":7.0},{"damage":0.0,"enemies":"3 Darklings","floor":45.0,"turns":6.0},{"damage":0.0,"enemies":"Giant Head","floor":46.0,"turns":8.0},{"damage":0.0,"enemies":"Nemesis","floor":47.0,"turns":9.0},{"damage":4.0,"enemies":"Transient","floor":48.0,"turns":5.0},{"damage":0.0,"enemies":"Awakened One","floor":50.0,"turns":15.0},{"damage":0.0,"enemies":"Shield and Spear","floor":54.0,"turns":7.0},{"damage":9,"enemies":"The Heart","floor":55,"turns":9}],"seed_played":"2709937441646934293","potions_obtained":[{"floor":1.0,"key":"PotionOfCapacity"},{"floor":11.0,"key":"FocusPotion"},{"floor":12.0,"key":"DuplicationPotion"},{"floor":24.0,"key":"Strength Potion"},{"floor":27.0,"key":"FearPotion"},{"floor":29.0,"key":"Weak Potion"},{"floor":40.0,"key":"FairyPotion"},{"floor":41.0,"key":"SpeedPotion"},{"floor":45.0,"key":"SteroidPotion"},{"floor":48.0,"key":"SteroidPotion"}],"is_trial":false,"path_per_floor":["M","?","M","?","M","R","E","R","T","?","M","M","E","M","R","B",null,"M","$","?","M","?","R","E","M","T","E","?","M","E","$","R","B",null,"M","?","?","?","M","E","E","E","T","$","M","E","E","M","R","B",null,"R","$","E","B",null],"character_chosen":"DEFECT","items_purchased":["TheAbacus","Art of War","Ancient Tea Set","Kunai","WingedGreaves","Bag of Preparation","Lantern"],"campfire_rested":0,"item_purchase_floors":[19,19,19,31,31,44,53],"current_hp_per_floor":[74,74,74,63,63,63,55,55,55,52,48,41,28,28,28,17,75,75,75,75,75,39,39,23,23,23,22,22,13,11,26,26,51,75,74,74,74,69,68,68,68,61,61,75,75,75,89,85,85,89,89,89,89,89,80],"gold":29,"neow_bonus":"BOSS_RELIC","is_daily":false,"chose_seed":false,"campfire_upgraded":6,"win_rate":0.0,"timestamp":1608536313,"path_taken":["M","?","M","?","M","R","E","R","T","?","M","M","E","M","R","BOSS","M","$","?","M","?","R","E","M","T","E","?","M","E","$","R","BOSS","M","?","?","?","M","E","E","E","T","$","M","E","E","M","R","BOSS","R","$","E","BOSS"],"items_purchased_type":["Relic","Relic","Relic","Relic","Relic","Relic","Relic"],"build_version":"2020-12-13","purchased_purges":4,"victory":true,"max_hp_per_floor":[75,75,75,75,75,75,75,75,75,75,75,75,75,75,75,75,75,75,75,75,75,75,75,75,75,75,75,75,75,75,75,75,75,75,75,75,75,75,75,75,75,75,75,75,75,75,89,89,89,89,89,89,89,89,89],"card_choices":[{"not_picked":["Scrape","Stack","Hologram"],"picked":"SKIP","floor":1.0},{"not_picked":["Rip and Tear","Beam Cell","Conserve Battery"],"picked":"SKIP","floor":3.0},{"not_picked":["Rip and Tear","Conserve Battery"],"picked":"Beam Cell","floor":3.0},{"not_picked":["Double Energy","Redo","Turbo"],"picked":"SKIP","floor":5.0},{"not_picked":["Thunder Strike","Glacier"],"picked":"Cold Snap","floor":7.0},{"not_picked":["Static Discharge","Gash"],"picked":"White Noise","floor":11.0},{"not_picked":["Double Energy","Stack"],"picked":"Defragment","floor":12.0},{"not_picked":["Melter","Hello World"],"picked":"FTL","floor":13.0},{"not_picked":["Conserve Battery","Coolheaded"],"picked":"Barrage","floor":14.0},{"not_picked":["Reboot","Rainbow"],"picked":"Core Surge","floor":16.0},{"not_picked":["Cold Snap","Rip and Tear","Stack"],"picked":"SKIP","floor":18.0},{"not_picked":["Cold Snap","Reprogram","Sweeping Beam"],"picked":"SKIP","floor":21.0},{"not_picked":["Self Repair","FTL"],"picked":"Biased Cognition","floor":24.0},{"not_picked":["Rip and Tear+1","BootSequence","Reprogram"],"picked":"SKIP","floor":25.0},{"not_picked":["Undo","Genetic Algorithm","Aggregate"],"picked":"SKIP","floor":27.0},{"not_picked":["Genetic Algorithm","Aggregate"],"picked":"Undo","floor":27.0},{"not_picked":["Redo","Double Energy"],"picked":"Hologram+1","floor":29.0},{"not_picked":["Auto Shields","Sweeping Beam","Hologram"],"picked":"SKIP","floor":30.0},{"not_picked":["Thunder Strike","Core Surge"],"picked":"Echo Form","floor":33.0},{"not_picked":["Streamline","Reprogram+1","Defragment+1"],"picked":"SKIP","floor":35.0},{"not_picked":["Mayhem","Transmutation"],"picked":"Dark Shackles","floor":38.0},{"not_picked":["Tempest","Turbo+1","Ball Lightning+1"],"picked":"SKIP","floor":39.0},{"not_picked":["Cold Snap","Static Discharge+1"],"picked":"Blizzard+1","floor":40.0},{"not_picked":["Leap+1","Consume+1","Gash"],"picked":"SKIP","floor":41.0},{"not_picked":["Ball Lightning","Machine Learning"],"picked":"Capacitor","floor":42.0},{"not_picked":["Steam+1","Chaos+1","Gash"],"picked":"SKIP","floor":45.0},{"not_picked":["Gash+1","Barrage+1","Steam+1"],"picked":"SKIP","floor":46.0},{"not_picked":["Gash+1","Barrage+1","Steam+1"],"picked":"SKIP","floor":46.0},{"not_picked":["Turbo+1","Steam+1"],"picked":"Skim+1","floor":47.0},{"not_picked":["Streamline+1","Leap+1"],"picked":"Double Energy+1","floor":48.0},{"not_picked":["Lockon","Hologram+1","Hello World+1"],"picked":"SKIP","floor":54.0}],"player_experience":187316,"relics_obtained":[{"floor":7.0,"key":"Juzu Bracelet"},{"floor":9.0,"key":"The Courier"},{"floor":13.0,"key":"HornCleat"},{"floor":24.0,"key":"Bottled Lightning"},{"floor":26.0,"key":"Pantograph"},{"floor":27.0,"key":"Happy Flower"},{"floor":30.0,"key":"CeramicFish"},{"floor":40.0,"key":"Pocketwatch"},{"floor":40.0,"key":"Whetstone"},{"floor":41.0,"key":"Toxic Egg 2"},{"floor":41.0,"key":"Bag of Marbles"},{"floor":42.0,"key":"Unceasing Top"},{"floor":42.0,"key":"MawBank"},{"floor":46.0,"key":"Frozen Egg 2"},{"floor":46.0,"key":"Blood Vial"},{"floor":47.0,"key":"Mango"},{"floor":47.0,"key":"FossilizedHelix"},{"floor":54.0,"key":"Letter Opener"},{"floor":54.0,"key":"Bottled Tornado"}],"event_choices":[{"damage_healed":0.0,"max_hp_gain":0.0,"max_hp_loss":0.0,"gold_gain":0.0,"cards_transformed":["Strike_B"],"event_name":"Living Wall","player_choice":"Change","floor":2.0,"gold_loss":0.0,"damage_taken":0.0,"cards_obtained":["Glacier"]},{"damage_healed":0.0,"max_hp_gain":0.0,"max_hp_loss":0.0,"gold_gain":75.0,"event_name":"World of Goop","player_choice":"Gather Gold","floor":4.0,"gold_loss":0.0,"damage_taken":11.0},{"damage_healed":0.0,"max_hp_gain":0.0,"max_hp_loss":0.0,"gold_gain":0.0,"event_name":"Scrap Ooze","player_choice":"Success","floor":10.0,"gold_loss":0.0,"damage_taken":3.0,"relics_obtained":["MealTicket"]},{"cards_removed":["Defend_B"],"damage_healed":0.0,"max_hp_gain":0.0,"max_hp_loss":0.0,"gold_gain":0.0,"event_name":"Back to Basics","player_choice":"Elegance","floor":20.0,"gold_loss":0.0,"damage_taken":0.0},{"damage_healed":0.0,"max_hp_gain":0.0,"max_hp_loss":0.0,"gold_gain":360.0,"event_name":"Knowing Skull","player_choice":"GOLD GOLD GOLD GOLD ","floor":22.0,"potions_obtained":[],"gold_loss":0.0,"damage_taken":36.0,"cards_obtained":[]},{"damage_healed":0.0,"max_hp_gain":0.0,"max_hp_loss":0.0,"gold_gain":100.0,"event_name":"The Joust","player_choice":"Bet on Murderer","floor":28.0,"gold_loss":50.0,"damage_taken":0.0},{"cards_removed":["Defragment"],"damage_healed":0.0,"max_hp_gain":0.0,"max_hp_loss":0.0,"gold_gain":0.0,"event_name":"Falling","player_choice":"Removed Power","floor":36.0,"gold_loss":0.0,"damage_taken":0.0},{"cards_removed":["Defend_B"],"damage_healed":0.0,"max_hp_gain":0.0,"max_hp_loss":0.0,"gold_gain":0.0,"event_name":"Purifier","player_choice":"Purged","floor":37.0,"gold_loss":0.0,"damage_taken":0.0},{"damage_healed":0.0,"max_hp_gain":0.0,"max_hp_loss":0.0,"gold_gain":0.0,"event_name":"SensoryStone","player_choice":"Memory 2","floor":38.0,"gold_loss":0.0,"damage_taken":5.0}],"is_beta":false,"boss_relics":[{"not_picked":["Runic Pyramid","Snecko Eye"],"picked":"Astrolabe"},{"not_picked":["Philosopher\u0027s Stone","SlaversCollar"],"picked":"Black Star"}],"items_purged_floors":[19,31,44,53],"is_endless":false,"potions_floor_spawned":[1,11,12,13,14,24,27,29,40,41,45,48],"ascension_level":3}}