{"host":"egyxg9lnjq7g2hmw","time":1608521902,"event":{"mods":["AchievementEnabler","BaseMod","Block Reminder","Colored Map","Colored Powertips","Highlight Path","Minty Spire (QoL Compilation)","Rare Cards Sparkle","StSLib"],"gold_per_floor":[115,63,7,23,40,67,67,101,128,128,53,85,101,120,120,199,199,219,230,230,230,240,269,269,269,269],"floor_reached":25,"playtime":1138,"items_purged":["Strike_G"],"score":482,"play_id":"54dfeea5-8ac4-4c0c-a213-5b9d46e61724","local_time":"20201220193822","is_ascension_mode":true,"campfire_choices":[{"floor":7.0,"key":"REST"},{"floor":10.0,"key":"REST"},{"floor":15.0,"key":"REST"},{"floor":24.0,"key":"REST"}],"circlet_count":0,"master_deck":["AscendersBane","Strike_G","Strike_G","Strike_G","Strike_G","Defend_G","Defend_G","Defend_G","Defend_G","Defend_G","Survivor","Neutralize","Burst","Dagger Throw","Bane","Poisoned Stab","Bouncing Flask","Poisoned Stab","Deadly Poison+1","Bouncing Flask+1","Deadly Poison+1","Corpse Explosion+1","PiercingWail+1","Dodge and Roll+1","Crippling Poison+1","Backflip+1"],"relics":["Ring of the Snake","Potion Belt","Juzu Bracelet","Centennial Puzzle","Toxic Egg 2","Velvet Choker","Frozen Egg 2"],"acts_visited":["Exordium","TheCity"],"potions_floor_usage":[25,25],"damage_taken":[{"damage":27.0,"enemies":"Cultist","floor":1.0,"turns":8.0},{"damage":0.0,"enemies":"2 Louse","floor":4.0,"turns":3.0},{"damage":0.0,"enemies":"Jaw Worm","floor":5.0,"turns":3.0},{"damage":8.0,"enemies":"Gremlin Nob","floor":6.0,"turns":3.0},{"damage":19.0,"enemies":"Lagavulin","floor":8.0,"turns":6.0},{"damage":8.0,"enemies":"Gremlin Nob","floor":12.0,"turns":3.0},{"damage":6.0,"enemies":"Gremlin Gang","floor":13.0,"turns":4.0},{"damage":15.0,"enemies":"Exordium Thugs","floor":14.0,"turns":4.0},{"damage":7.0,"enemies":"Slime Boss","floor":16.0,"turns":6.0},{"damage":13.0,"enemies":"Shell Parasite","floor":18.0,"turns":3.0},{"damage":0.0,"enemies":"Spheric Guardian","floor":19.0,"turns":2.0},{"damage":2.0,"enemies":"Centurion and Healer","floor":22.0,"turns":3.0},{"damage":12.0,"enemies":"Slavers","floor":23.0,"turns":3.0},{"damage":62,"enemies":"Gremlin Leader","floor":25,"turns":9}],"seed_played":"8356535287024690686","potions_obtained":[{"floor":1.0,"key":"DuplicationPotion"},{"floor":5.0,"key":"Strength Potion"},{"floor":6.0,"key":"AttackPotion"},{"floor":8.0,"key":"Block Potion"},{"floor":14.0,"key":"Fire Potion"},{"floor":16.0,"key":"ColorlessPotion"},{"floor":18.0,"key":"Block Potion"},{"floor":23.0,"key":"Weak Potion"}],"is_trial":false,"path_per_floor":["M","$","?","M","M","E","R","E","T","R","$","E","M","M","R","B",null,"M","M","?","?","M","E","R","E"],"character_chosen":"THE_SILENT","items_purchased":["Bane"],"campfire_rested":4,"item_purchase_floors":[2],"current_hp_per_floor":[32,32,32,32,32,24,43,24,24,43,43,35,29,14,33,26,56,43,43,43,43,41,29,48,0,0],"gold":269,"neow_bonus":"ONE_RANDOM_RARE_CARD","is_daily":false,"chose_seed":false,"campfire_upgraded":0,"win_rate":0.0,"timestamp":1608521902,"path_taken":["M","$","?","M","M","E","R","E","T","R","$","E","M","M","R","BOSS","M","M","?","?","M","E","R","E"],"items_purchased_type":["Card"],"build_version":"2020-12-13","purchased_purges":1,"victory":false,"max_hp_per_floor":[66,66,66,66,66,66,66,66,66,66,66,66,66,66,66,66,66,66,66,66,66,66,66,66,66,66],"card_choices":[{"not_picked":["Caltrops","Quick Slash"],"picked":"Dagger Throw","floor":1.0},{"not_picked":["Slice","Prepared"],"picked":"Poisoned Stab","floor":4.0},{"not_picked":["Prepared","Deflect","Infinite Blades"],"picked":"SKIP","floor":5.0},{"not_picked":["Dagger Throw","Predator"],"picked":"Bouncing Flask","floor":6.0},{"not_picked":["Blade Dance","Reflex"],"picked":"Poisoned Stab","floor":8.0},{"not_picked":["Poisoned Stab","Expertise+1"],"picked":"Deadly Poison+1","floor":12.0},{"not_picked":["Quick Slash","Terror+1"],"picked":"Bouncing Flask+1","floor":13.0},{"not_picked":["Cloak And Dagger+1","Distraction+1"],"picked":"Deadly Poison+1","floor":14.0},{"not_picked":["Venomology+1","Phantasmal Killer+1"],"picked":"Corpse Explosion+1","floor":16.0},{"not_picked":["Heel Hook","Dagger Spray"],"picked":"PiercingWail+1","floor":18.0},{"not_picked":["Reflex+1","Dodge and Roll+1","Slice"],"picked":"SKIP","floor":19.0},{"not_picked":["Reflex+1","Slice"],"picked":"Dodge and Roll+1","floor":19.0},{"not_picked":["Quick Slash","Well Laid Plans"],"picked":"Backflip+1","floor":22.0},{"not_picked":["Cloak And Dagger+1","Poisoned Stab+1","Bullet Time+1"],"picked":"SKIP","floor":23.0}],"player_experience":558839,"relics_obtained":[{"floor":6.0,"key":"Potion Belt"},{"floor":8.0,"key":"Juzu Bracelet"},{"floor":9.0,"key":"Centennial Puzzle"},{"floor":12.0,"key":"Toxic Egg 2"},{"floor":23.0,"key":"Frozen Egg 2"}],"event_choices":[{"damage_healed":0.0,"max_hp_gain":0.0,"max_hp_loss":0.0,"gold_gain":0.0,"event_name":"World of Goop","player_choice":"Left Gold","floor":3.0,"gold_loss":56.0,"damage_taken":0.0},{"damage_healed":0.0,"max_hp_gain":0.0,"max_hp_loss":0.0,"gold_gain":0.0,"event_name":"The Library","player_choice":"Read","floor":20.0,"gold_loss":0.0,"damage_taken":0.0,"cards_obtained":["Crippling Poison"]},{"damage_healed":0.0,"max_hp_gain":0.0,"max_hp_loss":0.0,"gold_gain":0.0,"event_name":"The Mausoleum","player_choice":"Ignored","floor":21.0,"gold_loss":0.0,"damage_taken":0.0}],"is_beta":false,"boss_relics":[{"not_picked":["Busted Crown","Astrolabe"],"picked":"Velvet Choker"}],"items_purged_floors":[11],"is_endless":false,"potions_floor_spawned":[1,5,6,8,14,16,18,23],"killed_by":"Gremlin Leader","ascension_level":20}}