{"host":"a5523bqxi3k68xf3","time":1608557873,"event":{"mods":["BaseMod","BetterRewards","Hermit","Koishi","Marisa????????","Minty Spire (QoL Compilation)","Quick Restart","Random Character Button","Relic Stats","Shop Mod","StSLib","The Animator","The Cursed","The Necromancer","The Servant 0.9.4"],"gold_per_floor":[118,118,138,157,181,181,212,212,212,41,59,69,97,97,97,169,169,186,130,147,147,164,164,164,164,211,227,227,152,179,197,197,197,197],"floor_reached":33,"playtime":610,"items_purged":["Strike_R"],"score":550,"play_id":"e1ecae33-f74d-428e-9d8e-6fb9b8ea2262","local_time":"20201221143753","is_ascension_mode":true,"campfire_choices":[{"data":"Inflame","floor":6,"key":"SMITH"},{"data":"Perfected Strike","floor":15,"key":"SMITH"},{"floor":23,"key":"REST"},{"data":"Heavy Blade","floor":25,"key":"SMITH"},{"floor":28,"key":"REST"},{"floor":32,"key":"REST"}],"circlet_count":0,"master_deck":["AscendersBane","Strike_R","Strike_R","Strike_R","Strike_R","Defend_R","Defend_R","Bash","Perfected Strike+1","Intimidate","Inflame+1","Clash","Clash","Sword Boomerang","Flex","Offering","Heavy Blade+1","Spot Weakness","Reaper","Thunderclap"],"relics":["Burning Blood","NeowsBlessing","Bag of Preparation","Bronze Scales","Peace Pipe","Sling","Bottled Lightning","Philosopher\u0027s Stone","Potion Belt","Shuriken"],"acts_visited":["Exordium","TheCity"],"potions_floor_usage":[33,33,33],"damage_taken":[{"damage":0,"enemies":"2 Louse","floor":1,"turns":1},{"damage":0,"enemies":"Cultist","floor":3,"turns":1},{"damage":0,"enemies":"Small Slimes","floor":4,"turns":1},{"damage":35,"enemies":"Lagavulin","floor":7,"turns":5},{"damage":3,"enemies":"Exordium Wildlife","floor":11,"turns":3},{"damage":9,"enemies":"Red Slaver","floor":12,"turns":3},{"damage":8,"enemies":"Gremlin Nob","floor":13,"turns":3},{"damage":18,"enemies":"Slime Boss","floor":16,"turns":7},{"damage":17,"enemies":"Shell Parasite","floor":18,"turns":2},{"damage":19,"enemies":"Chosen","floor":20,"turns":3},{"damage":22,"enemies":"Centurion and Healer","floor":22,"turns":5},{"damage":21,"enemies":"3 Cultists","floor":27,"turns":4},{"damage":37,"enemies":"Book of Stabbing","floor":30,"turns":3},{"damage":14,"enemies":"Snecko","floor":31,"turns":3},{"damage":46,"enemies":"Collector","floor":33,"turns":3}],"seed_played":"-2529680633468864971","potions_obtained":[{"floor":7,"key":"SpeedPotion"},{"floor":11,"key":"SpeedPotion"},{"floor":27,"key":"SpeedPotion"},{"floor":30,"key":"FearPotion"}],"is_trial":false,"path_per_floor":["M","?","M","M","T","R","E","$","T","$","M","M","E","?","R","B",null,"M","$","M","?","M","R","$","R","T","M","R","$","E","M","R","B"],"character_chosen":"IRONCLAD","items_purchased":["Sling","Heavy Blade"],"campfire_rested":3,"item_purchase_floors":[10,19],"current_hp_per_floor":[74,74,75,75,75,75,46,46,46,46,49,46,44,44,44,32,64,53,53,40,40,24,46,46,46,46,31,53,53,22,23,45,0,0],"gold":197,"neow_bonus":"THREE_ENEMY_KILL","is_daily":false,"chose_seed":false,"campfire_upgraded":3,"win_rate":0.0,"timestamp":1608557873,"path_taken":["M","?","?","M","?","R","E","$","T","$","M","M","E","?","R","BOSS","M","?","M","?","M","R","$","R","T","M","R","$","E","M","R","BOSS"],"items_purchased_type":["Relic","Card"],"build_version":"2020-12-13","purchased_purges":1,"victory":false,"max_hp_per_floor":[75,75,75,75,75,75,75,75,75,75,75,75,75,75,75,75,75,75,75,75,75,75,75,75,75,75,75,75,75,75,75,75,75,75],"relic_stats":{"Peace Pipe":0,"counters":[50,160],"Shuriken":[4],"Bronze Scales":[157],"Bag of Preparation":[12],"obtain_stats":[{"Darkstone Periapt":0,"Tiny House":17,"Magic Flower":0,"Bag of Preparation":0,"Whetstone":9,"Sling":0,"Empty Cage":0,"Boot":6,"Burning Blood":0,"ClockworkSouvenir":0,"TheAbacus":21,"DollysMirror":0,"Sundial":7,"Tiny Chest":0,"MealTicket":0,"Philosopher\u0027s Stone":17,"WingedGreaves":0,"Kunai":0,"InkBottle":0,"Paper Frog":9,"Potion Belt":0,"Lee\u0027s Waffle":0,"Pear":0,"NeowsBlessing":0,"Velvet Choker":17,"PreservedInsect":0,"Omamori":0,"Odd Mushroom":10,"Mercury Hourglass":0,"Peace Pipe":9,"Runic Dome":34,"Ornamental Fan":0,"Shuriken":30,"Bronze Scales":0,"Molten Egg 2":0,"Turnip":31,"Art of War":4,"Champion Belt":0,"Membership Card":0,"Bottled Lightning":13},{"Darkstone Periapt":0,"Tiny House":14,"Magic Flower":0,"Bag of Preparation":0,"Whetstone":21,"Sling":0,"Empty Cage":0,"Boot":34,"Burning Blood":0,"ClockworkSouvenir":5,"TheAbacus":16,"DollysMirror":5,"Sundial":9,"Tiny Chest":0,"MealTicket":0,"Philosopher\u0027s Stone":43,"WingedGreaves":0,"Kunai":5,"InkBottle":0,"Paper Frog":10,"Potion Belt":0,"Lee\u0027s Waffle":0,"Pear":0,"NeowsBlessing":35,"Velvet Choker":26,"PreservedInsect":0,"Omamori":0,"Odd Mushroom":11,"Mercury Hourglass":17,"Peace Pipe":39,"Runic Dome":2,"Ornamental Fan":0,"Shuriken":48,"Bronze Scales":0,"Molten Egg 2":0,"Turnip":1,"Art of War":19,"Champion Belt":0,"Membership Card":29,"Bottled Lightning":42},{"Darkstone Periapt":0,"Tiny House":43,"Magic Flower":0,"Bag of Preparation":0,"Whetstone":64,"Sling":0,"Empty Cage":0,"Boot":112,"Burning Blood":0,"ClockworkSouvenir":13,"TheAbacus":50,"DollysMirror":13,"Sundial":23,"Tiny Chest":0,"MealTicket":0,"Philosopher\u0027s Stone":137,"WingedGreaves":0,"Kunai":13,"InkBottle":0,"Paper Frog":27,"Potion Belt":0,"Lee\u0027s Waffle":0,"Pear":0,"NeowsBlessing":113,"Velvet Choker":83,"PreservedInsect":0,"Omamori":0,"Odd Mushroom":30,"Mercury Hourglass":53,"Peace Pipe":121,"Runic Dome":6,"Ornamental Fan":0,"Shuriken":154,"Bronze Scales":0,"Molten Egg 2":0,"Turnip":2,"Art of War":58,"Champion Belt":0,"Membership Card":94,"Bottled Lightning":130}],"Burning Blood":271},"card_choices":[{"not_picked":["Havoc","Seeing Red"],"picked":"Perfected Strike","floor":1},{"not_picked":["True Grit","Twin Strike"],"picked":"Inflame","floor":3},{"not_picked":["Dual Wield","Entrench","Perfected Strike"],"picked":"SKIP","floor":4},{"not_picked":["Perfected Strike","Reckless Charge"],"picked":"Clash","floor":7},{"not_picked":["Flex","Sever Soul"],"picked":"Clash","floor":11},{"not_picked":["Clothesline","Cleave"],"picked":"Sword Boomerang","floor":12},{"not_picked":["Iron Wave","Dark Embrace"],"picked":"Flex","floor":13},{"not_picked":["Exhume","Corruption"],"picked":"Offering","floor":16},{"not_picked":["Body Slam","Uppercut","Cleave"],"picked":"SKIP","floor":18},{"not_picked":["Iron Wave","Armaments+1"],"picked":"Spot Weakness","floor":20},{"not_picked":["Metallicize","Rupture","Shockwave"],"picked":"SKIP","floor":22},{"not_picked":["Havoc","Rampage"],"picked":"Reaper","floor":27},{"not_picked":["Dropkick","Battle Trance"],"picked":"Thunderclap","floor":30},{"not_picked":["Sword Boomerang","Armaments","Uppercut"],"picked":"SKIP","floor":31}],"player_experience":1674109,"relics_obtained":[{"floor":5,"key":"Bag of Preparation"},{"floor":7,"key":"Bronze Scales"},{"floor":9,"key":"Peace Pipe"},{"floor":13,"key":"Bottled Lightning"},{"floor":26,"key":"Potion Belt"},{"floor":30,"key":"Shuriken"}],"event_choices":[{"damage_healed":0,"gold_gain":0,"cards_transformed":["Defend_R"],"player_choice":"Transformed","damage_taken":0,"max_hp_gain":0,"max_hp_loss":0,"event_name":"Transmorgrifier","floor":2,"gold_loss":0,"cards_obtained":["Intimidate"]},{"cards_removed":["Defend_R"],"damage_healed":0,"gold_gain":0,"player_choice":"Offered Basic","damage_taken":0,"max_hp_gain":0,"max_hp_loss":0,"event_name":"Bonfire Elementals","floor":14,"gold_loss":0},{"damage_healed":0,"gold_gain":0,"player_choice":"Ignored","damage_taken":0,"max_hp_gain":0,"max_hp_loss":0,"event_name":"Vampires","floor":21,"gold_loss":0}],"is_beta":false,"boss_relics":[{"not_picked":["Astrolabe","Empty Cage"],"picked":"Philosopher\u0027s Stone"}],"items_purged_floors":[29],"is_endless":false,"potions_floor_spawned":[7,11,16,27,30],"killed_by":"Collector","ascension_level":20}}