{"host":"df9o10zwd5ba1nc2","time":1608577037,"event":{"mods":["Aspiration","Bard","BaseMod","Beaked The Cultist","Better Altar","Better Match","Better Note","Better Sensory Stone","Better Skull","Better Third Choice","BetterRewards","CCEM","Clawfect","Colored Map","Conspire","Downfall","GifTheSpireLib","Googly Eyes","Halation","Hermit","Highlight Path","Hubris","Hunter ??","Infinite Spire","Jedi Mod","Jorbs\u0027s Wanderer Trilogy","Mad Scientist","Marisa????????","Minty Spire (QoL Compilation)","Permanent Neow","Replay The Spire","Shade Mod","Shop Mod","Spicy Shops","StSLib","Stuff the Spire","The Administrix","The Animator","The Blackbeard","The Construct","The Cursed","The Disciple","The Gatherer","The Hierophant","The Mystic","The Necromancer","The Problem Sleuth","The Servant 0.9.4","The Spell Scribe","The Witch","Unceasing Turn Reminder","everything is the same but u backflip on backflip","slay the spire mod where everything is the same but ironclad has a cowboy hat"],"gold_per_floor":[99,549,141,201,212,212,238,263,281,315,332,332,352,352,367,367,367],"floor_reached":16,"playtime":1342,"items_purged":[],"score":200,"play_id":"25e668ae-cd80-4c7f-903b-a6ae348102ba","local_time":"20201221135717","is_ascension_mode":false,"campfire_choices":[{"floor":6,"key":"REST"}],"circlet_count":0,"master_deck":["hermit:Strike_Hermit+1","hermit:Strike_Hermit+1","hermit:Strike_Hermit+1","hermit:Strike_Hermit+1","hermit:Defend_Hermit","hermit:Defend_Hermit+1","hermit:Defend_Hermit","hermit:Defend_Hermit","hermit:Snapshot","hermit:Covet","expansioncontent:GoopSpray","Slimebound:Icky","Slimebound:Icky","Slimebound:Icky","hermit:Brawl","hermit:Combo","hermit:LowProfile+1","hermit:GhostlyPresence","hermit:Feint+1","hermit:Coalescence","hermit:PistolWhip","Regret","hermit:SprayPray","Regret","hermit:Desperado"],"relics":["hermit:Momento","Matryoshka","infinitespire:Beetle Shell","Regal Pillow","StuffTheSpire:Experiment12","Orichalcum","Replay:Bottled Eggs","StuffTheSpire:RedRose"],"acts_visited":["Exordium"],"potions_floor_usage":[4,16,16,16],"damage_taken":[{"damage":5,"enemies":"downfall:FleeingMerchant","floor":3,"turns":4},{"damage":22,"enemies":"Gremlin Nob","floor":4,"turns":5},{"damage":10,"enemies":"Cultist","floor":5,"turns":5},{"damage":6,"enemies":"Small Slimes","floor":9,"turns":4},{"damage":23,"enemies":"Lagavulin","floor":10,"turns":11},{"damage":0,"enemies":"2 Louse","floor":11,"turns":3},{"damage":12,"enemies":"Exordium Thugs","floor":13,"turns":5},{"damage":2,"enemies":"conspire:2 RoseBushes","floor":15,"turns":6},{"damage":17,"enemies":"downfall:Silent","floor":16,"turns":6}],"seed_played":"-5919159156443083208","potions_obtained":[{"floor":1,"key":"hermit:Tonic"},{"floor":1,"key":"Elixir"},{"floor":1,"key":"SkillPotion"},{"floor":5,"key":"sneckomod:MuddlingPotion"},{"floor":9,"key":"EssenceOfSteel"},{"floor":13,"key":"Block Potion"}],"is_trial":false,"path_per_floor":["R_BF","?","$","?","M","R","T","T","M","E","M","?","M","?","M","B"],"character_chosen":"HERMIT","items_purchased":["hermit:Combo","hermit:LowProfile","Matryoshka"],"campfire_rested":1,"item_purchase_floors":[3,3,3],"current_hp_per_floor":[75,75,70,48,38,60,60,60,54,31,31,31,19,19,17,0,0],"gold":367,"neow_bonus":"RANDOM_COLORLESS","is_daily":false,"chose_seed":false,"campfire_upgraded":0,"win_rate":0.0,"timestamp":1608577037,"path_taken":["R_BF","?","$","?","M","R","T","?","?","E","M","?","M","?","M","BOSS"],"items_purchased_type":["Card","Card","Relic"],"build_version":"2020-12-13","purchased_purges":0,"victory":false,"max_hp_per_floor":[75,75,75,75,75,75,75,75,75,75,75,75,75,75,75,75,75],"card_choices":[{"not_picked":["Replay:SS_forest_6","conspire:Banana"],"picked":"expansioncontent:GoopSpray","floor":0},{"not_picked":["hermit:Misfire","hermit:Desperado"],"picked":"hermit:Brawl","floor":3},{"not_picked":["hermit:LoneWolf","hermit:Desperado"],"picked":"hermit:GhostlyPresence","floor":4},{"not_picked":["hermit:Dive","hermit:HighCaliber"],"picked":"hermit:Feint","floor":5},{"not_picked":["hermit:WideOpen","hermit:EternalForm"],"picked":"hermit:Coalescence","floor":9},{"not_picked":["hermit:SprayPray","hermit:Maintenance","hermit:GhostlyPresence"],"picked":"SKIP","floor":10},{"not_picked":["hermit:Misfire","hermit:Spite"],"picked":"hermit:PistolWhip","floor":11},{"not_picked":["hermit:FlashPowder","hermit:CalledShot"],"picked":"hermit:SprayPray","floor":13},{"not_picked":["hermit:Quickdraw","hermit:CalledShot"],"picked":"hermit:Desperado","floor":15}],"player_experience":51665,"relics_obtained":[{"floor":4,"key":"infinitespire:Beetle Shell"},{"floor":7,"key":"Regal Pillow"},{"floor":8,"key":"StuffTheSpire:Experiment12"},{"floor":8,"key":"Orichalcum"},{"floor":10,"key":"Replay:Bottled Eggs"}],"event_choices":[{"damage_healed":0,"gold_gain":0,"player_choice":"Got Potions","damage_taken":0,"max_hp_gain":0,"max_hp_loss":0,"event_name":"Lab","floor":1,"gold_loss":0}],"is_beta":false,"boss_relics":[],"items_purged_floors":[],"is_endless":false,"potions_floor_spawned":[5,9,13],"killed_by":"downfall:Silent","ascension_level":0}}