{"host":"x7btokbb0w2jhl7e","time":1608535038,"event":{"mods":["ATMod(°¢èªMod)","Act Like it!","BaseMod","Hallownest","Minty Spire (QoL Compilation)","Quick Restart","StSLib","UnlockEverythingMod"],"gold_per_floor":[111,111,36,36,54,54,89,99,126,126,142,160,160,160,160,231,231,251,266,749,766,331,388,388,442,442,442,480,480,570,570,570,671,671,743,771,783,795,635,685,685,704,728,810,810,873,964,614,614,710,811,811,811,425,509,534],"floor_reached":57,"playtime":2788,"items_purged":["Strike_B","Strike_B","Strike_B+1","Cold Snap+1","Zap"],"score":3115,"play_id":"667975df-2758-4419-9d6c-854b977bef66","local_time":"20201221151718","is_ascension_mode":true,"campfire_choices":[{"data":"Dualcast","floor":6.0,"key":"SMITH"},{"data":"Fission","floor":10.0,"key":"SMITH"},{"data":"AT_ThreeBodyProblem","floor":13.0,"key":"SMITH"},{"floor":15.0,"key":"RECALL"},{"data":"Coolheaded","floor":24.0,"key":"SMITH"},{"data":"Coolheaded","floor":29.0,"key":"SMITH"},{"data":"Coolheaded","floor":32.0,"key":"SMITH"},{"data":"Skim","floor":41.0,"key":"SMITH"},{"data":"Recycle","floor":45.0,"key":"SMITH"},{"data":"Recycle","floor":49.0,"key":"SMITH"},{"data":"Turbo","floor":53.0,"key":"SMITH"}],"circlet_count":0,"master_deck":["AscendersBane","Dualcast+1","AT_ShrugMaster","Hallownest:skillLeafShield","Hallownest:skillLeafShield","Hallownest:skillLeafShield","Hallownest:skillLeafShield","Hallownest:skillLeafShield","Genetic Algorithm","Fission+1","AT_ThreeBodyProblem+1","Biased Cognition","Coolheaded+1","Ball Lightning","Recycle+1","Meteor Strike","Coolheaded+1","Coolheaded+1","Biased Cognition","CurseOfTheBell","Skim+1","Recycle+1","Turbo+1","Skim+1","Skim+1","Turbo+1","Core Surge","AT_LightSaberMaster","AT_RightCognition","Purity","Hologram+1"],"relics":["Cracked Core","NeowsBlessing","Hallownest:DreamNailRelic","Happy Flower","Anchor","Coffee Dripper","Membership Card","AT_MibuBalloonWealth","Gremlin Horn","Lizard Tail","Hallownest:NailmastersGloryRelic","Calling Bell","MawBank","Matryoshka","Peace Pipe","Hallownest:BeastSealRelic","Hallownest:HeavyBlowRelic","Orrery","Omamori","Toy Ornithopter","Regal Pillow","Prayer Wheel","Toolbox","Bottled Flame","Chemical X","AT_SunfireAegis","AT_BladeRuinedKing","Mummified Hand"],"acts_visited":["Hallownest:Greenpath","Hallownest:CityofTears","Hallownest:KingdomsEdge","TheEnding"],"potions_floor_usage":[55,56],"damage_taken":[{"damage":0.0,"enemies":"Hallownest:2_Tiktiks_and_1_Crawlid","floor":1.0,"turns":2.0},{"damage":0.0,"enemies":"Hallownest:monsterHuskWarrior","floor":5.0,"turns":1.0},{"damage":0.0,"enemies":"Hallownest:eliteMossKnight","floor":7.0,"turns":1.0},{"damage":0.0,"enemies":"Hallownest:2_Baldur","floor":8.0,"turns":4.0},{"damage":0.0,"enemies":"Hallownest:monsterMossCharger","floor":11.0,"turns":5.0},{"damage":0.0,"enemies":"Hallownest:Wandering_and_Horned","floor":12.0,"turns":4.0},{"damage":21.0,"enemies":"Hallownest:BossHornet","floor":16.0,"turns":10.0},{"damage":4.0,"enemies":"Hallownest:Flukemon_and_Top","floor":18.0,"turns":4.0},{"damage":0.0,"enemies":"Hallownest:Guard_and_Sentry","floor":19.0,"turns":6.0},{"damage":0.0,"enemies":"Hallownest:Warrior_and_Youth","floor":21.0,"turns":5.0},{"damage":0.0,"enemies":"Hallownest:Nosk","floor":23.0,"turns":5.0},{"damage":0.0,"enemies":"Hallownest:eliteSoulWarrior","floor":25.0,"turns":3.0},{"damage":0.0,"enemies":"Hallownest:monsterShrumalOgre","floor":28.0,"turns":5.0},{"damage":0.0,"enemies":"Hallownest:Glutton_and_Coward","floor":30.0,"turns":3.0},{"damage":0.0,"enemies":"Hallownest:BossSoulMaster","floor":33.0,"turns":4.0},{"damage":0.0,"enemies":"Hallownest:Shield_Heavy","floor":35.0,"turns":3.0},{"damage":5.0,"enemies":"Hallownest:2_Littles","floor":36.0,"turns":4.0},{"damage":0.0,"enemies":"Hallownest:eliteHiveKnight","floor":40.0,"turns":3.0},{"damage":0.0,"enemies":"Hallownest:2_Great","floor":42.0,"turns":4.0},{"damage":3.0,"enemies":"Hallownest:eliteCollector","floor":44.0,"turns":3.0},{"damage":0.0,"enemies":"Hallownest:Shield_Sturdy","floor":46.0,"turns":2.0},{"damage":0.0,"enemies":"Hallownest:2_Wandering_and_1_Horned","floor":47.0,"turns":4.0},{"damage":0.0,"enemies":"Hallownest:Radiance","floor":50.0,"turns":4.0},{"damage":1.0,"enemies":"Hallownest:BossHollowKnight","floor":51.0,"turns":3.0},{"damage":0,"enemies":"Shield and Spear","floor":55,"turns":2},{"damage":41,"enemies":"The Heart","floor":56,"turns":6}],"seed_played":"-5087865404906097083","potions_obtained":[{"floor":1.0,"key":"Regen Potion"},{"floor":8.0,"key":"FocusPotion"},{"floor":16.0,"key":"Block Potion"},{"floor":36.0,"key":"ColorlessPotion"}],"is_trial":false,"path_per_floor":["M","?","$","?","M","R","E","M","T","R","M","M","R","?","R","B",null,"M","M","?","M","$","E","R","E","T","?","M","R","M","?","R","B",null,"M","M","?","?","$","E","R","M","T","E","R","M","M","$","R","B","B",null,"R","$","E","B",null],"character_chosen":"DEFECT","items_purchased":["Membership Card","AT_MibuBalloonWealth","Recycle","Meteor Strike","FocusPotion","Swift Potion","Orrery","Toolbox","Bottled Flame","AT_LightSaberMaster","Chemical X","AT_SunfireAegis","AT_BladeRuinedKing","Purity"],"campfire_rested":0,"item_purchase_floors":[22,22,22,22,22,39,39,48,48,48,54,54,54,54],"current_hp_per_floor":[64,64,64,64,64,64,64,64,64,64,64,64,64,64,64,43,64,60,60,60,60,60,60,60,60,60,60,60,60,71,65,65,65,70,70,65,65,65,65,65,65,65,65,62,62,62,62,62,62,62,61,69,69,69,71,30],"gold":534,"neow_bonus":"THREE_ENEMY_KILL","is_daily":false,"chose_seed":false,"campfire_upgraded":10,"win_rate":0.0,"timestamp":1608535038,"path_taken":["M","?","$","?","M","R","E","M","T","R","?","M","R","?","R","BOSS","M","M","?","M","$","E","R","E","T","?","M","R","M","?","R","BOSS","M","M","?","?","$","E","R","M","T","E","R","M","M","$","R","BOSS","BOSS","R","$","E","BOSS"],"items_purchased_type":["Relic","Relic","Card","Card","Potion","Potion","Relic","Relic","Relic","Card","Relic","Relic","Relic","Card"],"build_version":"2020-12-13","purchased_purges":5,"victory":true,"max_hp_per_floor":[71,71,71,71,71,71,71,71,71,71,71,71,71,71,71,71,71,71,71,71,71,71,71,71,71,71,71,71,71,71,71,71,71,71,71,71,71,71,71,71,71,71,71,71,71,71,71,71,71,71,71,71,71,71,71,71],"card_choices":[{"not_picked":["Reprogram","Steam","Stack"],"picked":"SKIP","floor":1.0},{"not_picked":["Go for the Eyes","Gash"],"picked":"Genetic Algorithm","floor":5.0},{"not_picked":["Turbo","Aggregate"],"picked":"Fission","floor":7.0},{"not_picked":["Self Repair","Gash"],"picked":"Cold Snap","floor":8.0},{"not_picked":["AT_HeatAcrobatics","Auto Shields","AT_EMC2"],"picked":"SKIP","floor":11.0},{"not_picked":["Gash","Cold Snap"],"picked":"AT_ThreeBodyProblem","floor":12.0},{"not_picked":["Fission","Amplify"],"picked":"Biased Cognition","floor":16.0},{"not_picked":["Rebound","Hello World"],"picked":"Coolheaded","floor":18.0},{"not_picked":["AT_ThunderBolt","Force Field"],"picked":"Ball Lightning","floor":19.0},{"not_picked":["Stack","White Noise","Conserve Battery"],"picked":"SKIP","floor":21.0},{"not_picked":["Stack","White Noise","Conserve Battery"],"picked":"SKIP","floor":21.0},{"not_picked":["Beam Cell","Auto Shields"],"picked":"Coolheaded","floor":23.0},{"not_picked":["Go for the Eyes","Ball Lightning"],"picked":"Coolheaded","floor":25.0},{"not_picked":["Steam","Stack","Compile Driver"],"picked":"SKIP","floor":28.0},{"not_picked":["Redo","Chaos","Meteor Strike"],"picked":"SKIP","floor":30.0},{"not_picked":["Electrodynamics","Hyperbeam"],"picked":"Biased Cognition","floor":33.0},{"not_picked":["Hologram","Compile Driver"],"picked":"Skim","floor":35.0},{"not_picked":["AT_HeatAcrobatics","Auto Shields","Capacitor"],"picked":"SKIP","floor":36.0},{"not_picked":["Compile Driver","Coolheaded"],"picked":"Recycle","floor":39.0},{"not_picked":["Self Repair+1","Hyperbeam"],"picked":"Turbo","floor":39.0},{"not_picked":["AT_EMC2+1","Leap"],"picked":"Skim+1","floor":40.0},{"not_picked":["Capacitor+1","Cold Snap","Compile Driver"],"picked":"SKIP","floor":42.0},{"not_picked":["Capacitor+1","Cold Snap","Compile Driver"],"picked":"SKIP","floor":42.0},{"not_picked":["Hologram+1","Conserve Battery+1"],"picked":"Skim+1","floor":44.0},{"not_picked":["Leap","Sweeping Beam"],"picked":"Turbo+1","floor":46.0},{"not_picked":["BootSequence","Coolheaded+1","Rebound"],"picked":"SKIP","floor":46.0},{"not_picked":["Darkness","Barrage"],"picked":"Core Surge","floor":47.0},{"not_picked":["Ball Lightning","Turbo+1","Leap"],"picked":"SKIP","floor":47.0},{"not_picked":["Biased Cognition","Amplify"],"picked":"AT_RightCognition","floor":51.0},{"not_picked":["Conserve Battery+1","Barrage"],"picked":"Hologram+1","floor":55}],"player_experience":217512,"relics_obtained":[{"floor":7.0,"key":"Happy Flower"},{"floor":9.0,"key":"Anchor"},{"floor":23.0,"key":"Gremlin Horn"},{"floor":25.0,"key":"Lizard Tail"},{"floor":34.0,"key":"MawBank"},{"floor":34.0,"key":"Matryoshka"},{"floor":34.0,"key":"Peace Pipe"},{"floor":40.0,"key":"Omamori"},{"floor":43.0,"key":"Toy Ornithopter"},{"floor":43.0,"key":"Regal Pillow"},{"floor":44.0,"key":"Prayer Wheel"},{"floor":55,"key":"Mummified Hand"}],"event_choices":[],"is_beta":false,"boss_relics":[{"not_picked":["Ectoplasm","Busted Crown"],"picked":"Coffee Dripper"},{"not_picked":["Nuclear Battery","Tiny House"],"picked":"Calling Bell"}],"items_purged_floors":[3,22,39,48,54],"is_endless":false,"potions_floor_spawned":[1,8,12,16,19,21,23,28,36,40,46,47],"ascension_level":20}}