{"host":"7khtwbkyze7y134w","time":1608594979,"event":{"mods":["AchievementEnabler","BaseMod","Colored Map","Colored Powertips","Highlight Path","Minty Spire (QoL Compilation)","Relic Stats","StSLib","SuperFastMode"],"gold_per_floor":[109,120,139,68,87,116,134,134,134,134,168,168,188,202,202,202,202],"floor_reached":16,"playtime":545,"items_purged":[],"score":114,"play_id":"c4acdf01-9e25-4027-8596-8f865e9adb8a","local_time":"20201221235619","is_ascension_mode":false,"campfire_choices":[{"data":"Flex","floor":8,"key":"SMITH"},{"data":"Bash","floor":10,"key":"SMITH"},{"floor":15,"key":"REST"}],"circlet_count":0,"master_deck":["Strike_R","Strike_R","Strike_R","Strike_R","Defend_R","Defend_R","Defend_R","Defend_R","Bash+1","Flex+1","Thunderclap","Sword Boomerang","Whirlwind","Shrug It Off","Headbutt","Iron Wave","Iron Wave"],"relics":["Burning Blood","Potion Belt","Question Card","Matryoshka"],"acts_visited":["Exordium"],"potions_floor_usage":[16],"damage_taken":[{"damage":1.0,"enemies":"Jaw Worm","floor":1.0,"turns":5.0},{"damage":1.0,"enemies":"Cultist","floor":2.0,"turns":3.0},{"damage":17.0,"enemies":"2 Louse","floor":3.0,"turns":4.0},{"damage":16,"enemies":"Exordium Wildlife","floor":5,"turns":3},{"damage":36,"enemies":"Lagavulin","floor":6,"turns":5},{"damage":7,"enemies":"Looter","floor":7,"turns":3},{"damage":24,"enemies":"3 Sentries","floor":11,"turns":6},{"damage":6,"enemies":"2 Fungi Beasts","floor":13,"turns":3},{"damage":12,"enemies":"Exordium Thugs","floor":14,"turns":4},{"damage":54,"enemies":"The Guardian","floor":16,"turns":9}],"seed_played":"3777933475163713949","potions_obtained":[{"floor":2.0,"key":"Ancient Potion"},{"floor":5,"key":"FairyPotion"},{"floor":11,"key":"Energy Potion"},{"floor":14,"key":"SkillPotion"}],"is_trial":false,"path_per_floor":["M","M","M","$","M","E","M","R","T","R","E","?","M","M","R","B"],"character_chosen":"IRONCLAD","items_purchased":["Whirlwind"],"campfire_rested":1,"item_purchase_floors":[4],"current_hp_per_floor":[80,80,69,69,59,29,28,28,28,28,10,10,10,30,54,0,0],"gold":202,"neow_bonus":"","is_daily":false,"chose_seed":false,"campfire_upgraded":2,"win_rate":0.0,"timestamp":1608594979,"path_taken":["M","M","M","$","M","E","M","R","T","R","E","?","M","M","R","BOSS"],"items_purchased_type":["Card"],"build_version":"2020-12-13","purchased_purges":0,"victory":false,"max_hp_per_floor":[80,80,80,80,80,80,80,80,80,80,80,80,80,80,80,80,80],"relic_stats":{"counters":[10,45],"Question Card":3,"obtain_stats":[{"Potion Belt":6,"Matryoshka":11,"Question Card":9,"Burning Blood":0},{"Potion Belt":5,"Matryoshka":7,"Question Card":6,"Burning Blood":0},{"Potion Belt":20,"Matryoshka":29,"Question Card":23,"Burning Blood":0}],"Burning Blood":44},"card_choices":[{"not_picked":["Headbutt","Cleave"],"picked":"Flex","floor":1.0},{"not_picked":["Rupture","Anger"],"picked":"Thunderclap","floor":2.0},{"not_picked":["Combust","Dual Wield"],"picked":"Sword Boomerang","floor":3.0},{"not_picked":["True Grit","Sword Boomerang"],"picked":"Shrug It Off","floor":5},{"not_picked":["Body Slam","Shrug It Off","Warcry"],"picked":"SKIP","floor":6},{"not_picked":["Dark Embrace","Thunderclap"],"picked":"Headbutt","floor":7},{"not_picked":["True Grit","Bloodletting","Hemokinesis"],"picked":"Iron Wave","floor":11},{"not_picked":["Cleave","Rupture","Shrug It Off","True Grit"],"picked":"SKIP","floor":13},{"not_picked":["Impervious","Cleave","Perfected Strike","Intimidate"],"picked":"SKIP","floor":14}],"player_experience":0,"relics_obtained":[{"floor":6,"key":"Potion Belt"},{"floor":9,"key":"Question Card"},{"floor":11,"key":"Matryoshka"}],"event_choices":[{"cards_removed":["Strike_R"],"damage_healed":0,"gold_gain":0,"player_choice":"Took Card","damage_taken":0,"max_hp_gain":0,"max_hp_loss":0,"event_name":"NoteForYourself","floor":12,"gold_loss":0,"cards_obtained":["Iron Wave"]}],"is_beta":false,"boss_relics":[],"items_purged_floors":[],"is_endless":false,"potions_floor_spawned":[2,5,11,14],"killed_by":"The Guardian","ascension_level":0}}