{"host":"f5n4tidiz2n5sooh","time":1608542259,"event":{"mods":["BaseMod","Bestiary","Colored Map","Minty Spire (QoL Compilation)","Relic Stats","StSLib"],"gold_per_floor":[116,41,41,58,58,87,87,2,29,29,56,56,56,67,67,144,144,159,137,137,137,37,37,37,37,37,71,87,106,21,38,38,38,38],"floor_reached":33,"playtime":897,"items_purged":["Strike_R","Strike_R+1"],"score":592,"play_id":"88490539-2294-4788-85d5-2c6ce309f704","local_time":"20201221031739","is_ascension_mode":true,"campfire_choices":[{"data":"Bash","floor":7,"key":"SMITH"},{"data":"Uppercut","floor":12,"key":"SMITH"},{"data":"Disarm","floor":15,"key":"SMITH"},{"data":"Shrug It Off","floor":23,"key":"SMITH"},{"data":"Reaper","floor":25,"key":"SMITH"},{"data":"Flame Barrier","floor":32,"key":"SMITH"}],"circlet_count":0,"master_deck":["AscendersBane","Strike_R+1","Strike_R+1","Strike_R+1","Defend_R+1","Defend_R+1","Defend_R+1","Defend_R+1","Bash+1","Carnage+1","Pommel Strike","Disarm+1","Uppercut+1","Reaper+1","Shrug It Off+1","Flame Barrier+1","Burning Pact","Flame Barrier"],"relics":["Burning Blood","NeowsBlessing","Omamori","Juzu Bracelet","HornCleat","Sundial","Letter Opener","Coffee Dripper","Du-Vu Doll","Calipers"],"acts_visited":["Exordium","TheCity"],"potions_floor_usage":[16,27,33,33],"damage_taken":[{"damage":0,"enemies":"Small Slimes","floor":1,"turns":1},{"damage":0,"enemies":"Cultist","floor":4,"turns":1},{"damage":0,"enemies":"3 Sentries","floor":6,"turns":1},{"damage":31,"enemies":"Lagavulin","floor":11,"turns":5},{"damage":2,"enemies":"Jaw Worm","floor":14,"turns":2},{"damage":27,"enemies":"The Guardian","floor":16,"turns":10},{"damage":41,"enemies":"3 Byrds","floor":18,"turns":7},{"damage":25,"enemies":"2 Thieves","floor":19,"turns":4},{"damage":11,"enemies":"Gremlin Leader","floor":27,"turns":6},{"damage":0,"enemies":"Centurion and Healer","floor":28,"turns":6},{"damage":13,"enemies":"Shelled Parasite and Fungi","floor":29,"turns":4},{"damage":3,"enemies":"Snake Plant","floor":31,"turns":4},{"damage":94,"enemies":"Automaton","floor":33,"turns":10}],"seed_played":"8645685460473113179","potions_obtained":[{"floor":1,"key":"CultistPotion"},{"floor":14,"key":"AttackPotion"},{"floor":18,"key":"Energy Potion"},{"floor":19,"key":"Strength Potion"},{"floor":28,"key":"GamblersBrew"}],"is_trial":false,"path_per_floor":["M","$","?","M","?","E","R","$","T","T","E","R","?","M","R","B",null,"M","M","?","?","$","R","?","R","T","E","M","M","$","M","R","B"],"character_chosen":"IRONCLAD","items_purchased":["Disarm","Flame Barrier"],"campfire_rested":0,"item_purchase_floors":[8,30],"current_hp_per_floor":[74,74,74,75,75,75,75,75,75,75,50,50,39,43,43,22,62,33,22,37,37,37,37,37,37,37,44,65,65,65,72,72,0,0],"gold":38,"neow_bonus":"THREE_ENEMY_KILL","is_daily":false,"chose_seed":false,"campfire_upgraded":6,"win_rate":0.0,"timestamp":1608542259,"path_taken":["M","$","?","?","?","E","R","?","T","?","E","R","?","M","R","BOSS","M","M","?","?","?","R","?","R","T","E","M","M","$","M","R","BOSS"],"items_purchased_type":["Card","Card"],"build_version":"2020-12-13","purchased_purges":2,"victory":false,"max_hp_per_floor":[75,75,75,75,75,75,75,75,75,75,75,75,75,75,75,75,75,75,75,75,75,75,75,75,75,75,75,75,75,75,75,75,75,75],"relic_stats":{"counters":[13,61],"Sundial":[12],"Juzu Bracelet":1,"Letter Opener":[35],"obtain_stats":[{"Du-Vu Doll":24,"HornCleat":10,"Calipers":27,"NeowsBlessing":0,"Sundial":11,"Omamori":6,"Juzu Bracelet":9,"Coffee Dripper":17,"Letter Opener":13,"Burning Blood":0},{"Du-Vu Doll":8,"HornCleat":3,"Calipers":9,"NeowsBlessing":0,"Sundial":4,"Omamori":3,"Juzu Bracelet":3,"Coffee Dripper":6,"Letter Opener":4,"Burning Blood":0},{"Du-Vu Doll":31,"HornCleat":3,"Calipers":37,"NeowsBlessing":0,"Sundial":8,"Omamori":3,"Juzu Bracelet":3,"Coffee Dripper":20,"Letter Opener":8,"Burning Blood":0}],"Burning Blood":61},"card_choices":[{"not_picked":["Sentinel","Ghostly Armor"],"picked":"Carnage","floor":1},{"not_picked":["Armaments","Havoc"],"picked":"Pommel Strike","floor":4},{"not_picked":["Perfected Strike","Reckless Charge","Exhume"],"picked":"SKIP","floor":6},{"not_picked":["Twin Strike","Wild Strike"],"picked":"Uppercut","floor":11},{"not_picked":["Clash","Juggernaut","Armaments"],"picked":"SKIP","floor":14},{"not_picked":["Limit Break","Offering"],"picked":"Reaper","floor":16},{"not_picked":["Pommel Strike","Blood for Blood"],"picked":"Shrug It Off","floor":18},{"not_picked":["Perfected Strike","Heavy Blade+1","Armaments"],"picked":"SKIP","floor":19},{"not_picked":["Warcry","Pummel"],"picked":"Flame Barrier","floor":27},{"not_picked":["Sever Soul","Pommel Strike"],"picked":"Burning Pact","floor":28},{"not_picked":["Hemokinesis","Clash","Iron Wave"],"picked":"SKIP","floor":29},{"not_picked":["Evolve","Wild Strike+1","Twin Strike"],"picked":"SKIP","floor":31}],"player_experience":1907139,"relics_obtained":[{"floor":6,"key":"Omamori"},{"floor":9,"key":"Juzu Bracelet"},{"floor":10,"key":"HornCleat"},{"floor":11,"key":"Sundial"},{"floor":27,"key":"Calipers"}],"event_choices":[{"damage_healed":0,"gold_gain":0,"player_choice":"Upgraded","damage_taken":0,"max_hp_gain":0,"max_hp_loss":0,"event_name":"Upgrade Shrine","floor":3,"gold_loss":0,"cards_upgraded":["Carnage"]},{"damage_healed":0,"gold_gain":0,"player_choice":"0 cards matched","damage_taken":0,"max_hp_gain":0,"max_hp_loss":0,"event_name":"Match and Keep!","floor":5,"gold_loss":0,"cards_obtained":[]},{"damage_healed":0,"gold_gain":0,"player_choice":"Success","damage_taken":11,"relics_obtained":["Letter Opener"],"max_hp_gain":0,"max_hp_loss":0,"event_name":"Scrap Ooze","floor":13,"gold_loss":0},{"damage_healed":15,"gold_gain":0,"player_choice":"Heal","damage_taken":0,"max_hp_gain":0,"max_hp_loss":0,"event_name":"The Library","floor":20,"gold_loss":0},{"damage_healed":0,"gold_gain":0,"player_choice":"Simplicity","damage_taken":0,"max_hp_gain":0,"max_hp_loss":0,"event_name":"Back to Basics","floor":21,"gold_loss":0,"cards_upgraded":["Strike_R","Strike_R","Strike_R","Strike_R","Defend_R","Defend_R","Defend_R","Defend_R"]},{"damage_healed":0,"gold_gain":0,"player_choice":"Opened","damage_taken":0,"relics_obtained":["Du-Vu Doll"],"max_hp_gain":0,"max_hp_loss":0,"event_name":"The Mausoleum","floor":24,"gold_loss":0,"cards_obtained":["Writhe"]}],"is_beta":false,"boss_relics":[{"not_picked":["Runic Dome","Tiny House"],"picked":"Coffee Dripper"}],"items_purged_floors":[2,22],"is_endless":false,"potions_floor_spawned":[1,14,18,19,28,29],"killed_by":"Automaton","ascension_level":20}}