{"host":"njruw0b0uprlitpx","time":1608515650,"event":{"mods":["2.2 Compatiblity","BaseMod","Better Altar","Better Match","Better Note","Better Sensory Stone","Better Skull","Better Third Choice","Block Reminder","Colored Map","Colored Powertips","Downfall","Energized Spire","Jedi Mod","Keyboard Shortcuts","Minty Spire (QoL Compilation)","Quick Restart","Relic Stats","Replay The Spire","SacredBarkPlus","Spicy Shops","StSLib","SuperFastMode"],"gold_per_floor":[99,99,110,130,55,68,137,237,237,270,290,310,377,392,411,411,411],"floor_reached":16,"playtime":635,"items_purged":[],"score":164,"play_id":"f7892eea-3988-4f2c-81bd-a42811844bf4","local_time":"20201220195410","is_ascension_mode":true,"campfire_choices":[{"floor":1,"key":"RECALL"},{"data":"sneckomod:WideSting","floor":5,"key":"SMITH"},{"floor":9,"key":"REST"}],"circlet_count":0,"master_deck":["AscendersBane","sneckomod:Strike","sneckomod:Strike","sneckomod:Strike","sneckomod:Defend","sneckomod:Defend","sneckomod:TailWhip","sneckomod:SnekBite","sneckomod:Unknown+1","sneckomod:Unknown+1","sneckomod:UnknownStrength","sneckomod:WideSting+1","sneckomod:SoulCleanse","sneckomod:UnknownVulnerable","sneckomod:SlitherStrike","sneckomod:SoulDraw","sneckomod:UnknownExhaust","sneckomod:UnknownClassRED","sneckomod:UnknownStrength","sneckomod:DiceBoulder"],"relics":["Replay:Bronze Core","downfall:HeartBlessingRed","Gremlin Horn","downfall:CloakOfManyFaces","CultistMask","FaceOfCleric","NlothsMask","GremlinMask","SsserpentHead","Replay:Bottled Eggs"],"acts_visited":["Exordium"],"potions_floor_usage":[11,16],"damage_taken":[{"damage":0,"enemies":"Cultist","floor":3,"turns":3},{"damage":5,"enemies":"Small Slimes","floor":4,"turns":2},{"damage":0,"enemies":"2 Louse","floor":6,"turns":1},{"damage":20,"enemies":"downfall:FaceTrader","floor":8,"turns":5},{"damage":31,"enemies":"3 Sentries","floor":10,"turns":6},{"damage":11,"enemies":"Lots of Slimes","floor":11,"turns":2},{"damage":6,"enemies":"Exordium Thugs","floor":12,"turns":2},{"damage":2,"enemies":"Large Slime","floor":13,"turns":3},{"damage":6,"enemies":"Blue Slaver","floor":14,"turns":2},{"damage":5,"enemies":"2 Fungi Beasts","floor":15,"turns":3},{"damage":38,"enemies":"downfall:Defect","floor":16,"turns":4}],"seed_played":"8301386340612024730","potions_obtained":[{"floor":10,"key":"champ:CounterPotion"},{"floor":11,"key":"jedi:holywater"},{"floor":12,"key":"LifebloodPotion"}],"is_trial":false,"path_per_floor":["R","?","M","M","R","M","T","?","R","E","M","M","M","M","M","B"],"character_chosen":"THE_SNECKO","items_purchased":[],"campfire_rested":1,"item_purchase_floors":[],"current_hp_per_floor":[81,81,81,76,76,76,76,56,83,53,43,38,39,34,30,0,0],"gold":411,"neow_bonus":"BOSS_RELIC","is_daily":false,"chose_seed":false,"campfire_upgraded":1,"win_rate":0.0,"timestamp":1608515650,"path_taken":["R","?","?","M","R","M","T","?","R","E","M","M","?","M","M","BOSS"],"items_purchased_type":[],"build_version":"2020-12-13","purchased_purges":0,"victory":false,"max_hp_per_floor":[90,90,90,90,90,90,90,90,90,91,92,93,94,95,96,96,96],"relic_stats":{"SsserpentHead":50,"Gremlin Horn":[16,16],"FaceOfCleric":6,"counters":[11,33],"obtain_stats":[{"SsserpentHead":8,"downfall:HeartBlessingRed":5,"Gremlin Horn":7,"FaceOfCleric":8,"Replay:Bronze Core":0,"GremlinMask":8,"CultistMask":8,"downfall:CloakOfManyFaces":8,"Replay:Bottled Eggs":10,"sneckomod:SneckoSoul":0,"NlothsMask":8},{"SsserpentHead":4,"downfall:HeartBlessingRed":2,"Gremlin Horn":3,"FaceOfCleric":4,"Replay:Bronze Core":0,"GremlinMask":4,"CultistMask":4,"downfall:CloakOfManyFaces":4,"Replay:Bottled Eggs":5,"sneckomod:SneckoSoul":0,"NlothsMask":4},{"SsserpentHead":11,"downfall:HeartBlessingRed":5,"Gremlin Horn":6,"FaceOfCleric":11,"Replay:Bronze Core":0,"GremlinMask":11,"CultistMask":11,"downfall:CloakOfManyFaces":11,"Replay:Bottled Eggs":17,"sneckomod:SneckoSoul":0,"NlothsMask":11}]},"card_choices":[{"not_picked":["sneckomod:UnknownWeak","sneckomod:Unknown0Cost"],"picked":"sneckomod:UnknownStrength","floor":3},{"not_picked":["sneckomod:UnknownClassGREEN","sneckomod:DefensiveFlair"],"picked":"sneckomod:WideSting","floor":4},{"not_picked":["sneckomod:QuickMove","sneckomod:DiceBlock"],"picked":"sneckomod:SoulCleanse","floor":6},{"not_picked":["sneckomod:QuickBite","sneckomod:UnknownUncommonPower"],"picked":"sneckomod:UnknownVulnerable","floor":8},{"not_picked":["sneckomod:DiceBoulder","sneckomod:UnknownClassBLUE"],"picked":"sneckomod:SlitherStrike","floor":10},{"not_picked":["sneckomod:QuickBite","sneckomod:UnknownVulnerable"],"picked":"sneckomod:SoulDraw","floor":11},{"not_picked":["sneckomod:PureSnecko","sneckomod:UnknownStrike"],"picked":"sneckomod:UnknownExhaust","floor":12},{"not_picked":["sneckomod:Unknown1Cost","sneckomod:SoulRoll"],"picked":"sneckomod:UnknownClassRED","floor":13},{"not_picked":["sneckomod:TrashToTreasure","sneckomod:UnknownClassBLUE"],"picked":"sneckomod:UnknownStrength","floor":14},{"not_picked":["sneckomod:UnknownEthereal","sneckomod:Unknown1Cost"],"picked":"sneckomod:DiceBoulder","floor":15}],"player_experience":1379624,"relics_obtained":[{"floor":7,"key":"Gremlin Horn"},{"floor":8,"key":"downfall:CloakOfManyFaces"},{"floor":10,"key":"Replay:Bottled Eggs"}],"event_choices":[{"cards_removed":["sneckomod:Defend"],"damage_healed":0,"gold_gain":0,"player_choice":"Offered Basic","damage_taken":0,"max_hp_gain":0,"max_hp_loss":0,"event_name":"Bonfire Elementals","floor":2,"gold_loss":0}],"is_beta":false,"boss_relics":[],"items_purged_floors":[],"is_endless":false,"potions_floor_spawned":[10,11,12,14,15],"killed_by":"downfall:Defect","ascension_level":11}}