{"host":"usewcu4ohw2wtmxk","time":1608529794,"event":{"mods":["BaseMod","Minty Spire (QoL Compilation)","Permanent Neow","Quick Restart","Relic Stats"],"gold_per_floor":[110,121,121,121,131,131,164,164,164,208,15,41,76,93,93,200,200,215,226,239,239,266,301,11,30,112,140,169,200,225,256,256,367,367,391,404,626,626,186,211,234,252,275,339,377,404,433,202,202,202,202,202,1,35,35],"floor_reached":56,"playtime":2068,"items_purged":["Streamline","Defend_B"],"score":1846,"play_id":"fd3f1904-5ab9-4581-b96a-8000c0dfa9b4","local_time":"20201221134954","is_ascension_mode":true,"campfire_choices":[{"data":"Apotheosis","floor":6.0,"key":"SMITH"},{"data":"Coolheaded","floor":15.0,"key":"SMITH"},{"floor":32.0,"key":"RECALL"},{"floor":49.0,"key":"REST"},{"floor":52.0,"key":"REST"}],"circlet_count":0,"master_deck":["Defend_B","Defend_B+1","Defend_B+1","Zap","Dualcast+1","Apotheosis+1","Ball Lightning","Hologram","Glacier","Coolheaded+1","Electrodynamics","Biased Cognition","Undo+1","Skim","Biased Cognition","Thunder Strike","Turbo","Heatsinks","Core Surge","Coolheaded+1","Loop","Purity","Impatience","Master of Strategy","White Noise+1","Meteor Strike","Defragment"],"relics":["Cracked Core","HornCleat","Symbiotic Virus","CeramicFish","Lee\u0027s Waffle","War Paint","Fusion Hammer","Red Mask","Thread and Needle","Medical Kit","Omamori","InkBottle","Pocketwatch","Centennial Puzzle","Empty Cage","OrangePellets","Happy Flower","The Courier","Mango","Bag of Preparation","Membership Card","Lantern","Toy Ornithopter","Anchor","Calipers"],"acts_visited":["Exordium","TheCity","TheBeyond","TheEnding"],"potions_floor_usage":[55,55],"damage_taken":[{"damage":0.0,"enemies":"2 Louse","floor":1.0,"turns":4.0},{"damage":2.0,"enemies":"Jaw Worm","floor":2.0,"turns":3.0},{"damage":0.0,"enemies":"Cultist","floor":5.0,"turns":2.0},{"damage":0.0,"enemies":"Lagavulin","floor":7.0,"turns":7.0},{"damage":12.0,"enemies":"Gremlin Nob","floor":10.0,"turns":4.0},{"damage":13.0,"enemies":"Exordium Wildlife","floor":12.0,"turns":3.0},{"damage":0.0,"enemies":"Lagavulin","floor":13.0,"turns":5.0},{"damage":6.0,"enemies":"Exordium Thugs","floor":14.0,"turns":4.0},{"damage":2.0,"enemies":"Slime Boss","floor":16.0,"turns":7.0},{"damage":0.0,"enemies":"3 Byrds","floor":18.0,"turns":3.0},{"damage":1.0,"enemies":"Chosen","floor":19.0,"turns":3.0},{"damage":0.0,"enemies":"Snecko","floor":20.0,"turns":3.0},{"damage":0.0,"enemies":"Masked Bandits","floor":22.0,"turns":3.0},{"damage":22.0,"enemies":"Slavers","floor":23.0,"turns":3.0},{"damage":0.0,"enemies":"Cultist and Chosen","floor":25.0,"turns":5.0},{"damage":0.0,"enemies":"Book of Stabbing","floor":27.0,"turns":5.0},{"damage":0.0,"enemies":"Centurion and Healer","floor":28.0,"turns":3.0},{"damage":0.0,"enemies":"Gremlin Leader","floor":29.0,"turns":4.0},{"damage":0.0,"enemies":"3 Cultists","floor":30.0,"turns":4.0},{"damage":0.0,"enemies":"Book of Stabbing","floor":31.0,"turns":4.0},{"damage":16.0,"enemies":"Champ","floor":33.0,"turns":12.0},{"damage":0.0,"enemies":"3 Shapes","floor":35.0,"turns":3.0},{"damage":0.0,"enemies":"3 Darklings","floor":36.0,"turns":3.0},{"damage":8.0,"enemies":"Reptomancer","floor":40.0,"turns":5.0},{"damage":0.0,"enemies":"Transient","floor":41.0,"turns":5.0},{"damage":0.0,"enemies":"Maw","floor":42.0,"turns":4.0},{"damage":0.0,"enemies":"2 Orb Walkers","floor":44.0,"turns":4.0},{"damage":0.0,"enemies":"Giant Head","floor":45.0,"turns":6.0},{"damage":0.0,"enemies":"4 Shapes","floor":47.0,"turns":3.0},{"damage":18.0,"enemies":"Donu and Deca","floor":50.0,"turns":5.0},{"damage":9,"enemies":"Shield and Spear","floor":54,"turns":3},{"damage":32,"enemies":"The Heart","floor":55,"turns":8}],"seed_played":"-3370892083325464590","potions_obtained":[{"floor":1.0,"key":"FocusPotion"},{"floor":10.0,"key":"BlessingOfTheForge"},{"floor":12.0,"key":"Energy Potion"},{"floor":13.0,"key":"FairyPotion"},{"floor":27.0,"key":"FocusPotion"},{"floor":33.0,"key":"Block Potion"},{"floor":36.0,"key":"DistilledChaos"}],"is_trial":false,"path_per_floor":["M","M","?","?","M","R","E","?","T","E","$","M","E","M","R","B",null,"M","M","M","?","?","E","$","M","T","E","M","E","M","E","R","B",null,"M","M","?","?","$","E","M","M","T","?","E","?","M","$","R","B",null,"R","$","E","B",null],"character_chosen":"DEFECT","items_purchased":["Lee\u0027s Waffle","Coolheaded","Medical Kit","Omamori","OrangePellets","Happy Flower","Heatsinks","Membership Card","Meteor Strike","Lantern","Toy Ornithopter","Anchor","FocusPotion"],"campfire_rested":2,"item_purchase_floors":[11,11,24,24,39,39,39,48,48,53,53,53,53],"current_hp_per_floor":[54,52,45,45,45,45,45,45,45,33,82,69,69,63,63,61,77,77,76,76,76,76,54,54,54,54,54,54,54,54,54,54,38,71,71,71,71,71,71,63,63,63,63,77,77,67,67,67,95,77,91,96,96,87,64],"gold":35,"neow_bonus":"RANDOM_COLORLESS_2","is_daily":false,"chose_seed":false,"campfire_upgraded":2,"win_rate":0.0,"timestamp":1608529794,"path_taken":["M","M","?","?","?","R","E","?","T","E","?","M","E","M","R","BOSS","M","?","M","?","?","E","?","?","T","E","M","E","M","E","R","BOSS","M","M","?","?","$","E","M","M","T","?","E","?","M","$","R","BOSS","R","$","E","BOSS"],"items_purchased_type":["Relic","Card","Relic","Relic","Relic","Relic","Card","Relic","Card","Relic","Relic","Relic","Potion"],"build_version":"2020-12-13","purchased_purges":2,"victory":true,"max_hp_per_floor":[75,75,75,75,75,75,75,75,75,75,82,82,82,82,82,82,82,82,82,82,82,82,82,82,82,82,82,82,82,82,82,82,82,82,82,82,82,82,82,82,82,82,82,96,96,96,96,96,96,96,96,96,96,96,96],"relic_stats":{"Lee\u0027s Waffle":49,"Happy Flower":[14],"counters":[32,140],"CeramicFish":180,"Bag of Preparation":[8],"War Paint":["Defend_B","Defend_B"],"Medical Kit":[11],"OrangePellets":[13],"Centennial Puzzle":[15],"obtain_stats":[{"Lantern":53,"Calipers":54,"CeramicFish":10,"Mango":44,"Bag of Preparation":45,"Empty Cage":34,"Centennial Puzzle":31,"HornCleat":7,"Fusion Hammer":17,"Red Mask":22,"Cracked Core":0,"InkBottle":26,"Lee\u0027s Waffle":11,"Happy Flower":39,"Thread and Needle":23,"The Courier":40,"Omamori":24,"War Paint":13,"Medical Kit":24,"OrangePellets":39,"Anchor":53,"Membership Card":48,"Symbiotic Virus":9,"Toy Ornithopter":53,"Pocketwatch":27},{"Lantern":30,"Calipers":31,"CeramicFish":5,"Mango":27,"Bag of Preparation":28,"Empty Cage":21,"Centennial Puzzle":20,"HornCleat":4,"Fusion Hammer":9,"Red Mask":13,"Cracked Core":0,"InkBottle":15,"Lee\u0027s Waffle":5,"Happy Flower":23,"Thread and Needle":14,"The Courier":24,"Omamori":14,"War Paint":7,"Medical Kit":14,"OrangePellets":23,"Anchor":30,"Membership Card":29,"Symbiotic Virus":4,"Toy Ornithopter":30,"Pocketwatch":16},{"Lantern":129,"Calipers":132,"CeramicFish":20,"Mango":115,"Bag of Preparation":121,"Empty Cage":91,"Centennial Puzzle":79,"HornCleat":16,"Fusion Hammer":39,"Red Mask":51,"Cracked Core":0,"InkBottle":59,"Lee\u0027s Waffle":20,"Happy Flower":97,"Thread and Needle":54,"The Courier":102,"Omamori":54,"War Paint":28,"Medical Kit":54,"OrangePellets":97,"Anchor":129,"Membership Card":124,"Symbiotic Virus":16,"Toy Ornithopter":129,"Pocketwatch":64}],"InkBottle":[36],"Toy Ornithopter":9,"Pocketwatch":[58]},"card_choices":[{"not_picked":["Transmutation","The Bomb"],"picked":"Apotheosis","floor":0.0},{"not_picked":["Redo","Doom and Gloom"],"picked":"Ball Lightning","floor":1.0},{"not_picked":["Steam","Hologram","Force Field"],"picked":"SKIP","floor":2.0},{"not_picked":["Steam","Force Field"],"picked":"Hologram","floor":2.0},{"not_picked":["Hello World","Capacitor","Heatsinks"],"picked":"SKIP","floor":5.0},{"not_picked":["Tempest","Conserve Battery"],"picked":"Cold Snap","floor":7.0},{"not_picked":["Hologram","Rebound"],"picked":"Glacier","floor":10.0},{"not_picked":["Streamline","Chaos","Barrage"],"picked":"SKIP","floor":12.0},{"not_picked":["Chaos","Barrage"],"picked":"Streamline","floor":12.0},{"not_picked":["Go for the Eyes","Chaos"],"picked":"Electrodynamics","floor":13.0},{"not_picked":["Barrage","Capacitor","FTL"],"picked":"SKIP","floor":14.0},{"not_picked":["Multi-Cast","Fission"],"picked":"Biased Cognition","floor":16.0},{"not_picked":["Sunder","Beam Cell","Steam"],"picked":"SKIP","floor":18.0},{"not_picked":["Lockon","Beam Cell","Steam"],"picked":"SKIP","floor":19.0},{"not_picked":["Reprogram+1","Ball Lightning+1","Conserve Battery"],"picked":"SKIP","floor":20.0},{"not_picked":["BootSequence","Glacier"],"picked":"Undo+1","floor":23.0},{"not_picked":["Gash","Steam","Leap+1"],"picked":"SKIP","floor":25.0},{"not_picked":["Gash+1","Ball Lightning","Hello World+1"],"picked":"SKIP","floor":27.0},{"not_picked":["Steam","Consume"],"picked":"Skim","floor":28.0},{"not_picked":["Hello World","Consume","Conserve Battery"],"picked":"SKIP","floor":29.0},{"not_picked":["FTL+1","Go for the Eyes"],"picked":"Biased Cognition","floor":30.0},{"not_picked":["Beam Cell","Gash","Barrage"],"picked":"SKIP","floor":31.0},{"not_picked":["Multi-Cast","Machine Learning"],"picked":"Thunder Strike","floor":33.0},{"not_picked":["Gash","Double Energy"],"picked":"Turbo","floor":35.0},{"not_picked":["Stack","Leap","Redo"],"picked":"SKIP","floor":36.0},{"not_picked":["Genetic Algorithm","Rebound+1","Leap"],"picked":"SKIP","floor":40.0},{"not_picked":["Beam Cell","Aggregate"],"picked":"Core Surge","floor":41.0},{"not_picked":["Rebound+1","Stack+1","Auto Shields+1"],"picked":"SKIP","floor":42.0},{"not_picked":["Scrape","Redo"],"picked":"Coolheaded+1","floor":44.0},{"not_picked":["Barrage+1","Stack","Loop"],"picked":"SKIP","floor":45.0},{"not_picked":["Barrage+1","Stack"],"picked":"Loop","floor":45.0},{"not_picked":["Finesse","Sadistic Nature"],"picked":"Purity","floor":46.0},{"not_picked":["Master of Strategy","Finesse"],"picked":"Impatience","floor":46.0},{"not_picked":["Finesse","Panache"],"picked":"Master of Strategy","floor":46.0},{"not_picked":["Coolheaded","Fusion+1"],"picked":"White Noise+1","floor":47.0},{"not_picked":["Go for the Eyes","Gash+1"],"picked":"Defragment","floor":54}],"player_experience":237946,"relics_obtained":[{"floor":7.0,"key":"HornCleat"},{"floor":9.0,"key":"Symbiotic Virus"},{"floor":10.0,"key":"CeramicFish"},{"floor":13.0,"key":"War Paint"},{"floor":22.0,"key":"Red Mask"},{"floor":23.0,"key":"Thread and Needle"},{"floor":26.0,"key":"InkBottle"},{"floor":27.0,"key":"Pocketwatch"},{"floor":31.0,"key":"Centennial Puzzle"},{"floor":40.0,"key":"The Courier"},{"floor":44.0,"key":"Mango"},{"floor":45.0,"key":"Bag of Preparation"},{"floor":54,"key":"Calipers"}],"event_choices":[{"cards_removed":["Strike_B"],"damage_healed":0.0,"max_hp_gain":0.0,"max_hp_loss":0.0,"gold_gain":0.0,"event_name":"Golden Wing","player_choice":"Card Removal","floor":3.0,"gold_loss":0.0,"damage_taken":7.0},{"cards_removed":["Strike_B"],"damage_healed":0.0,"max_hp_gain":0.0,"max_hp_loss":0.0,"gold_gain":0.0,"event_name":"Purifier","player_choice":"Purged","floor":4.0,"gold_loss":0.0,"damage_taken":0.0},{"damage_healed":0.0,"max_hp_gain":0.0,"max_hp_loss":0.0,"gold_gain":0.0,"event_name":"Upgrade Shrine","player_choice":"Upgraded","floor":8.0,"gold_loss":0.0,"damage_taken":0.0,"cards_upgraded":["Dualcast"]},{"damage_healed":0.0,"max_hp_gain":0.0,"max_hp_loss":0.0,"gold_gain":0.0,"event_name":"Vampires","player_choice":"Ignored","floor":21.0,"gold_loss":0.0,"damage_taken":0.0},{"damage_healed":0.0,"max_hp_gain":0.0,"max_hp_loss":0.0,"gold_gain":0.0,"event_name":"Masked Bandits","player_choice":"Fought Bandits","floor":22.0,"gold_loss":0.0,"damage_taken":0.0},{"damage_healed":0.0,"max_hp_gain":0.0,"max_hp_loss":0.0,"gold_gain":222.0,"event_name":"Tomb of Lord Red Mask","player_choice":"Wore Mask","floor":37.0,"gold_loss":0.0,"damage_taken":0.0},{"cards_removed":["Cold Snap"],"damage_healed":0.0,"max_hp_gain":0.0,"max_hp_loss":0.0,"gold_gain":0.0,"event_name":"Falling","player_choice":"Removed Attack","floor":38.0,"gold_loss":0.0,"damage_taken":0.0},{"damage_healed":0.0,"max_hp_gain":0.0,"max_hp_loss":0.0,"gold_gain":0.0,"event_name":"Mysterious Sphere","player_choice":"Fight","floor":44.0,"gold_loss":0.0,"damage_taken":0.0},{"damage_healed":0.0,"max_hp_gain":0.0,"max_hp_loss":0.0,"gold_gain":0.0,"event_name":"SensoryStone","player_choice":"Memory 3","floor":46.0,"gold_loss":0.0,"damage_taken":10.0}],"is_beta":false,"boss_relics":[{"not_picked":["Astrolabe","Runic Pyramid"],"picked":"Fusion Hammer"},{"not_picked":["SacredBark","SlaversCollar"],"picked":"Empty Cage"}],"items_purged_floors":[39,48],"is_endless":false,"potions_floor_spawned":[1,10,12,13,22,23,27,28,30,33,36,41],"ascension_level":5}}