{"host":"kjehzzhcyp0nyrrl","time":1608559267,"event":{"mods":["AchievementEnabler","BaseMod","Custom Start","Hermit","Keyboard Shortcuts","Koishi","Minty Spire (QoL Compilation)","Replay The Spire","StSLib","SuperFastMode","The Dragon Tamer","The Gatherer","everything is the same but u backflip on backflip"],"gold_per_floor":[164,339,339,215,290,290,322,322,348,365,377,377,394,412,412,412,412],"floor_reached":16,"playtime":320,"items_purged":["Doubt"],"score":160,"play_id":"f2b503ff-ec3d-45ea-8eb4-81bd184e86ef","local_time":"20201221230107","is_ascension_mode":true,"campfire_choices":[{"data":"Hidden Blade","floor":6.0,"key":"SMITH"},{"data":"Prepared","floor":8.0,"key":"SMITH"},{"data":"Footwork","floor":15,"key":"SMITH"}],"circlet_count":0,"master_deck":["AscendersBane","Strike_G","Strike_G","Strike_G","Strike_G","Strike_G","Defend_G","Defend_G","Defend_G","Defend_G","Defend_G+1","Survivor","Neutralize","Choke+1","Hidden Blade+1","Deflect","Prepared+1","Blade Dance","PiercingWail","Quick Slash","Backflip","Footwork+1","Acrobatics"],"relics":["Tiny House","Prayer Wheel","Centennial Puzzle"],"acts_visited":["Exordium"],"potions_floor_usage":[16],"damage_taken":[{"damage":0.0,"enemies":"2 Louse","floor":1.0,"turns":2.0},{"damage":19.0,"enemies":"Lagavulin","floor":7.0,"turns":8.0},{"damage":0.0,"enemies":"Small Slimes","floor":10.0,"turns":3.0},{"damage":4.0,"enemies":"Jaw Worm","floor":11.0,"turns":2.0},{"damage":18,"enemies":"Large Slime","floor":13,"turns":6},{"damage":0,"enemies":"2 Fungi Beasts","floor":14,"turns":2},{"damage":4,"enemies":"Hexaghost","floor":16,"turns":9}],"seed_played":"580924039857656647","potions_obtained":[{"floor":0.0,"key":"LifebloodPotion"},{"floor":1.0,"key":"SteroidPotion"},{"floor":13,"key":"LifebloodPotion"},{"floor":14,"key":"Toxic Potion"}],"is_trial":false,"path_per_floor":["M","?","?","$","?","R","E","R","T","M","M","?","M","M","R","B"],"character_chosen":"THE_SILENT","items_purchased":["Deflect"],"campfire_rested":0,"item_purchase_floors":[4],"current_hp_per_floor":[68,68,68,68,57,57,38,38,38,38,34,34,16,16,16,12,12],"gold":412,"neow_bonus":"BOSS_RELIC","is_daily":false,"chose_seed":false,"campfire_upgraded":3,"win_rate":0.0,"timestamp":1608559267,"path_taken":["M","?","?","$","?","R","E","R","T","M","M","?","M","M","R","BOSS"],"items_purchased_type":["Card"],"build_version":"2020-12-13","purchased_purges":1,"victory":false,"max_hp_per_floor":[75,75,75,75,75,75,75,75,75,75,75,75,75,75,75,75,75],"card_choices":[{"not_picked":["Calculated Gamble","Leg Sweep"],"picked":"Choke","floor":0.0},{"not_picked":["Noxious Fumes","Poisoned Stab"],"picked":"Hidden Blade","floor":1.0},{"not_picked":["Dagger Throw","ReplayTheSpireMod:Tripwire"],"picked":"Prepared","floor":7.0},{"not_picked":["Dagger Spray","Flying Knee"],"picked":"Blade Dance","floor":10.0},{"not_picked":["Toxin Wave","Outmaneuver"],"picked":"PiercingWail","floor":10.0},{"not_picked":["Sucker Punch","Deadly Poison"],"picked":"Quick Slash","floor":11.0},{"not_picked":["Sucker Punch","Choke","Deadly Poison"],"picked":"SKIP","floor":11.0},{"not_picked":["Endless Agony","Deflect"],"picked":"Backflip","floor":13},{"not_picked":["Predator","Poisoned Stab","Poison Darts"],"picked":"SKIP","floor":13},{"not_picked":["Replay:Poison Smokescreen","Deadly Poison"],"picked":"Footwork","floor":14},{"not_picked":["Flying Knee","Eviscerate"],"picked":"Acrobatics","floor":14}],"player_experience":373471,"relics_obtained":[{"floor":7.0,"key":"Prayer Wheel"},{"floor":9.0,"key":"Centennial Puzzle"}],"event_choices":[{"damage_healed":0.0,"max_hp_gain":0.0,"max_hp_loss":0.0,"gold_gain":175.0,"event_name":"Liars Game","player_choice":"AGREE","floor":2.0,"gold_loss":0.0,"damage_taken":0.0,"cards_obtained":["Doubt"]},{"damage_healed":0.0,"max_hp_gain":0.0,"max_hp_loss":0.0,"gold_gain":0.0,"event_name":"Living Wall","player_choice":"Grow","floor":3.0,"gold_loss":0.0,"damage_taken":0.0,"cards_upgraded":["Choke"]},{"damage_healed":0.0,"max_hp_gain":0.0,"max_hp_loss":0.0,"gold_gain":75.0,"event_name":"World of Goop","player_choice":"Gather Gold","floor":5.0,"gold_loss":0.0,"damage_taken":11.0}],"is_beta":false,"boss_relics":[],"items_purged_floors":[4],"is_endless":false,"potions_floor_spawned":[1,13,14],"killed_by":"Hexaghost","ascension_level":12}}