{"host":"byu8oejwd0fdcxn8","time":1608565772,"event":{"mods":["Act Like it!","Arknights The Spire","BaseMod","Colored Map","Minty Spire (QoL Compilation)","StSLib"],"gold_per_floor":[111,129,129,139,150,179,179,210,210,220,220,220,280,299,299,299,299],"floor_reached":16,"playtime":434,"items_purged":[],"score":114,"play_id":"6eb750cc-2da7-4400-b3ca-9524d2859eff","local_time":"20201222004932","is_ascension_mode":false,"campfire_choices":[{"floor":12,"key":"REST"}],"circlet_count":0,"master_deck":["ats:Powerful Strike","ats:Powerful Strike","ats:Armor Crushing Shot","ats:Defend Up","ats:Defend Up","ats:Defend Up","ats:Emotion Absorption","ats:Emotion Absorption","ats:Poison Spread","ats:Volcano","ats:Cat Scratch","ats:Poison Spread","ats:Attack Strengthen","ats:Consecutive Shot: Auto","ats:Sunburst","ats:Overload","ats:Thorns","ats:Flexible Camouflage","ats:Attack Strengthen"],"relics":["ats:Sanity","ats:MaxSp4","ats:Originium","Vajra","Dream Catcher","ats:Originium"],"acts_visited":["Exordium"],"potions_floor_usage":[8,11,16],"damage_taken":[{"damage":6,"enemies":"Jaw Worm","floor":1,"turns":3},{"damage":4,"enemies":"Cultist","floor":2,"turns":3},{"damage":0,"enemies":"Small Slimes","floor":4,"turns":2},{"damage":2,"enemies":"Looter","floor":5,"turns":3},{"damage":26,"enemies":"Lagavulin","floor":6,"turns":6},{"damage":18,"enemies":"Gremlin Nob","floor":8,"turns":4},{"damage":2,"enemies":"2 Fungi Beasts","floor":10,"turns":3},{"damage":0,"enemies":"Lots of Slimes","floor":11,"turns":1},{"damage":8,"enemies":"Blue Slaver","floor":14,"turns":3},{"damage":19,"enemies":"Hexaghost","floor":16,"turns":4}],"seed_played":"-5582003364821072369","potions_obtained":[{"floor":1,"key":"LiquidMemories"},{"floor":5,"key":"LiquidBronze"},{"floor":6,"key":"SmokeBomb"}],"is_trial":false,"path_per_floor":["M","M","?","M","M","E","R","E","T","M","M","R","?","M","R","B"],"character_chosen":"DOCTOR_CLASS","items_purchased":[],"campfire_rested":1,"item_purchase_floors":[],"current_hp_per_floor":[59,55,55,55,53,27,27,9,9,7,7,26,26,18,18,0,0],"gold":299,"neow_bonus":"TRANSFORM_TWO_CARDS","is_daily":false,"chose_seed":false,"campfire_upgraded":0,"win_rate":0.0,"timestamp":1608565772,"path_taken":["M","M","?","M","M","E","R","E","T","?","M","R","?","M","R","BOSS"],"items_purchased_type":[],"build_version":"2020-12-13","purchased_purges":0,"victory":false,"max_hp_per_floor":[65,65,65,65,65,65,65,65,65,65,65,65,65,65,65,65,65],"card_choices":[{"not_picked":["ats:Defend Order","ats:Revitalization"],"picked":"ats:Cat Scratch","floor":1},{"not_picked":["ats:Support Order","ats:Charging Defense"],"picked":"ats:Poison Spread","floor":2},{"not_picked":["ats:Automatic Cover","ats:Assault Order"],"picked":"ats:Attack Strengthen","floor":4},{"not_picked":["ats:Blood Oath","ats:Explosion Area Strengthen"],"picked":"ats:Consecutive Shot: Auto","floor":5},{"not_picked":["ats:Consecutive Shot: Auto","ats:Durian"],"picked":"ats:Sunburst","floor":6},{"not_picked":["ats:Shell Defense","ats:Cat Scratch"],"picked":"ats:Overload","floor":8},{"not_picked":["ats:Neurotoxin","ats:Attack Strengthen"],"picked":"ats:Thorns","floor":10},{"not_picked":["ats:Support Order","ats:Very Hot Blade"],"picked":"ats:Flexible Camouflage","floor":12},{"not_picked":["ats:Encircling Forest","ats:Flexible Camouflage"],"picked":"ats:Attack Strengthen","floor":14}],"player_experience":1033395,"relics_obtained":[{"floor":6,"key":"ats:MaxSp4"},{"floor":7,"key":"ats:Originium"},{"floor":8,"key":"Vajra"},{"floor":9,"key":"Dream Catcher"},{"floor":15,"key":"ats:Originium"}],"event_choices":[{"damage_healed":0,"gold_gain":0,"player_choice":"Ignored","damage_taken":0,"max_hp_gain":0,"max_hp_loss":0,"event_name":"NoteForYourself","floor":3,"gold_loss":0},{"damage_healed":0,"gold_gain":60,"player_choice":"Gained Gold","damage_taken":0,"max_hp_gain":0,"max_hp_loss":0,"event_name":"Golden Wing","floor":13,"gold_loss":0}],"is_beta":false,"boss_relics":[],"items_purged_floors":[],"is_endless":false,"potions_floor_spawned":[1,5,6],"killed_by":"Hexaghost","ascension_level":0}}