{"host":"z9grmtg2w0nmz8n1","time":1608528531,"event":{"mods":["Aspiration","Bard","BaseMod","Beaked The Cultist","Better Altar","Better Match","Better Note","Better Sensory Stone","Better Skull","Better Third Choice","BetterRewards","CCEM","Colored Map","Conspire","Downfall","GifTheSpireLib","Googly Eyes","Halation","Hermit","Highlight Path","Hubris","Hunter ??","Jedi Mod","Jorbs\u0027s Wanderer Trilogy","Mad Scientist","Marisa????????","Minty Spire (QoL Compilation)","Permanent Neow","Replay The Spire","Shade Mod","Shop Mod","Spicy Shops","StSLib","Stuff the Spire","The Bug Knight","The Construct","The Necromancer","The Runesmith","The Witch"],"gold_per_floor":[240,240,240,254,273,273,332,351,351,364,412,445,508,542,542,542,542],"floor_reached":16,"playtime":749,"items_purged":[],"score":139,"play_id":"8807595c-19f2-4084-a702-6b130552c422","local_time":"20201221032851","is_ascension_mode":false,"campfire_choices":[{"floor":6,"key":"RECALL"},{"floor":15,"key":"DIG"}],"circlet_count":0,"master_deck":["Strike_Giant","Strike_Giant","Defend_Giant","Defend_Giant","Defend_Giant","Defend_Giant","CultistPetCall","EagleFirst","EagleFirst","EagleSecond","Pummel Giant","Regret","Combo Defend","SpikerPetCall","Combo Recycle","Combo Defend","Echo Defend Giant","CultistPetCall","Drunk Grant"],"relics":["GiantSoulBox","Oddly Smooth Stone","aspiration:ChemicalBlood","Replay:Baseball","aspiration:Lifesprig","ReplayFunnel"],"acts_visited":["Exordium"],"potions_floor_usage":[13,16],"damage_taken":[{"damage":0,"enemies":"conspire:RoseBush","floor":1,"turns":2},{"damage":2,"enemies":"2 Louse","floor":4,"turns":2},{"damage":2,"enemies":"Cultist","floor":5,"turns":3},{"damage":15,"enemies":"3 Sentries","floor":7,"turns":5},{"damage":1,"enemies":"2 Fungi Beasts","floor":8,"turns":3},{"damage":25,"enemies":"Large Slime","floor":10,"turns":6},{"damage":14,"enemies":"Exordium Wildlife","floor":11,"turns":4},{"damage":1,"enemies":"Looter","floor":12,"turns":2},{"damage":3,"enemies":"Lagavulin Event","floor":13,"turns":5},{"damage":11,"enemies":"HollowMod:MossKnight","floor":14,"turns":13},{"damage":1,"enemies":"Hexaghost","floor":16,"turns":2}],"seed_played":"-603132089294419177","potions_obtained":[{"floor":7,"key":"Weak Potion"},{"floor":13,"key":"SpiritPotion Giant"}],"is_trial":false,"path_per_floor":["M","?","?","M","M","R","E","M","T","M","M","M","?","E","R_BF","B"],"character_chosen":"Giant","items_purchased":[],"campfire_rested":0,"item_purchase_floors":[],"current_hp_per_floor":[65,65,65,63,61,61,51,50,50,25,16,15,12,1,1,0,0],"gold":542,"neow_bonus":"HUNDRED_GOLD","is_daily":false,"chose_seed":false,"campfire_upgraded":0,"win_rate":0.0,"timestamp":1608528531,"path_taken":["M","?","?","M","M","R","E","M","T","M","M","?","?","E","R_BF","BOSS"],"items_purchased_type":[],"build_version":"2020-12-13","purchased_purges":0,"victory":false,"max_hp_per_floor":[65,65,65,65,65,65,70,70,70,70,75,75,75,75,75,75,75],"card_choices":[{"not_picked":["Backflip Giant","EagleSecond"],"picked":"Pummel Giant","floor":1},{"not_picked":["Seek Pet","Backflip Giant"],"picked":"Combo Defend","floor":4},{"not_picked":["ByrdPetCall","Backflip Giant"],"picked":"SpikerPetCall","floor":5},{"not_picked":["Echo Defend Giant","Trace_Giant"],"picked":"Combo Recycle","floor":7},{"not_picked":["Meditate Giant","Pummel Giant","TakeAction_Giant"],"picked":"SKIP","floor":8},{"not_picked":["Ready_Giant","Struggle Attack","Upgrade_Giant"],"picked":"SKIP","floor":10},{"not_picked":["SpikerPetCall","The End Giant"],"picked":"Combo Defend","floor":11},{"not_picked":["Struggle Attack","CultistForm"],"picked":"Echo Defend Giant","floor":12},{"not_picked":["ByrdPetCall","Trace_Giant"],"picked":"CultistPetCall","floor":13},{"not_picked":["Echo Defend Giant","Calmness Giant"],"picked":"Drunk Grant","floor":14}],"player_experience":605345,"relics_obtained":[{"floor":7,"key":"aspiration:ChemicalBlood"},{"floor":13,"key":"Replay:Baseball"},{"floor":14,"key":"aspiration:Lifesprig"},{"floor":15,"key":"ReplayFunnel"}],"event_choices":[{"damage_healed":0,"gold_gain":0,"player_choice":"Box","damage_taken":0,"relics_obtained":["Oddly Smooth Stone"],"max_hp_gain":0,"max_hp_loss":0,"event_name":"Big Fish","floor":2,"gold_loss":0,"cards_obtained":["Regret"]},{"cards_removed":["Strike_Giant"],"damage_healed":0,"gold_gain":0,"player_choice":"Give","damage_taken":0,"max_hp_gain":0,"max_hp_loss":0,"event_name":"betterNote:BetterNote","floor":3,"gold_loss":0,"cards_obtained":["bard:Strike"]},{"damage_healed":0,"gold_gain":30,"player_choice":"Searched \u00272\u0027 times","damage_taken":0,"max_hp_gain":0,"max_hp_loss":0,"event_name":"Dead Adventurer","floor":13,"gold_loss":0}],"is_beta":false,"boss_relics":[],"items_purged_floors":[],"is_endless":false,"potions_floor_spawned":[7,11,12,13,14],"killed_by":"Hexaghost","ascension_level":0}}