{"host":"sa7ebub27cgn5wai","time":1608540907,"event":{"mods":["BaseMod","Colored Map","Minty Spire (QoL Compilation)","SuperFastMode"],"gold_per_floor":[114,134,84,100,114,114,130,130,130,187,209,236,279,306,318,429,441,441,217,217,217,117,117,117,117,117,117,32,32,32,32,32,32,32,32,32,32,32,32,32,32,32,32,32,32,32,32,32,32,32],"floor_reached":51,"playtime":1922,"items_purged":["Strike_P","Strike_P"],"score":783,"play_id":"23a90b01-b455-468e-ad55-304ca07f6913","local_time":"20201221175507","is_ascension_mode":false,"campfire_choices":[{"data":"MentalFortress","floor":6,"key":"SMITH"},{"data":"Eruption","floor":8,"key":"SMITH"},{"data":"EmptyFist","floor":15,"key":"SMITH"},{"data":"Scrawl","floor":23,"key":"SMITH"},{"data":"ClearTheMind","floor":27,"key":"SMITH"},{"data":"DevaForm","floor":30,"key":"SMITH"},{"data":"ClearTheMind","floor":32,"key":"SMITH"},{"floor":42,"key":"REST"},{"data":"TalkToTheHand","floor":45,"key":"SMITH"},{"floor":49,"key":"REST"}],"circlet_count":0,"master_deck":["Defend_P","Defend_P","Defend_P","Defend_P","Eruption+1","Vigilance","Vengeance","CutThroughFate","FearNoEvil","MentalFortress+1","ClearTheMind","Crescendo","Halt","EmptyFist+1","Scrawl+1","Tantrum+1","FlurryOfBlows+1","ClearTheMind+1","ClearTheMind+1","Tantrum+1","Writhe","DevaForm+1","LikeWater","ClearTheMind+1","Perseverance+1","TalkToTheHand+1"],"relics":["PureWater","Toy Ornithopter","InkBottle","Pantograph","Ectoplasm","Orrery","Nloth\u0027s Gift","Omamori","Bronze Scales","Pear","Darkstone Periapt","MutagenicStrength","VioletLotus","Bird Faced Urn","MealTicket","Pen Nib"],"acts_visited":["Exordium","TheCity","TheBeyond"],"potions_floor_usage":[5,18,18,33,33,33,47,47,50,50],"damage_taken":[{"damage":7,"enemies":"Small Slimes","floor":1,"turns":2},{"damage":0,"enemies":"2 Louse","floor":2,"turns":1},{"damage":0,"enemies":"Jaw Worm","floor":4,"turns":3},{"damage":4,"enemies":"Gremlin Gang","floor":5,"turns":3},{"damage":2,"enemies":"Large Slime","floor":7,"turns":2},{"damage":4,"enemies":"3 Sentries","floor":10,"turns":5},{"damage":0,"enemies":"3 Louse","floor":11,"turns":3},{"damage":5,"enemies":"Looter","floor":12,"turns":3},{"damage":22,"enemies":"3 Sentries","floor":13,"turns":8},{"damage":0,"enemies":"Large Slime","floor":14,"turns":3},{"damage":5,"enemies":"Slime Boss","floor":16,"turns":10},{"damage":0,"enemies":"3 Byrds","floor":18,"turns":4},{"damage":0,"enemies":"Spheric Guardian","floor":21,"turns":3},{"damage":0,"enemies":"3 Cultists","floor":25,"turns":3},{"damage":21,"enemies":"Slavers","floor":29,"turns":4},{"damage":53,"enemies":"Collector","floor":33,"turns":6},{"damage":0,"enemies":"3 Darklings","floor":35,"turns":3},{"damage":7,"enemies":"3 Shapes","floor":37,"turns":5},{"damage":0,"enemies":"Jaw Worm Horde","floor":38,"turns":1},{"damage":0,"enemies":"Maw","floor":39,"turns":4},{"damage":6,"enemies":"Giant Head","floor":40,"turns":7},{"damage":12,"enemies":"3 Darklings","floor":41,"turns":5},{"damage":2,"enemies":"Transient","floor":44,"turns":5},{"damage":11,"enemies":"Maw","floor":46,"turns":6},{"damage":63,"enemies":"Reptomancer","floor":47,"turns":6},{"damage":0,"enemies":"3 Darklings","floor":48,"turns":3},{"damage":25,"enemies":"Awakened One","floor":50,"turns":10}],"seed_played":"-1134611684534575219","potions_obtained":[{"floor":1,"key":"BottledMiracle"},{"floor":7,"key":"BottledMiracle"},{"floor":10,"key":"BottledMiracle"},{"floor":13,"key":"Ancient Potion"},{"floor":18,"key":"Energy Potion"},{"floor":25,"key":"Energy Potion"},{"floor":35,"key":"Dexterity Potion"},{"floor":41,"key":"SkillPotion"},{"floor":44,"key":"BlessingOfTheForge"},{"floor":48,"key":"AttackPotion"}],"is_trial":false,"path_per_floor":["M","M","?","M","M","R","M","R","T","?","M","M","E","M","R","B",null,"M","$","?","M","$","R","?","M","T","R","?","E","R","?","R","B",null,"M","?","M","M","M","E","M","R","T","M","R","M","E","M","R","B",null],"character_chosen":"WATCHER","items_purchased":["Orrery"],"campfire_rested":2,"item_purchase_floors":[19],"current_hp_per_floor":[65,65,65,65,66,66,64,64,64,60,60,55,33,33,33,53,72,72,72,72,72,72,72,72,72,72,72,82,61,61,61,61,29,82,82,82,75,75,75,69,63,82,82,82,82,71,24,28,52,63],"gold":32,"neow_bonus":"RANDOM_COMMON_RELIC","is_daily":false,"chose_seed":false,"campfire_upgraded":8,"win_rate":0.0,"timestamp":1608540907,"path_taken":["M","M","?","M","M","R","M","R","T","?","M","M","E","M","R","BOSS","M","$","?","?","$","R","?","M","T","R","?","E","R","?","R","BOSS","M","?","M","M","M","E","M","R","T","M","R","M","E","M","R","BOSS"],"items_purchased_type":["Relic"],"build_version":"2020-12-13","purchased_purges":2,"victory":true,"max_hp_per_floor":[72,72,72,72,72,72,72,72,72,72,72,72,72,72,72,72,72,72,72,72,72,72,72,72,72,72,72,82,82,82,82,82,82,82,82,82,82,82,82,82,82,82,82,82,82,82,82,82,82,82],"card_choices":[{"not_picked":["Wireheading","Sanctity"],"picked":"Vengeance","floor":1},{"not_picked":["Protect","Halt"],"picked":"CutThroughFate","floor":2},{"not_picked":["Halt","FlyingSleeves"],"picked":"FearNoEvil","floor":4},{"not_picked":["Study","EmptyBody"],"picked":"MentalFortress","floor":5},{"not_picked":["JustLucky","PathToVictory"],"picked":"ClearTheMind","floor":7},{"not_picked":["JustLucky","Prostrate"],"picked":"Crescendo","floor":10},{"not_picked":["FlyingSleeves","Swivel","CutThroughFate"],"picked":"SKIP","floor":11},{"not_picked":["Worship","Evaluate"],"picked":"Halt","floor":12},{"not_picked":["Alpha","Swivel"],"picked":"EmptyFist","floor":13},{"not_picked":["Meditate","Protect","Crescendo"],"picked":"SKIP","floor":14},{"not_picked":["Establishment","ConjureBlade"],"picked":"Scrawl","floor":16},{"not_picked":["PathToVictory","Meditate","Crescendo"],"picked":"SKIP","floor":18},{"not_picked":["Swivel+1","Halt"],"picked":"Tantrum+1","floor":19},{"not_picked":["JustLucky","Vault"],"picked":"FlurryOfBlows+1","floor":19},{"not_picked":["BowlingBash+1","Weave+1"],"picked":"ClearTheMind","floor":19},{"not_picked":["Alpha","SandsOfTime"],"picked":"ClearTheMind","floor":19},{"not_picked":["DeceiveReality","Halt"],"picked":"Tantrum+1","floor":21},{"not_picked":["ThirdEye","SashWhip","Vengeance"],"picked":"SKIP","floor":25},{"not_picked":["Halt","Establishment"],"picked":"DevaForm","floor":29},{"not_picked":["Weave","Prostrate+1","Protect+1"],"picked":"SKIP","floor":35},{"not_picked":["PathToVictory+1","Perseverance","Crescendo"],"picked":"SKIP","floor":37},{"not_picked":["JustLucky","PathToVictory+1"],"picked":"ClearTheMind+1","floor":38},{"not_picked":["ForeignInfluence+1","Prostrate+1"],"picked":"Perseverance+1","floor":39},{"not_picked":["WindmillStrike","EmptyFist+1"],"picked":"TalkToTheHand","floor":40},{"not_picked":["MasterReality","CrushJoints+1","EmptyFist+1"],"picked":"SKIP","floor":41},{"not_picked":["Wallop+1","FlurryOfBlows","CrushJoints"],"picked":"SKIP","floor":44},{"not_picked":["Weave+1","Conclude","ThirdEye+1"],"picked":"SKIP","floor":46},{"not_picked":["FlurryOfBlows","Blasphemy","EmptyFist"],"picked":"SKIP","floor":47},{"not_picked":["WreathOfFlame+1","Crescendo+1","JustLucky"],"picked":"SKIP","floor":48}],"player_experience":246336,"relics_obtained":[{"floor":9,"key":"InkBottle"},{"floor":10,"key":"MawBank"},{"floor":13,"key":"Pantograph"},{"floor":26,"key":"Bronze Scales"},{"floor":29,"key":"Darkstone Periapt"},{"floor":40,"key":"Bird Faced Urn"},{"floor":43,"key":"MealTicket"},{"floor":47,"key":"Pen Nib"}],"event_choices":[{"cards_removed":["Strike_P"],"damage_healed":0,"gold_gain":0,"player_choice":"Card Removal","damage_taken":0,"max_hp_gain":0,"max_hp_loss":0,"event_name":"The Cleric","floor":3,"gold_loss":50},{"damage_healed":0,"gold_gain":0,"player_choice":"Searched \u00271\u0027 times","damage_taken":0,"max_hp_gain":0,"max_hp_loss":0,"event_name":"Dead Adventurer","floor":10,"gold_loss":0},{"damage_healed":0,"gold_gain":0,"player_choice":"Traded Relic","damage_taken":0,"relics_obtained":["Nloth\u0027s Gift"],"max_hp_gain":0,"max_hp_loss":0,"event_name":"N\u0027loth","floor":20,"relics_lost":["MawBank"],"gold_loss":0},{"damage_healed":0,"gold_gain":0,"player_choice":"Opened","damage_taken":0,"relics_obtained":["Omamori"],"max_hp_gain":0,"max_hp_loss":0,"event_name":"The Mausoleum","floor":24,"gold_loss":0,"cards_obtained":["Writhe"]},{"damage_healed":0,"gold_gain":0,"player_choice":"Obtained Relic","damage_taken":0,"relics_obtained":["Pear"],"max_hp_gain":0,"max_hp_loss":0,"event_name":"Addict","floor":28,"gold_loss":85},{"damage_healed":0,"gold_gain":0,"player_choice":"Inject Mutagens","damage_taken":0,"relics_obtained":["MutagenicStrength"],"max_hp_gain":0,"max_hp_loss":0,"event_name":"Drug Dealer","floor":31,"gold_loss":0},{"damage_healed":0,"gold_gain":0,"cards_transformed":["Strike_P"],"player_choice":"Transformed","damage_taken":0,"max_hp_gain":0,"max_hp_loss":0,"event_name":"Transmorgrifier","floor":36,"gold_loss":0,"cards_obtained":["LikeWater"]}],"is_beta":false,"boss_relics":[{"not_picked":["Runic Dome","Snecko Eye"],"picked":"Ectoplasm"},{"not_picked":["Runic Pyramid","HolyWater"],"picked":"VioletLotus"}],"items_purged_floors":[19,22],"is_endless":false,"potions_floor_spawned":[1,7,10,13,18,25,35,41,44,48],"ascension_level":0}}