{"host":"fiyp7st036s1x8z1","time":1608562214,"event":{"mods":["BaseMod","Colored Map","Colored Powertips","Minty Spire (QoL Compilation)","Rare Cards Sparkle","StSLib"],"gold_per_floor":[114,131,131,142,159,159,190,190,190,520,520,539,565,577,577,652,652,668,668,718,728,578,606,626,258,258,276,151,184,184,217,217,296,296,308,158,172,8,8,34,48,73,121,148,148,180,180,198,198,198,198,198,198,23,54,54],"floor_reached":57,"playtime":3526,"items_purged":["Strike_G","Strike_G","Strike_G","Unload","Burst"],"score":3646,"play_id":"1cfd3a5a-cc00-47a1-9192-353118f42adb","local_time":"20201221225014","is_ascension_mode":true,"campfire_choices":[{"data":"Acrobatics","floor":6.0,"key":"SMITH"},{"data":"Reflex","floor":8.0,"key":"SMITH"},{"floor":11.0,"key":"REST"},{"data":"Blade Dance","floor":15.0,"key":"SMITH"},{"data":"Tactician","floor":30.0,"key":"SMITH"},{"floor":32.0,"key":"DIG"},{"floor":45.0,"key":"RECALL"},{"floor":49.0,"key":"DIG"},{"floor":53.0,"key":"DIG"}],"circlet_count":0,"master_deck":["AscendersBane","Survivor","Neutralize","Reflex+1","Adrenaline","Acrobatics+1","Eviscerate","Calculated Gamble","Escape Plan","Acrobatics","Blade Dance+1","After Image","Prepared","Tactician+1","Terror","Doppelganger","Acrobatics","Tools of the Trade","Concentrate","Envenom","Well Laid Plans","After Image","Apotheosis","Purity","Blur+1"],"relics":["Ring of the Snake","NeowsBlessing","Vajra","Meat on the Bone","Old Coin","Happy Flower","Black Star","Shuriken","Nunchaku","Matryoshka","Paper Crane","Lizard Tail","Shovel","Potion Belt","MealTicket","Mummified Hand","TungstenRod","Pandora\u0027s Box","DollysMirror","Thread and Needle","Bronze Scales","White Beast Statue","Question Card","Dream Catcher","Toxic Egg 2","Bottled Lightning","Ornamental Fan","Pantograph","InkBottle","Kunai","Pear","CaptainsWheel"],"acts_visited":["Exordium","TheCity","TheBeyond","TheEnding"],"potions_floor_usage":[56,56],"damage_taken":[{"damage":0.0,"enemies":"Cultist","floor":1.0,"turns":1.0},{"damage":0.0,"enemies":"2 Louse","floor":2.0,"turns":1.0},{"damage":0.0,"enemies":"Jaw Worm","floor":4.0,"turns":1.0},{"damage":3.0,"enemies":"Looter","floor":5.0,"turns":4.0},{"damage":2.0,"enemies":"Gremlin Nob","floor":7.0,"turns":3.0},{"damage":51.0,"enemies":"Lagavulin","floor":10.0,"turns":8.0},{"damage":1.0,"enemies":"Exordium Thugs","floor":12.0,"turns":3.0},{"damage":12.0,"enemies":"Gremlin Nob","floor":13.0,"turns":3.0},{"damage":0.0,"enemies":"Red Slaver","floor":14.0,"turns":1.0},{"damage":6.0,"enemies":"Slime Boss","floor":16.0,"turns":6.0},{"damage":0.0,"enemies":"Spheric Guardian","floor":18.0,"turns":2.0},{"damage":6.0,"enemies":"Shell Parasite","floor":21.0,"turns":5.0},{"damage":23.0,"enemies":"Slavers","floor":23.0,"turns":7.0},{"damage":0.0,"enemies":"Centurion and Healer","floor":24.0,"turns":4.0},{"damage":10.0,"enemies":"Shelled Parasite and Fungi","floor":27.0,"turns":5.0},{"damage":0.0,"enemies":"Gremlin Leader","floor":29.0,"turns":4.0},{"damage":13.0,"enemies":"Slavers","floor":31.0,"turns":6.0},{"damage":0.0,"enemies":"Collector","floor":33.0,"turns":3.0},{"damage":0.0,"enemies":"3 Darklings","floor":35.0,"turns":2.0},{"damage":0.0,"enemies":"3 Shapes","floor":37.0,"turns":2.0},{"damage":0.0,"enemies":"Nemesis","floor":40.0,"turns":3.0},{"damage":0.0,"enemies":"Maw","floor":41.0,"turns":2.0},{"damage":0.0,"enemies":"Reptomancer","floor":42.0,"turns":2.0},{"damage":0.0,"enemies":"Giant Head","floor":44.0,"turns":1.0},{"damage":0.0,"enemies":"Reptomancer","floor":46.0,"turns":3.0},{"damage":0.0,"enemies":"Writhing Mass","floor":48.0,"turns":2.0},{"damage":0.0,"enemies":"Awakened One","floor":50.0,"turns":2.0},{"damage":0.0,"enemies":"Time Eater","floor":51.0,"turns":6.0},{"damage":0.0,"enemies":"Shield and Spear","floor":55.0,"turns":3.0},{"damage":0,"enemies":"The Heart","floor":56,"turns":5}],"seed_played":"-8695712690388737544","potions_obtained":[{"floor":1.0,"key":"AttackPotion"},{"floor":4.0,"key":"Energy Potion"},{"floor":10.0,"key":"EntropicBrew"},{"floor":12.0,"key":"Strength Potion"},{"floor":23.0,"key":"PowerPotion"},{"floor":33.0,"key":"FairyPotion"},{"floor":41.0,"key":"AttackPotion"},{"floor":55.0,"key":"SteroidPotion"}],"is_trial":false,"path_per_floor":["M","M","?","M","M","R","E","R","T","E","R","M","E","M","R","B",null,"M","?","?","M","$","E","M","$","T","M","$","E","R","E","R","B",null,"M","$","M","$","?","E","M","E","T","E","R","E","?","M","R","B","B",null,"R","$","E","B",null],"character_chosen":"THE_SILENT","items_purchased":["Tactician","Matryoshka","DollysMirror"],"campfire_rested":1,"item_purchase_floors":[22,25,38],"current_hp_per_floor":[59,59,59,59,56,56,54,54,54,15,34,45,45,45,45,39,59,59,59,59,53,53,42,42,42,42,44,44,44,44,43,43,43,60,60,66,66,66,62,62,62,62,62,62,62,62,62,62,62,63,63,63,63,63,73,73],"gold":54,"neow_bonus":"THREE_ENEMY_KILL","is_daily":false,"chose_seed":false,"campfire_upgraded":4,"win_rate":0.0,"timestamp":1608562214,"path_taken":["M","?","?","?","M","R","E","R","T","E","R","M","E","M","R","BOSS","M","?","?","?","$","E","M","$","T","M","$","E","R","E","R","BOSS","M","$","M","$","?","E","M","E","T","E","R","E","?","M","R","BOSS","BOSS","R","$","E","BOSS"],"items_purchased_type":["Card","Relic","Relic"],"build_version":"2020-12-13","purchased_purges":5,"victory":true,"max_hp_per_floor":[66,66,66,66,66,66,66,66,66,66,66,66,66,66,66,66,66,66,66,66,66,66,66,66,66,66,66,66,66,66,66,66,66,66,66,66,66,66,66,66,66,66,66,66,66,66,63,63,63,63,63,63,63,63,73,73],"card_choices":[{"not_picked":["Noxious Fumes","Sucker Punch"],"picked":"Reflex","floor":1.0},{"not_picked":["Dagger Throw","Prepared","Riddle With Holes"],"picked":"SKIP","floor":2.0},{"not_picked":["Backflip","Sucker Punch"],"picked":"Acrobatics","floor":4.0},{"not_picked":["Outmaneuver","Footwork"],"picked":"Eviscerate","floor":5.0},{"not_picked":["Infinite Blades","Predator","Catalyst"],"picked":"SKIP","floor":7.0},{"not_picked":["Predator","Distraction"],"picked":"Calculated Gamble","floor":10.0},{"not_picked":["Underhanded Strike","Dash"],"picked":"Escape Plan","floor":12.0},{"not_picked":["All Out Attack","Reflex"],"picked":"Acrobatics","floor":13.0},{"not_picked":["PiercingWail","Cloak And Dagger"],"picked":"Blade Dance","floor":14.0},{"not_picked":["Corpse Explosion","Wraith Form v2"],"picked":"After Image","floor":16.0},{"not_picked":["Flechettes","Deflect+1"],"picked":"Prepared","floor":18.0},{"not_picked":["Acrobatics","Backflip","Underhanded Strike"],"picked":"SKIP","floor":21.0},{"not_picked":["Outmaneuver","Finisher","Flying Knee"],"picked":"SKIP","floor":23.0},{"not_picked":["A Thousand Cuts","Underhanded Strike","Dagger Spray"],"picked":"SKIP","floor":24.0},{"not_picked":["Sucker Punch","Well Laid Plans","Flying Knee"],"picked":"SKIP","floor":27.0},{"not_picked":["Underhanded Strike","Bouncing Flask"],"picked":"Terror","floor":29.0},{"not_picked":["Backstab","Outmaneuver","Eviscerate"],"picked":"SKIP","floor":31.0},{"not_picked":["Wraith Form v2","A Thousand Cuts"],"picked":"Doppelganger","floor":33.0},{"not_picked":["Infinite Blades","Blade Dance","Finisher"],"picked":"SKIP","floor":35.0},{"not_picked":["Reflex+1","Blade Dance","Sucker Punch"],"picked":"SKIP","floor":37.0},{"not_picked":["Dramatic Entrance","Secret Technique"],"picked":"Apotheosis","floor":39.0},{"not_picked":["Magnetism","Master of Strategy"],"picked":"Purity","floor":39.0},{"not_picked":["Dash+1","Catalyst","Concentrate"],"picked":"SKIP","floor":40.0},{"not_picked":["Catalyst","Bane+1","Bouncing Flask"],"picked":"SKIP","floor":41.0},{"not_picked":["Terror+1","Noxious Fumes","Well Laid Plans+1"],"picked":"SKIP","floor":42.0},{"not_picked":["Dagger Spray","Heel Hook+1","Prepared+1","Cloak And Dagger+1"],"picked":"SKIP","floor":44.0},{"not_picked":["Footwork","Poisoned Stab","Dagger Throw","Deflect+1"],"picked":"SKIP","floor":46.0},{"not_picked":["Dagger Throw","PiercingWail+1","Underhanded Strike","Acrobatics+1"],"picked":"SKIP","floor":48.0},{"not_picked":["Deflect+1","Dagger Throw","Corpse Explosion+1"],"picked":"Blur+1","floor":55.0}],"player_experience":915566,"relics_obtained":[{"floor":7.0,"key":"Vajra"},{"floor":9.0,"key":"Meat on the Bone"},{"floor":10.0,"key":"Old Coin"},{"floor":13.0,"key":"Happy Flower"},{"floor":23.0,"key":"Shuriken"},{"floor":23.0,"key":"Nunchaku"},{"floor":26.0,"key":"Paper Crane"},{"floor":26.0,"key":"Lizard Tail"},{"floor":29.0,"key":"Shovel"},{"floor":29.0,"key":"Potion Belt"},{"floor":31.0,"key":"MealTicket"},{"floor":31.0,"key":"Mummified Hand"},{"floor":32.0,"key":"TungstenRod"},{"floor":40.0,"key":"Thread and Needle"},{"floor":40.0,"key":"Bronze Scales"},{"floor":42.0,"key":"White Beast Statue"},{"floor":42.0,"key":"Question Card"},{"floor":43.0,"key":"Dream Catcher"},{"floor":44.0,"key":"Toxic Egg 2"},{"floor":44.0,"key":"Bottled Lightning"},{"floor":46.0,"key":"Ornamental Fan"},{"floor":46.0,"key":"Pantograph"},{"floor":49.0,"key":"InkBottle"},{"floor":53.0,"key":"Kunai"},{"floor":55.0,"key":"Pear"},{"floor":55.0,"key":"CaptainsWheel"}],"event_choices":[{"damage_healed":0.0,"max_hp_gain":0.0,"max_hp_loss":0.0,"gold_gain":0.0,"event_name":"Match and Keep!","player_choice":"1 cards matched","floor":3.0,"gold_loss":0.0,"damage_taken":0.0,"cards_obtained":["Adrenaline"]},{"damage_healed":0.0,"max_hp_gain":0.0,"max_hp_loss":0.0,"gold_gain":0.0,"event_name":"Vampires","player_choice":"Ignored","floor":19.0,"gold_loss":0.0,"damage_taken":0.0},{"damage_healed":0.0,"max_hp_gain":0.0,"max_hp_loss":0.0,"gold_gain":50.0,"event_name":"Golden Shrine","player_choice":"Pray","floor":20.0,"gold_loss":0.0,"damage_taken":0.0},{"damage_healed":0.0,"max_hp_gain":0.0,"max_hp_loss":0.0,"gold_gain":0.0,"event_name":"SensoryStone","player_choice":"Memory 2","floor":39.0,"gold_loss":0.0,"damage_taken":5.0},{"damage_healed":0.0,"max_hp_gain":0.0,"max_hp_loss":3.0,"gold_gain":0.0,"event_name":"Winding Halls","player_choice":"Max HP","floor":47.0,"gold_loss":0.0,"damage_taken":0.0}],"is_beta":false,"boss_relics":[{"not_picked":["Busted Crown","Ring of the Serpent"],"picked":"Black Star"},{"not_picked":["SlaversCollar","Runic Dome"],"picked":"Pandora\u0027s Box"}],"items_purged_floors":[22,25,28,36,54],"is_endless":false,"potions_floor_spawned":[1,4,10,12,23,27,33,35,41,44,46,48,55],"ascension_level":20}}