{"host":"5jn3rki867005t18","time":1608541296,"event":{"mods":["AchievementEnabler","BaseMod","Colored Map","Minty Spire (QoL Compilation)","Rare Cards Sparkle","StSLib","SuperFastMode"],"gold_per_floor":[112,128,142,156,167,167,55,69,69,100,124,136,158,190,202,316,328,355,383,413,425,453,465,477,489,570,595,607,607],"floor_reached":28,"playtime":1234,"items_purged":["Strike_R"],"score":220,"play_id":"4fb9605f-75a1-4118-87c2-a113fa712467","local_time":"20201221180136","is_ascension_mode":false,"campfire_choices":[{"data":"Shockwave","floor":6,"key":"SMITH"},{"data":"Heavy Blade","floor":12,"key":"SMITH"},{"floor":15,"key":"REST"},{"data":"Seeing Red","floor":23,"key":"SMITH"},{"data":"Spot Weakness","floor":25,"key":"SMITH"}],"circlet_count":0,"master_deck":["Strike_R","Strike_R","Strike_R","Defend_R","Defend_R","Defend_R","Defend_R","Bash","Finesse","Cleave","Seeing Red+1","Shockwave+1","Flex","Infernal Blade","Blood for Blood","Headbutt","Spot Weakness+1","Heavy Blade+1","Flex","Thunderclap","Immolate","Blood for Blood","Intimidate","Anger","Armaments","Metallicize+1"],"relics":["Black Blood","MawBank","Letter Opener"],"acts_visited":["Exordium","TheCity"],"potions_floor_usage":[13,16,16,16,22,28],"damage_taken":[{"damage":5,"enemies":"Cultist","floor":1,"turns":4},{"damage":0,"enemies":"2 Louse","floor":2,"turns":3},{"damage":10,"enemies":"Small Slimes","floor":3,"turns":2},{"damage":28,"enemies":"Exordium Thugs","floor":4,"turns":6},{"damage":15,"enemies":"Large Slime","floor":5,"turns":6},{"damage":5,"enemies":"3 Louse","floor":8,"turns":3},{"damage":4,"enemies":"Blue Slaver","floor":10,"turns":3},{"damage":5,"enemies":"2 Fungi Beasts","floor":11,"turns":4},{"damage":0,"enemies":"Large Slime","floor":13,"turns":2},{"damage":10,"enemies":"Exordium Thugs","floor":14,"turns":3},{"damage":26,"enemies":"Hexaghost","floor":16,"turns":7},{"damage":31,"enemies":"Chosen","floor":18,"turns":6},{"damage":9,"enemies":"3 Byrds","floor":19,"turns":4},{"damage":22,"enemies":"Snecko","floor":20,"turns":5},{"damage":24,"enemies":"Centurion and Healer","floor":22,"turns":7},{"damage":37,"enemies":"3 Cultists","floor":27,"turns":6},{"damage":25,"enemies":"Shelled Parasite and Fungi","floor":28,"turns":2}],"seed_played":"9071210389813733688","potions_obtained":[{"floor":3,"key":"Swift Potion"},{"floor":5,"key":"SteroidPotion"},{"floor":8,"key":"SneckoOil"},{"floor":11,"key":"Fruit Juice"},{"floor":14,"key":"Block Potion"},{"floor":20,"key":"EssenceOfSteel"},{"floor":22,"key":"DuplicationPotion"},{"floor":27,"key":"ElixirPotion"}],"is_trial":false,"path_per_floor":["M","M","M","M","M","R","$","M","T","M","M","R","M","M","R","B",null,"M","M","M","?","M","R","?","R","T","M","M"],"character_chosen":"IRONCLAD","items_purchased":["Blood for Blood"],"campfire_rested":1,"item_purchase_floors":[7],"current_hp_per_floor":[80,80,76,54,45,45,45,46,46,48,49,49,55,51,75,60,85,66,69,59,59,47,47,47,47,47,22,0,0],"gold":607,"neow_bonus":"RANDOM_COLORLESS","is_daily":false,"chose_seed":false,"campfire_upgraded":4,"win_rate":0.0,"timestamp":1608541296,"path_taken":["M","M","M","?","M","R","$","M","T","M","M","R","M","M","R","BOSS","M","M","M","?","M","R","?","R","T","?","M"],"items_purchased_type":["Card"],"build_version":"2020-12-13","purchased_purges":1,"victory":false,"max_hp_per_floor":[80,80,80,80,80,80,80,80,80,80,80,80,80,80,80,85,85,85,85,85,85,85,85,85,85,85,85,85,85],"card_choices":[{"not_picked":["Trip","Forethought"],"picked":"Finesse","floor":0},{"not_picked":["Wild Strike","Heavy Blade"],"picked":"Cleave","floor":1},{"not_picked":["Whirlwind","Warcry"],"picked":"Seeing Red","floor":2},{"not_picked":["Evolve","Inflame"],"picked":"Shockwave","floor":3},{"not_picked":["Perfected Strike","Body Slam"],"picked":"Flex","floor":4},{"not_picked":["Twin Strike","Shockwave"],"picked":"Infernal Blade","floor":5},{"not_picked":["Fire Breathing","Hemokinesis"],"picked":"Headbutt","floor":8},{"not_picked":["Searing Blow","Thunderclap"],"picked":"Spot Weakness","floor":10},{"not_picked":["Armaments","Flex"],"picked":"Heavy Blade","floor":11},{"not_picked":["Fire Breathing","Shrug It Off"],"picked":"Flex","floor":13},{"not_picked":["Flex","Reckless Charge"],"picked":"Thunderclap","floor":14},{"not_picked":["Barricade","Berserk"],"picked":"Immolate","floor":16},{"not_picked":["Warcry","Body Slam"],"picked":"Blood for Blood","floor":18},{"not_picked":["Anger","Perfected Strike"],"picked":"Intimidate","floor":19},{"not_picked":["Body Slam","Iron Wave"],"picked":"Anger","floor":20},{"not_picked":["Sword Boomerang","Bloodletting+1"],"picked":"Armaments","floor":22},{"not_picked":["Heavy Blade","Dual Wield"],"picked":"Metallicize+1","floor":27}],"player_experience":31044,"relics_obtained":[{"floor":9,"key":"MawBank"},{"floor":26,"key":"Letter Opener"}],"event_choices":[{"damage_healed":0,"gold_gain":0,"player_choice":"Ignored","damage_taken":0,"max_hp_gain":0,"max_hp_loss":0,"event_name":"Ghosts","floor":21,"gold_loss":0},{"cards_removed":["Strike_R"],"damage_healed":0,"gold_gain":0,"player_choice":"Elegance","damage_taken":0,"max_hp_gain":0,"max_hp_loss":0,"event_name":"Back to Basics","floor":24,"gold_loss":0}],"is_beta":false,"boss_relics":[{"not_picked":["Philosopher\u0027s Stone","Snecko Eye"],"picked":"Black Blood"}],"items_purged_floors":[7],"is_endless":false,"potions_floor_spawned":[3,5,8,11,14,20,22,27],"killed_by":"Shelled Parasite and Fungi","ascension_level":0}}