{"host":"sav7uxregyirlf69","time":1608537227,"event":{"mods":["AchievementEnabler","BaseMod","Colored Map","DeckTracker","Keyboard Shortcuts","Minty Spire (QoL Compilation)","READ ME - Guardian Mod","StSLib","SuperFastMode"],"gold_per_floor":[116,116,130,130,36,370,384,417,417,417,417,452,465,221,221,319,319,330,346,194,207,225,225,242,271,271,271,283,294,79,112,112,207,207,220,220,232,242,262,262,262,262],"floor_reached":41,"playtime":1118,"items_purged":["Strike_B","Strike_B","Defend_B"],"score":720,"play_id":"2f2e8097-ef51-478f-a988-c6ce6d3554c1","local_time":"20201221165347","is_ascension_mode":true,"campfire_choices":[{"data":"Streamline","floor":11.0,"key":"SMITH"},{"data":"Loop","floor":15.0,"key":"SMITH"},{"data":"Coolheaded","floor":23.0,"key":"SMITH"},{"floor":27.0,"key":"REST"},{"data":"Creative AI","floor":32.0,"key":"SMITH"},{"data":"Dualcast","floor":40,"key":"SMITH"}],"circlet_count":0,"master_deck":["AscendersBane","Strike_B","Strike_B","Defend_B","Defend_B","Defend_B","Zap","Dualcast+1","Chaos+1","Conserve Battery","Finesse+1","Streamline+1","Cold Snap","Loop+1","Coolheaded+1","Hologram","Compile Driver","Compile Driver","Undo","Self Repair+1","Discovery","Creative AI+1","Buffer","Coolheaded+1"],"relics":["Cracked Core","NeowsBlessing","Old Coin","Letter Opener","Bottled Lightning","DataDisk","Anchor","Nuclear Battery","StrikeDummy","Kunai","Strawberry","SlaversCollar"],"acts_visited":["Exordium","TheCity","TheBeyond"],"potions_floor_usage":[41,41,41],"damage_taken":[{"damage":0.0,"enemies":"Cultist","floor":1.0,"turns":1.0},{"damage":0.0,"enemies":"Small Slimes","floor":3.0,"turns":1.0},{"damage":0.0,"enemies":"Lagavulin","floor":6.0,"turns":1.0},{"damage":5.0,"enemies":"Jaw Worm","floor":7.0,"turns":3.0},{"damage":22.0,"enemies":"Gremlin Nob","floor":8.0,"turns":4.0},{"damage":21.0,"enemies":"3 Sentries","floor":12.0,"turns":9.0},{"damage":0.0,"enemies":"3 Louse","floor":13.0,"turns":2.0},{"damage":2.0,"enemies":"The Guardian","floor":16.0,"turns":12.0},{"damage":6.0,"enemies":"Shell Parasite","floor":18.0,"turns":5.0},{"damage":0.0,"enemies":"Spheric Guardian","floor":19.0,"turns":3.0},{"damage":0.0,"enemies":"Snake Plant","floor":21.0,"turns":3.0},{"damage":0.0,"enemies":"Chosen and Byrds","floor":22.0,"turns":4.0},{"damage":0.0,"enemies":"Shelled Parasite and Fungi","floor":24.0,"turns":6.0},{"damage":26.0,"enemies":"Gremlin Leader","floor":25.0,"turns":9.0},{"damage":8.0,"enemies":"Snecko","floor":28.0,"turns":4.0},{"damage":0.0,"enemies":"Snake Plant","floor":29.0,"turns":4.0},{"damage":8.0,"enemies":"Book of Stabbing","floor":31.0,"turns":6.0},{"damage":77.0,"enemies":"Collector","floor":33.0,"turns":12.0},{"damage":16.0,"enemies":"3 Darklings","floor":35.0,"turns":6.0},{"damage":15,"enemies":"3 Shapes","floor":37,"turns":5},{"damage":33,"enemies":"Spire Growth","floor":38,"turns":8},{"damage":9,"enemies":"Jaw Worm Horde","floor":39,"turns":4},{"damage":78,"enemies":"Reptomancer","floor":41,"turns":3}],"seed_played":"5620805222180328870","potions_obtained":[{"floor":1.0,"key":"LiquidMemories"},{"floor":3.0,"key":"GamblersBrew"},{"floor":8.0,"key":"PowerPotion"},{"floor":16.0,"key":"Regen Potion"},{"floor":22.0,"key":"FearPotion"},{"floor":24.0,"key":"ColorlessPotion"},{"floor":28.0,"key":"ColorlessPotion"},{"floor":31.0,"key":"SteroidPotion"},{"floor":38,"key":"SkillPotion"}],"is_trial":false,"path_per_floor":["M","?","M","?","$","E","M","E","T","?","R","E","M","$","R","B",null,"M","M","$","M","M","R","M","E","T","R","M","M","$","E","R","B",null,"M","?","M","M","M","R","E"],"character_chosen":"DEFECT","items_purchased":["Finesse","Anchor","Coolheaded","Compile Driver","Discovery"],"campfire_rested":1,"item_purchase_floors":[5,14,14,20,30],"current_hp_per_floor":[68,73,73,73,73,73,68,46,46,46,46,25,25,25,25,23,66,60,60,60,60,60,60,60,34,34,58,60,70,70,79,79,12,68,72,72,67,44,45,45,0,0],"gold":262,"neow_bonus":"THREE_ENEMY_KILL","is_daily":false,"chose_seed":false,"campfire_upgraded":5,"win_rate":0.0,"timestamp":1608537227,"path_taken":["M","?","M","?","?","E","M","E","T","?","R","E","?","$","R","BOSS","M","M","$","M","M","R","M","E","T","R","M","M","$","E","R","BOSS","M","?","M","M","M","R","E"],"items_purchased_type":["Card","Relic","Card","Card","Card"],"build_version":"2020-12-13","purchased_purges":3,"victory":false,"max_hp_per_floor":[75,80,80,80,80,80,80,80,80,80,80,80,80,80,80,80,80,80,80,80,80,80,80,80,80,80,80,80,80,80,87,87,87,87,87,87,87,87,87,87,87,87],"card_choices":[{"not_picked":["Consume","Steam"],"picked":"Chaos","floor":1.0},{"not_picked":["Steam Power","Reinforced Body"],"picked":"Conserve Battery","floor":3.0},{"not_picked":["Biased Cognition","Stack"],"picked":"Streamline","floor":6.0},{"not_picked":["Storm","Ball Lightning","Leap"],"picked":"SKIP","floor":7.0},{"not_picked":["Double Energy","Conserve Battery","Steam Power"],"picked":"SKIP","floor":8.0},{"not_picked":["Leap","Thunder Strike"],"picked":"Cold Snap","floor":12.0},{"not_picked":["Compile Driver","Conserve Battery"],"picked":"Loop","floor":13.0},{"not_picked":["Genetic Algorithm","Reinforced Body+1"],"picked":"Hologram","floor":18.0},{"not_picked":["Steam","Sweeping Beam","Stack"],"picked":"SKIP","floor":19.0},{"not_picked":["Rebound","Cold Snap+1","Ball Lightning"],"picked":"SKIP","floor":21.0},{"not_picked":["Recycle","Hologram"],"picked":"Compile Driver","floor":22.0},{"not_picked":["Reinforced Body+1","Redo+1"],"picked":"Undo","floor":24.0},{"not_picked":["Scrape+1","Beam Cell"],"picked":"Self Repair+1","floor":25.0},{"not_picked":["Barrage","Rebound","Hologram"],"picked":"SKIP","floor":28.0},{"not_picked":["Rebound+1","Static Discharge","Self Repair+1"],"picked":"SKIP","floor":29.0},{"not_picked":["Beam Cell","Compile Driver"],"picked":"Creative AI","floor":31.0},{"not_picked":["All For One","Multi-Cast"],"picked":"Buffer","floor":33.0},{"not_picked":["Gash+1","Compile Driver"],"picked":"Coolheaded+1","floor":35.0},{"not_picked":["Beam Cell","Static Discharge","Recycle"],"picked":"SKIP","floor":37},{"not_picked":["Compile Driver+1","Redo","Beam Cell+1"],"picked":"SKIP","floor":38},{"not_picked":["Lockon","Hologram","Genetic Algorithm+1"],"picked":"SKIP","floor":39}],"player_experience":976239,"relics_obtained":[{"floor":6.0,"key":"Old Coin"},{"floor":8.0,"key":"Letter Opener"},{"floor":9.0,"key":"Bottled Lightning"},{"floor":12.0,"key":"DataDisk"},{"floor":25.0,"key":"StrikeDummy"},{"floor":26.0,"key":"Kunai"},{"floor":31.0,"key":"Strawberry"}],"event_choices":[{"damage_healed":0.0,"max_hp_gain":5.0,"max_hp_loss":0.0,"gold_gain":0.0,"event_name":"Big Fish","player_choice":"Donut","floor":2.0,"gold_loss":0.0,"damage_taken":0.0},{"damage_healed":0.0,"max_hp_gain":0.0,"max_hp_loss":0.0,"gold_gain":0.0,"event_name":"Living Wall","player_choice":"Grow","floor":4.0,"gold_loss":0.0,"damage_taken":0.0,"cards_upgraded":["Chaos"]},{"damage_healed":0.0,"max_hp_gain":0.0,"max_hp_loss":0.0,"gold_gain":0.0,"event_name":"Upgrade Shrine","player_choice":"Upgraded","floor":10.0,"gold_loss":0.0,"damage_taken":0.0,"cards_upgraded":["Finesse"]},{"damage_healed":0,"gold_gain":0,"player_choice":"Ignored","damage_taken":0,"max_hp_gain":0,"max_hp_loss":0,"event_name":"Mysterious Sphere","floor":36,"gold_loss":0}],"is_beta":false,"boss_relics":[{"not_picked":["Busted Crown","Runic Dome"],"picked":"Nuclear Battery"},{"not_picked":["FrozenCore","Philosopher\u0027s Stone"],"picked":"SlaversCollar"}],"items_purged_floors":[14,20,30],"is_endless":false,"potions_floor_spawned":[1,3,8,16,22,24,28,31,38,39],"killed_by":"Reptomancer","ascension_level":10}}