{"host":"2h34w377mcmn31br","time":1608530704,"event":{"mods":["Act Like it!","AlwaysNeverKeys","BaseMod","Better Third Choice","BetterRewards","Colored Map","Minty Spire (QoL Compilation)","StSLib"],"gold_per_floor":[114,130,140,140,152,177,177,231,231,231,271,326,369,369,369,501,501,551,278,278,278,278,335,335,390,390,390,434,465,114,170,170,304,304,344,423,446,248,0,27,27,53,124,183,183,270,320,320,320,380,380,380,83,108,108],"floor_reached":56,"playtime":2310,"items_purged":["Defend_P","Defend_P","Defend_P","Strike_P","Strike_P","Strike_P","Defend_P","Eruption+1","Vigilance+1","Blasphemy+1"],"score":2713,"play_id":"9c1933fd-1e23-4c5d-b822-279c502cd0f3","local_time":"20201220220504","is_ascension_mode":true,"campfire_choices":[{"data":"Mayhem","floor":7.0,"key":"SMITH"},{"data":"Tantrum","floor":10.0,"key":"SMITH"},{"data":"FlurryOfBlows","floor":15.0,"key":"SMITH"},{"data":"Blasphemy","floor":24.0,"key":"SMITH"},{"floor":27.0,"key":"DIG"},{"floor":32.0,"key":"DIG"},{"data":"Ragnarok","floor":45.0,"key":"SMITH"},{"data":"FlurryOfBlows","floor":49.0,"key":"SMITH"},{"floor":52,"key":"DIG"}],"circlet_count":0,"master_deck":["Mayhem+1","Panache+1","Tantrum+1","Wish+1","FollowUp+1","Mayhem+1","Ragnarok+1","FlurryOfBlows+1"],"relics":["PureWater","Membership Card","Ancient Tea Set","PreservedInsect","FossilizedHelix","Pocketwatch","Bronze Scales","Toy Ornithopter","Cauldron","Whetstone","Lee\u0027s Waffle","White Beast Statue","Peace Pipe","Matryoshka","Frozen Egg 2","Dead Branch","Omamori","Frozen Eye","Centennial Puzzle","Gambling Chip","Strange Spoon","Happy Flower","Bag of Preparation","Torii","Singing Bowl","Potion Belt","TheAbacus","Bird Faced Urn","WingedGreaves","Nunchaku","Boot","Incense Burner","Bottled Tornado","Bag of Marbles","Lizard Tail","Strawberry","Unceasing Top","Vajra","Orichalcum","StoneCalendar","Chemical X","Damaru","Shovel","Ginger","Lantern","Turnip","Medical Kit","MealTicket","Smiling Mask","Pear","Anchor","Gremlin Horn","War Paint","Juzu Bracelet","Sozu","Akabeko","Oddly Smooth Stone","DollysMirror","Blood Vial","CeramicFish","Pen Nib","Tiny Chest","Art of War","Ice Cream","Meat on the Bone","HandDrill","Eternal Feather","Blue Candle","Calling Bell","Letter Opener","Pantograph","Calipers","Ornamental Fan","Sling","Kunai","Red Mask","Bottled Lightning","HornCleat","Mercury Hourglass","Shuriken","CaptainsWheel","Thread and Needle","Darkstone Periapt","InkBottle","Mummified Hand","Sundial","TeardropLocket"],"acts_visited":["Exordium","TheCity","TheBeyond","TheEnding"],"potions_floor_usage":[55,55],"damage_taken":[{"damage":0.0,"enemies":"Small Slimes","floor":1.0,"turns":1.0},{"damage":0.0,"enemies":"Cultist","floor":2.0,"turns":1.0},{"damage":0.0,"enemies":"Jaw Worm","floor":3.0,"turns":1.0},{"damage":0.0,"enemies":"3 Louse","floor":5.0,"turns":1.0},{"damage":0.0,"enemies":"Lagavulin","floor":6.0,"turns":1.0},{"damage":0.0,"enemies":"3 Sentries","floor":8.0,"turns":1.0},{"damage":0.0,"enemies":"Exordium Thugs","floor":11.0,"turns":1.0},{"damage":0.0,"enemies":"Lagavulin","floor":12.0,"turns":1.0},{"damage":0.0,"enemies":"2 Fungi Beasts","floor":13.0,"turns":1.0},{"damage":0.0,"enemies":"The Guardian","floor":16.0,"turns":1.0},{"damage":0.0,"enemies":"Shell Parasite","floor":18.0,"turns":1.0},{"damage":0.0,"enemies":"Gremlin Leader","floor":23.0,"turns":1.0},{"damage":0.0,"enemies":"Slavers","floor":25.0,"turns":1.0},{"damage":0.0,"enemies":"Chosen","floor":28.0,"turns":1.0},{"damage":0.0,"enemies":"Gremlin Leader","floor":29.0,"turns":1.0},{"damage":0.0,"enemies":"Book of Stabbing","floor":31.0,"turns":1.0},{"damage":0.0,"enemies":"Collector","floor":33.0,"turns":1.0},{"damage":0.0,"enemies":"3 Darklings","floor":35.0,"turns":1.0},{"damage":0.0,"enemies":"3 Shapes","floor":36.0,"turns":1.0},{"damage":0.0,"enemies":"Nemesis","floor":40.0,"turns":1.0},{"damage":0.0,"enemies":"Reptomancer","floor":44.0,"turns":1.0},{"damage":0.0,"enemies":"2 Orb Walkers","floor":46.0,"turns":1.0},{"damage":0.0,"enemies":"Mind Bloom Boss Battle","floor":47.0,"turns":1.0},{"damage":0,"enemies":"Awakened One","floor":50,"turns":2},{"damage":0,"enemies":"Shield and Spear","floor":54,"turns":1},{"damage":0,"enemies":"The Heart","floor":55,"turns":3}],"seed_played":"-4016739584668032742","potions_obtained":[{"floor":0.0,"key":"Dexterity Potion"},{"floor":0.0,"key":"SkillPotion"},{"floor":0.0,"key":"Swift Potion"},{"floor":0.0,"key":"SpeedPotion"},{"floor":0.0,"key":"GamblersBrew"},{"floor":1.0,"key":"Strength Potion"},{"floor":3.0,"key":"LiquidBronze"},{"floor":6.0,"key":"FairyPotion"},{"floor":8.0,"key":"Ambrosia"},{"floor":16.0,"key":"Energy Potion"}],"is_trial":false,"path_per_floor":["M","M","M","?","M","E","R","E","T","R","M","E","M","?","R","B",null,"M","$","?","?","?","E","R","E","T","R","M","E","$","E","R","B",null,"M","M","T","$","?","E","?","T","T","E","R","?","?","T","R","B",null,"R","$","E","B",null],"character_chosen":"WATCHER","items_purchased":["Membership Card","Ancient Tea Set","PreservedInsect","Mayhem","Bronze Scales","Toy Ornithopter","Cauldron","Whetstone","Lee\u0027s Waffle","White Beast Statue","Matryoshka","Frozen Egg 2","Panache+1","Omamori","Frozen Eye","Centennial Puzzle","Strange Spoon","Happy Flower","Bag of Preparation","Singing Bowl","Potion Belt","TheAbacus","FlurryOfBlows","Nunchaku","Boot","Bottled Tornado","Bag of Marbles","Lizard Tail","Strawberry","Vajra","Orichalcum","Tantrum","Chemical X","Damaru","Ginger","Lantern","Medical Kit","MealTicket","Strength Potion","Akabeko","Oddly Smooth Stone","DollysMirror","Ice Cream","Meat on the Bone","HandDrill","Sling","Kunai","Mummified Hand","Sundial"],"campfire_rested":0,"item_purchase_floors":[0,0,0,0,0,0,0,0,0,0,0,0,0,0,0,0,0,0,0,0,0,0,0,0,0,0,0,0,0,0,0,0,0,0,0,0,0,0,0,19,19,19,30,30,30,38,38,53,53],"current_hp_per_floor":[88,90,90,100,102,102,102,114,114,114,116,118,120,120,120,120,120,120,120,120,95,95,105,105,115,115,115,125,133,133,135,135,137,137,139,139,139,139,139,141,141,141,141,143,143,143,145,145,145,145,145,145,145,147,147],"gold":108,"neow_bonus":"","is_daily":false,"chose_seed":false,"campfire_upgraded":6,"win_rate":0.0,"timestamp":1608530704,"path_taken":["M","M","M","?","M","E","R","E","T","R","M","E","?","?","R","BOSS","M","$","?","?","?","E","R","E","T","R","M","E","$","E","R","BOSS","M","M","?","$","?","E","?","?","T","E","R","?","?","?","R","BOSS","R","$","E","BOSS"],"items_purchased_type":["Relic","Relic","Relic","Card","Relic","Relic","Relic","Relic","Relic","Relic","Relic","Relic","Card","Relic","Relic","Relic","Relic","Relic","Relic","Relic","Relic","Relic","Card","Relic","Relic","Relic","Relic","Relic","Relic","Relic","Relic","Card","Relic","Relic","Relic","Relic","Relic","Relic","Potion","Relic","Relic","Relic","Relic","Relic","Relic","Relic","Relic","Relic","Relic"],"build_version":"2020-12-13","purchased_purges":10,"victory":true,"max_hp_per_floor":[88,90,90,100,102,102,102,114,114,114,116,118,120,120,120,120,120,120,120,120,125,125,127,127,129,129,129,131,133,133,135,135,137,137,139,139,139,139,139,141,141,141,141,143,143,143,145,145,145,145,145,145,145,147,147],"card_choices":[{"not_picked":["EmptyMind","Crescendo","Collect"],"picked":"Singing Bowl","floor":1.0},{"not_picked":["ReachHeaven","CarveReality","SashWhip"],"picked":"Singing Bowl","floor":2.0},{"not_picked":["ClearTheMind","Protect"],"picked":"Vault","floor":3.0},{"not_picked":["ClearTheMind","Halt","FlurryOfBlows"],"picked":"Singing Bowl","floor":5.0},{"not_picked":["FearNoEvil","TalkToTheHand"],"picked":"Wish","floor":6.0},{"not_picked":["Consecrate","FlurryOfBlows","MentalFortress+1"],"picked":"Singing Bowl","floor":8.0},{"not_picked":["FlurryOfBlows","MentalFortress+1","EmptyBody"],"picked":"Singing Bowl","floor":11.0},{"not_picked":["ThirdEye","EmptyBody","JustLucky"],"picked":"Singing Bowl","floor":12.0},{"not_picked":["LessonLearned","Protect","Fasting2+1"],"picked":"Singing Bowl","floor":13.0},{"not_picked":["Establishment+1","Wish"],"picked":"Blasphemy","floor":16.0},{"not_picked":["Prostrate","PathToVictory+1"],"picked":"FollowUp+1","floor":18.0},{"not_picked":["FollowUp+1","Halt","Protect"],"picked":"Singing Bowl","floor":23.0},{"not_picked":["FlurryOfBlows","SashWhip","BowlingBash"],"picked":"Singing Bowl","floor":25.0},{"not_picked":["Worship","FlurryOfBlows+1","Evaluate"],"picked":"Singing Bowl","floor":28.0},{"not_picked":["BowlingBash","Perseverance","Protect"],"picked":"Singing Bowl","floor":29.0},{"not_picked":["MasterReality+1","Protect+1","CrushJoints+1"],"picked":"Singing Bowl","floor":31.0},{"not_picked":["MasterReality+1","Vault","Brilliance"],"picked":"Singing Bowl","floor":33.0},{"not_picked":["Collect","EmptyFist+1","Nirvana+1"],"picked":"Singing Bowl","floor":35.0},{"not_picked":["BowlingBash+1","PathToVictory"],"picked":"Ragnarok","floor":36.0},{"not_picked":["Halt","Judgement","BowlingBash"],"picked":"Singing Bowl","floor":40.0},{"not_picked":["MasterReality+1","Crescendo+1","CutThroughFate+1"],"picked":"Singing Bowl","floor":44.0},{"not_picked":["Wallop","Alpha"],"picked":"FlurryOfBlows","floor":46.0},{"not_picked":["SashWhip+1","DeceiveReality","PathToVictory"],"picked":"Singing Bowl","floor":47.0},{"not_picked":["ThirdEye+1","WreathOfFlame+1","Omniscience"],"picked":"Singing Bowl","floor":54}],"player_experience":189815,"relics_obtained":[{"floor":6.0,"key":"Smiling Mask"},{"floor":8.0,"key":"Pear"},{"floor":9.0,"key":"Anchor"},{"floor":9.0,"key":"Gremlin Horn"},{"floor":12.0,"key":"War Paint"},{"floor":25.0,"key":"CeramicFish"},{"floor":26.0,"key":"Pen Nib"},{"floor":26.0,"key":"Tiny Chest"},{"floor":27.0,"key":"Art of War"},{"floor":31.0,"key":"Eternal Feather"},{"floor":32.0,"key":"Blue Candle"},{"floor":34.0,"key":"Letter Opener"},{"floor":34.0,"key":"Pantograph"},{"floor":34.0,"key":"Calipers"},{"floor":37.0,"key":"Ornamental Fan"},{"floor":40.0,"key":"Bottled Lightning"},{"floor":42.0,"key":"HornCleat"},{"floor":43.0,"key":"Mercury Hourglass"},{"floor":44.0,"key":"Shuriken"},{"floor":46.0,"key":"CaptainsWheel"},{"floor":47.0,"key":"Thread and Needle"},{"floor":48.0,"key":"Darkstone Periapt"},{"floor":52,"key":"InkBottle"},{"floor":54,"key":"TeardropLocket"}],"event_choices":[{"cards_removed":["Vault"],"damage_healed":0.0,"max_hp_gain":10.0,"max_hp_loss":0.0,"gold_gain":0.0,"event_name":"Bonfire Elementals","player_choice":"Offered Rare","floor":4.0,"gold_loss":0.0,"damage_taken":0.0},{"damage_healed":0.0,"max_hp_gain":0.0,"max_hp_loss":0.0,"gold_gain":0.0,"event_name":"Big Fish","player_choice":"Box","floor":14.0,"gold_loss":0.0,"damage_taken":0.0,"relics_obtained":["Juzu Bracelet"],"cards_obtained":["Regret"]},{"damage_healed":0.0,"max_hp_gain":0.0,"max_hp_loss":0.0,"gold_gain":0.0,"event_name":"WeMeetAgain","player_choice":"Gave Potion","floor":20.0,"gold_loss":0.0,"damage_taken":0.0,"relics_obtained":["Blood Vial"]},{"damage_healed":0.0,"max_hp_gain":5.0,"max_hp_loss":0.0,"gold_gain":0.0,"event_name":"Forgotten Altar","player_choice":"Shed Blood","floor":21.0,"gold_loss":0.0,"damage_taken":30.0},{"cards_removed":["Strike_P"],"damage_healed":0.0,"max_hp_gain":0.0,"max_hp_loss":0.0,"gold_gain":0.0,"event_name":"Purifier","player_choice":"Purged","floor":22.0,"gold_loss":0.0,"damage_taken":0.0},{"damage_healed":0.0,"max_hp_gain":0.0,"max_hp_loss":0.0,"gold_gain":0.0,"event_name":"Tomb of Lord Red Mask","player_choice":"Paid","floor":39.0,"gold_loss":248.0,"damage_taken":0.0,"relics_obtained":["Red Mask"]},{"cards_removed":["FlurryOfBlows"],"damage_healed":0.0,"max_hp_gain":0.0,"max_hp_loss":0.0,"gold_gain":0.0,"event_name":"Falling","player_choice":"Removed Attack","floor":41.0,"gold_loss":0.0,"damage_taken":0.0},{"damage_healed":0.0,"max_hp_gain":0.0,"max_hp_loss":0.0,"gold_gain":0.0,"event_name":"Mysterious Sphere","player_choice":"Fight","floor":46.0,"gold_loss":0.0,"damage_taken":0.0},{"damage_healed":0.0,"max_hp_gain":0.0,"max_hp_loss":0.0,"gold_gain":0.0,"event_name":"MindBloom","player_choice":"Fight","floor":47.0,"gold_loss":0.0,"damage_taken":0.0}],"is_beta":false,"boss_relics":[{"not_picked":["Velvet Choker","Ectoplasm"],"picked":"Sozu"},{"not_picked":["Astrolabe","SacredBark"],"picked":"Calling Bell"}],"items_purged_floors":[0,0,0,0,0,0,0,0,19,53],"is_endless":false,"potions_floor_spawned":[1,2,3,5,6,8,11,12,13,16,18,23,25,28,29,31,33,35,36,40,44,46,47,54],"ascension_level":7}}