{"host":"4osij1ol4dzgs8fu","time":1608509648,"event":{"mods":["AlwaysNeverKeys","BaseMod","Block Reminder","Custom Start","DeckTracker","Minty Spire (QoL Compilation)","Random Character Button","Relic Sorter","Relic Stats","ShortenTheSpire","StSLib","SuperFastMode"],"gold_per_floor":[115,128,143,157,173,207,233,267,267,267,300,329,329,355,355,459,509,526,540,160,172,184,215,215,249,318,347,364,389,424,442,442,543,543,561,579,250,268,285,316,350,381,381,412,443,111,140,173,173,173],"floor_reached":51,"playtime":3478,"items_purged":["Flame Barrier","Armaments+1","Warcry"],"score":1405,"play_id":"f7fd6dd7-9359-4ce1-80f6-921e94dedb80","local_time":"20201221001408","daily_mods":["SealedDeck","Colorless Cards","Flight","Elite Swarm","Lethality"],"is_ascension_mode":false,"campfire_choices":[{"data":"Armaments","floor":10,"key":"SMITH"},{"data":"Limit Break","floor":13,"key":"SMITH"},{"data":"Warcry","floor":15,"key":"SMITH"},{"data":"Trip","floor":24,"key":"SMITH"},{"floor":32,"key":"DIG"},{"floor":49,"key":"DIG"}],"circlet_count":0,"master_deck":["Sword Boomerang+1","Sword Boomerang","Iron Wave","Warcry+1","Heavy Blade+1","Spot Weakness","Flex","Trip+1","Whirlwind","Ghostly Armor+1","Bloodletting","Reaper","Secret Technique","Limit Break+1","Thinking Ahead","Violence","Shrug It Off","Finesse","Warcry+1","Secret Weapon+1","Apotheosis+1","Thinking Ahead+1","Exhume+1","Deep Breath+1"],"relics":["Burning Blood","Tiny Chest","Whetstone","Gambling Chip","Potion Belt","Dream Catcher","Question Card","Shovel","Tiny House","Toxic Egg 2","Kunai","Ornamental Fan","Pear","Darkstone Periapt","Regal Pillow","Frozen Egg 2","Letter Opener","Coffee Dripper","Membership Card","White Beast Statue","InkBottle","Eternal Feather","Calipers","Mummified Hand","Red Skull","Ice Cream","Strange Spoon","Centennial Puzzle","Meat on the Bone","StrikeDummy","Vajra","StoneCalendar"],"acts_visited":["Exordium","TheCity","TheBeyond"],"potions_floor_usage":[16,19,23,33,39,39,44,47,50,50],"damage_taken":[{"damage":0,"enemies":"Jaw Worm","floor":1,"turns":1},{"damage":0,"enemies":"2 Louse","floor":2,"turns":1},{"damage":0,"enemies":"Cultist","floor":3,"turns":2},{"damage":6,"enemies":"Red Slaver","floor":4,"turns":2},{"damage":0,"enemies":"Looter","floor":5,"turns":2},{"damage":0,"enemies":"Gremlin Nob","floor":6,"turns":2},{"damage":3,"enemies":"3 Sentries","floor":7,"turns":1},{"damage":3,"enemies":"Lagavulin","floor":8,"turns":3},{"damage":3,"enemies":"Gremlin Nob","floor":11,"turns":2},{"damage":3,"enemies":"3 Sentries","floor":12,"turns":2},{"damage":3,"enemies":"Gremlin Nob","floor":14,"turns":2},{"damage":0,"enemies":"Hexaghost","floor":16,"turns":2},{"damage":16,"enemies":"2 Thieves","floor":18,"turns":2},{"damage":3,"enemies":"3 Byrds","floor":19,"turns":2},{"damage":8,"enemies":"Centurion and Healer","floor":21,"turns":3},{"damage":19,"enemies":"Cultist and Chosen","floor":22,"turns":2},{"damage":30,"enemies":"Slavers","floor":23,"turns":2},{"damage":23,"enemies":"Book of Stabbing","floor":25,"turns":3},{"damage":26,"enemies":"Gremlin Leader","floor":27,"turns":4},{"damage":0,"enemies":"Snecko","floor":28,"turns":2},{"damage":3,"enemies":"Slavers","floor":29,"turns":1},{"damage":5,"enemies":"Gremlin Leader","floor":30,"turns":4},{"damage":0,"enemies":"3 Cultists","floor":31,"turns":2},{"damage":7,"enemies":"Collector","floor":33,"turns":4},{"damage":8,"enemies":"3 Darklings","floor":35,"turns":2},{"damage":10,"enemies":"3 Shapes","floor":36,"turns":2},{"damage":28,"enemies":"Writhing Mass","floor":38,"turns":2},{"damage":1,"enemies":"Maw","floor":39,"turns":3},{"damage":3,"enemies":"Reptomancer","floor":40,"turns":2},{"damage":15,"enemies":"Giant Head","floor":41,"turns":3},{"damage":0,"enemies":"Reptomancer","floor":42,"turns":2},{"damage":7,"enemies":"Nemesis","floor":44,"turns":3},{"damage":25,"enemies":"Reptomancer","floor":45,"turns":3},{"damage":16,"enemies":"Nemesis","floor":47,"turns":3},{"damage":0,"enemies":"Reptomancer","floor":48,"turns":2},{"damage":5,"enemies":"Time Eater","floor":50,"turns":3}],"seed_played":"-10686730299885224","potions_obtained":[{"floor":3,"key":"DuplicationPotion"},{"floor":6,"key":"BlessingOfTheForge"},{"floor":7,"key":"Ancient Potion"},{"floor":11,"key":"Regen Potion"},{"floor":12,"key":"LiquidMemories"},{"floor":14,"key":"BloodPotion"},{"floor":17,"key":"GamblersBrew"},{"floor":19,"key":"EntropicBrew"},{"floor":21,"key":"Block Potion"},{"floor":25,"key":"Strength Potion"},{"floor":28,"key":"EssenceOfSteel"},{"floor":30,"key":"Swift Potion"},{"floor":33,"key":"ColorlessPotion"},{"floor":38,"key":"SteroidPotion"},{"floor":39,"key":"Ancient Potion"},{"floor":40,"key":"FearPotion"},{"floor":44,"key":"SteroidPotion"},{"floor":47,"key":"Fruit Juice"},{"floor":48,"key":"DistilledChaos"}],"is_trial":true,"path_per_floor":["M","M","M","M","M","E","E","E","T","R","E","E","R","E","R","B",null,"M","M","$","M","M","E","R","E","T","E","M","E","E","M","R","B",null,"M","M","$","M","M","E","E","E","T","E","E","$","E","E","R","B",null],"character_chosen":"IRONCLAD","items_purchased":["Toxic Egg 2","Warcry+1","Membership Card","White Beast Statue","Strange Spoon","Centennial Puzzle","Meat on the Bone"],"campfire_rested":0,"item_purchase_floors":[20,20,37,37,46,46,46],"current_hp_per_floor":[80,80,80,80,80,80,80,80,80,80,80,80,80,80,80,80,85,75,85,85,83,70,81,81,64,74,78,84,87,95,95,95,94,95,93,95,95,73,78,95,95,95,95,94,75,75,98,100,100,100],"gold":173,"neow_bonus":"","is_daily":false,"chose_seed":false,"campfire_upgraded":4,"win_rate":0.0,"timestamp":1608509648,"path_taken":["M","M","M","M","M","E","E","E","T","R","E","E","R","E","R","BOSS","M","M","$","M","M","E","R","E","T","E","M","E","E","M","R","BOSS","M","M","$","M","M","E","E","E","T","E","E","$","E","E","R","BOSS"],"items_purchased_type":["Relic","Card","Relic","Relic","Relic","Relic","Relic"],"build_version":"2020-12-13","purchased_purges":3,"victory":true,"max_hp_per_floor":[80,80,80,80,80,80,80,80,80,80,80,80,80,80,80,80,85,85,85,85,85,85,85,85,85,95,95,95,95,95,95,95,95,95,95,95,95,95,95,95,95,95,95,95,95,95,100,100,100,100],"relic_stats":{"Darkstone Periapt":0,"Regal Pillow":0,"counters":[36,83],"Eternal Feather":0,"StoneCalendar":[0],"Whetstone":["Sword Boomerang","Heavy Blade"],"Letter Opener":[448],"Question Card":26,"Burning Blood":126,"Strange Spoon":[11],"Dream Catcher":0,"Centennial Puzzle":[6],"Shovel":2,"Ornamental Fan":[24],"Mummified Hand":[0],"Gambling Chip":[35],"Tiny Chest":0,"Kunai":[7],"obtain_stats":[{"Darkstone Periapt":27,"Ice Cream":45,"Regal Pillow":29,"Tiny House":17,"Calipers":42,"Vajra":48,"StoneCalendar":49,"Whetstone":7,"Burning Blood":0,"Dream Catcher":11,"Centennial Puzzle":46,"Shovel":14,"Mummified Hand":43,"Gambling Chip":8,"Tiny Chest":6,"Kunai":23,"Toxic Egg 2":20,"InkBottle":40,"Red Skull":44,"Potion Belt":9,"Pear":26,"Eternal Feather":41,"Letter Opener":32,"Frozen Egg 2":30,"Question Card":12,"White Beast Statue":37,"Strange Spoon":46,"Ornamental Fan":25,"Coffee Dripper":34,"Membership Card":37,"StrikeDummy":47,"Meat on the Bone":46},{"Darkstone Periapt":19,"Ice Cream":33,"Regal Pillow":21,"Tiny House":12,"Calipers":31,"Vajra":35,"StoneCalendar":35,"Whetstone":7,"Burning Blood":0,"Dream Catcher":9,"Centennial Puzzle":33,"Shovel":11,"Mummified Hand":31,"Gambling Chip":8,"Tiny Chest":6,"Kunai":17,"Toxic Egg 2":14,"InkBottle":29,"Red Skull":32,"Potion Belt":8,"Pear":18,"Eternal Feather":30,"Letter Opener":23,"Frozen Egg 2":22,"Question Card":10,"White Beast Statue":26,"Strange Spoon":33,"Ornamental Fan":18,"Coffee Dripper":24,"Membership Card":26,"StrikeDummy":34,"Meat on the Bone":33},{"Darkstone Periapt":40,"Ice Cream":75,"Regal Pillow":43,"Tiny House":22,"Calipers":69,"Vajra":80,"StoneCalendar":80,"Whetstone":11,"Burning Blood":0,"Dream Catcher":16,"Centennial Puzzle":75,"Shovel":20,"Mummified Hand":69,"Gambling Chip":14,"Tiny Chest":10,"Kunai":33,"Toxic Egg 2":26,"InkBottle":64,"Red Skull":72,"Potion Belt":14,"Pear":36,"Eternal Feather":67,"Letter Opener":49,"Frozen Egg 2":47,"Question Card":18,"White Beast Statue":57,"Strange Spoon":75,"Ornamental Fan":36,"Coffee Dripper":53,"Membership Card":57,"StrikeDummy":78,"Meat on the Bone":75}],"InkBottle":[15],"Meat on the Bone":0},"card_choices":[{"not_picked":["Bandage Up","Burning Pact"],"picked":"Whirlwind","floor":1},{"not_picked":["Thunderclap","Dark Embrace","Body Slam"],"picked":"SKIP","floor":2},{"not_picked":["Evolve","Twin Strike"],"picked":"Ghostly Armor","floor":3},{"not_picked":["Flex","Flame Barrier"],"picked":"Warcry","floor":4},{"not_picked":["Cleave","Pommel Strike"],"picked":"Bloodletting","floor":5},{"not_picked":["HandOfGreed","Barricade"],"picked":"Reaper","floor":6},{"not_picked":["Exhume","Barricade","Panache"],"picked":"SKIP","floor":7},{"not_picked":["Apotheosis","Brutality"],"picked":"Secret Technique","floor":8},{"not_picked":["Immolate","The Bomb","Fiend Fire"],"picked":"SKIP","floor":11},{"not_picked":["Secret Weapon","Offering"],"picked":"Limit Break","floor":12},{"not_picked":["Immolate","Berserk","Corruption"],"picked":"Thinking Ahead","floor":14},{"not_picked":["Secret Weapon","Corruption","Metamorphosis"],"picked":"Violence","floor":16},{"not_picked":["Heavy Blade","Headbutt+1","Iron Wave"],"picked":"Shrug It Off","floor":18},{"not_picked":["Wild Strike","True Grit","Clash+1"],"picked":"Finesse","floor":19},{"not_picked":["Shockwave+1","Intimidate+1","Limit Break+1","Thunderclap"],"picked":"SKIP","floor":21},{"not_picked":["Headbutt+1","Havoc+1","Disarm+1","Evolve"],"picked":"SKIP","floor":22},{"not_picked":["Transmutation+1","Berserk","Juggernaut"],"picked":"Secret Weapon+1","floor":23},{"not_picked":["Impervious+1","Magnetism","Thinking Ahead+1"],"picked":"Apotheosis+1","floor":25},{"not_picked":["Secret Weapon+1","Demon Form","Violence+1","HandOfGreed"],"picked":"SKIP","floor":27},{"not_picked":["Mind Blast+1","Headbutt","True Grit+1","Clothesline"],"picked":"SKIP","floor":28},{"not_picked":["Bludgeon","Apotheosis+1","The Bomb+1"],"picked":"Thinking Ahead+1","floor":29},{"not_picked":["Bludgeon","Sadistic Nature+1","Double Tap+1"],"picked":"Exhume+1","floor":30},{"not_picked":["Sword Boomerang+1","Heavy Blade+1","Bloodletting+1","Anger+1"],"picked":"SKIP","floor":31},{"not_picked":["Shrug It Off+1","Perfected Strike+1","Reckless Charge","Wild Strike"],"picked":"SKIP","floor":35},{"not_picked":["Headbutt+1","Shrug It Off+1","Wild Strike+1","Iron Wave+1"],"picked":"SKIP","floor":36},{"not_picked":["Headbutt+1","Shrug It Off+1","Wild Strike+1","Iron Wave+1"],"picked":"SKIP","floor":36},{"not_picked":["Clothesline+1","Wild Strike","Shrug It Off+1","Cleave+1"],"picked":"SKIP","floor":38},{"not_picked":["Havoc+1","Flex+1","Cleave"],"picked":"Deep Breath+1","floor":39},{"not_picked":["Limit Break+1","Juggernaut+1","Feed","Magnetism+1"],"picked":"SKIP","floor":40},{"not_picked":["Secret Technique+1","Juggernaut+1","Brutality+1","Sadistic Nature+1"],"picked":"SKIP","floor":41},{"not_picked":["Secret Weapon+1","Barricade+1","Metamorphosis+1","Panache+1"],"picked":"SKIP","floor":42},{"not_picked":["Juggernaut+1","The Bomb+1","Panache+1","Immolate"],"picked":"SKIP","floor":44},{"not_picked":["Brutality+1","Thinking Ahead+1","Apotheosis+1","Chrysalis+1"],"picked":"SKIP","floor":45},{"not_picked":["Corruption+1","Magnetism+1","Panache+1","Juggernaut+1"],"picked":"SKIP","floor":47},{"not_picked":["Sadistic Nature+1","Corruption+1","Berserk+1","The Bomb+1"],"picked":"SKIP","floor":48}],"player_experience":193152,"relics_obtained":[{"floor":6,"key":"Tiny Chest"},{"floor":7,"key":"Whetstone"},{"floor":8,"key":"Gambling Chip"},{"floor":9,"key":"Potion Belt"},{"floor":11,"key":"Dream Catcher"},{"floor":12,"key":"Question Card"},{"floor":14,"key":"Shovel"},{"floor":23,"key":"Kunai"},{"floor":25,"key":"Ornamental Fan"},{"floor":26,"key":"Pear"},{"floor":27,"key":"Darkstone Periapt"},{"floor":29,"key":"Regal Pillow"},{"floor":30,"key":"Frozen Egg 2"},{"floor":32,"key":"Letter Opener"},{"floor":40,"key":"InkBottle"},{"floor":41,"key":"Eternal Feather"},{"floor":42,"key":"Calipers"},{"floor":43,"key":"Mummified Hand"},{"floor":44,"key":"Red Skull"},{"floor":45,"key":"Ice Cream"},{"floor":47,"key":"StrikeDummy"},{"floor":48,"key":"Vajra"},{"floor":49,"key":"StoneCalendar"}],"event_choices":[],"is_beta":false,"boss_relics":[{"not_picked":["Fusion Hammer","Ectoplasm"],"picked":"Tiny House"},{"not_picked":["Philosopher\u0027s Stone","Cursed Key"],"picked":"Coffee Dripper"}],"items_purged_floors":[20,37,46],"is_endless":false,"potions_floor_spawned":[3,6,7,11,12,14,19,21,25,27,28,30,33,36,38,39,40,41,42,44,45,47,48],"ascension_level":0}}