{"host":"l4li6saph8sy2zni","time":1608537572,"event":{"mods":["AchievementEnabler","Aspiration","BaseMod","BetterRewards","CCEM","Colored Map","Colored Powertips","Conspire","Downfall","Energized Spire","GifTheSpireLib","Highlight Path","Hubris","Infinite Spire","Mimic Mod","Minty Spire (QoL Compilation)","Permanent Neow","Quick Restart","Relic Filter","Replay The Spire","Shop Mod","StSLib","Stuff the Spire","The Hierophant"],"gold_per_floor":[99,99,14,45,63,81,81,81,81,81,100,100,119,135,145,183,183,183,195,195,249,265,265,290,307,17,17,17,27,40,25,44,139,139,139,154,154,154],"floor_reached":37,"playtime":2552,"items_purged":[],"score":471,"play_id":"1719ee98-58ae-442c-ab9f-51659010fcf7","local_time":"20201221075932","is_ascension_mode":false,"campfire_choices":[{"data":"sneckomod:TailWhip","floor":1,"key":"SMITH"},{"data":"sneckomod:UnknownUncommonAttack","floor":8,"key":"SMITH"},{"data":"sneckomod:SnekBite","floor":10,"key":"SMITH"},{"data":"infinitespire:FutureSight","floor":18,"key":"SMITH"},{"data":"sneckomod:UnknownRareAttack","floor":20,"key":"SMITH"},{"floor":23,"key":"REST"},{"data":"sneckomod:RainOfDice","floor":35,"key":"SMITH"}],"circlet_count":0,"master_deck":["sneckomod:Strike","sneckomod:Strike","sneckomod:Strike","sneckomod:Defend","sneckomod:Defend+1","sneckomod:Defend","sneckomod:TailWhip+1","sneckomod:SnekBite+1","sneckomod:Unknown+1","sneckomod:Unknown","sneckomod:Unknown2Cost+1","sneckomod:UnknownUncommonAttack+1","sneckomod:Unknown0Cost","sneckomod:UnknownClassHEXA_GHOST_PURPLE","sneckomod:Unknown2Cost","sneckomod:RainOfDice+1","sneckomod:SnakeSap","sneckomod:SlitherStrike","sneckomod:Unknown0Cost","sneckomod:UnknownRareAttack+1","hubris:Compulsion","Survivor","sneckomod:UnknownRarePower","infinitespire:FutureSight+1","Flash of Steel","sneckomod:UnknownCommonAttack+1","sneckomod:UnknownUncommonPower+1","sneckomod:DiceBoulder+1","sneckomod:UnknownBlock","sneckomod:SoulDraw","sneckomod:UnknownClassINFINITE_BLACK","sneckomod:QuickBite","sneckomod:UnknownStrike","sneckomod:UnknownClassHIEROPHANT_GOLD_COLOR","sneckomod:Unknown0Cost+1","sneckomod:SlitherStrike","sneckomod:RainOfDice+1","sneckomod:UnknownRareSkill","sneckomod:DiceCrush"],"relics":["sneckomod:SneckoSoul","War Paint","HornCleat","hubris:Metronome","hubris:Icosahedron","ReplayTheSpireMod:SealedPack","Omamori","aspiration:Lifesprig","Kunai","hubris:BottledHeart","conspire:SlowCooker"],"acts_visited":["Exordium","TheCity","TheBeyond"],"potions_floor_usage":[15,16,16,22,26,31,33,36,37],"damage_taken":[{"damage":5,"enemies":"downfall:FleeingMerchant","floor":3,"turns":4},{"damage":0,"enemies":"Lagavulin","floor":4,"turns":5},{"damage":0,"enemies":"2 Louse","floor":5,"turns":2},{"damage":7,"enemies":"Jaw Worm","floor":6,"turns":2},{"damage":1,"enemies":"Small Slimes","floor":11,"turns":4},{"damage":0,"enemies":"Blue Slaver","floor":13,"turns":1},{"damage":9,"enemies":"Large Slime","floor":14,"turns":5},{"damage":9,"enemies":"Gremlin Gang","floor":15,"turns":2},{"damage":61,"enemies":"downfall:Silent","floor":16,"turns":13},{"damage":13,"enemies":"3 Byrds","floor":19,"turns":4},{"damage":0,"enemies":"Spheric Guardian","floor":22,"turns":1},{"damage":10,"enemies":"Snake Plant","floor":25,"turns":4},{"damage":0,"enemies":"downfall:FleeingMerchant","floor":26,"turns":4},{"damage":0,"enemies":"Shelled Parasite and Fungi","floor":29,"turns":4},{"damage":0,"enemies":"Sentry and Sphere","floor":30,"turns":4},{"damage":0,"enemies":"downfall:FleeingMerchant","floor":31,"turns":4},{"damage":0,"enemies":"Snake Plant","floor":32,"turns":3},{"damage":0,"enemies":"downfall:Defect","floor":33,"turns":6},{"damage":0,"enemies":"3 Shapes","floor":36,"turns":4},{"damage":9,"enemies":"2 Orb Walkers","floor":37,"turns":3}],"seed_played":"2929626179292246872","potions_obtained":[{"floor":2,"key":"Dexterity Potion"},{"floor":2,"key":"SneckoOil"},{"floor":2,"key":"Guardian:BlockOnCardUsePotion"},{"floor":4,"key":"LifebloodPotion"},{"floor":5,"key":"Adrenaline Potion"},{"floor":21,"key":"CultistPotion"},{"floor":22,"key":"Fruit Juice"},{"floor":25,"key":"SteroidPotion"},{"floor":29,"key":"DuplicationPotion"},{"floor":33,"key":"EntropicBrew"}],"is_trial":false,"path_per_floor":["R","?","$","E","M","M","T","R","?","R","M","?","M","M","M","B",null,"R","M","R","?","M","R","T","M","$","?","?","M","M","$","M","B",null,"R_BF","M","?"],"character_chosen":"THE_SNECKO","items_purchased":["sneckomod:UnknownUncommonAttack","Kunai","sneckomod:QuickBite"],"campfire_rested":1,"item_purchase_floors":[3,26,26],"current_hp_per_floor":[90,90,87,88,89,83,83,83,83,83,82,82,82,73,66,6,99,99,87,87,48,54,86,86,80,81,82,1,1,1,1,1,1,1,1,1,0,0],"gold":154,"neow_bonus":"RANDOM_COMMON_RELIC","is_daily":false,"chose_seed":false,"campfire_upgraded":6,"win_rate":0.0,"timestamp":1608537572,"path_taken":["R","?","?","E","M","M","T","R","?","R","M","?","M","M","M","BOSS","R","M","R","?","?","R","T","M","$","?","?","M","M","?","M","BOSS","R_BF","M","?"],"items_purchased_type":["Card","Relic","Card"],"build_version":"2020-12-13","purchased_purges":0,"victory":false,"max_hp_per_floor":[90,90,92,93,94,95,95,95,95,95,95,95,95,95,97,98,99,99,100,100,101,107,107,107,107,108,109,1,1,1,1,1,1,1,1,1,1,1],"card_choices":[{"not_picked":["sneckomod:CheapStock","sneckomod:UnknownUncommonSkill"],"picked":"sneckomod:Unknown2Cost","floor":3},{"not_picked":["sneckomod:SnakeSap","sneckomod:QuickMove"],"picked":"sneckomod:Unknown0Cost","floor":4},{"not_picked":["sneckomod:DiceCrush","sneckomod:DiceBoulder"],"picked":"sneckomod:UnknownClassHEXA_GHOST_PURPLE","floor":5},{"not_picked":["sneckomod:IronFang","sneckomod:WideSting"],"picked":"sneckomod:Unknown2Cost","floor":6},{"not_picked":["sneckomod:ImprovisedGuard","sneckomod:UnknownClassBLUE"],"picked":"sneckomod:RainOfDice","floor":11},{"not_picked":["sneckomod:SoulRoll","sneckomod:UnknownBlock"],"picked":"sneckomod:SnakeSap","floor":13},{"not_picked":["sneckomod:UnknownCommonSkill","sneckomod:UnknownClassGUARDIAN"],"picked":"sneckomod:SlitherStrike","floor":14},{"not_picked":["sneckomod:SnakeSap","sneckomod:UnknownCommonSkill"],"picked":"sneckomod:Unknown0Cost","floor":15},{"not_picked":["sneckomod:Restock","sneckomod:MorePower"],"picked":"sneckomod:UnknownRareAttack","floor":16},{"not_picked":["Guardian:CurlUp","Slimebound:CorrosiveSpit"],"picked":"Survivor","floor":17},{"not_picked":["sneckomod:SerpentMind","sneckomod:SoulExchange"],"picked":"sneckomod:UnknownRarePower","floor":17},{"not_picked":["infinitespire:Execution","hubris:Fate"],"picked":"infinitespire:FutureSight","floor":17},{"not_picked":["expansioncontent:GuardianWhirl","expansioncontent:FaceSlap"],"picked":"Flash of Steel","floor":17},{"not_picked":["sneckomod:UnknownWeak","sneckomod:UnknownClassPURPLE+1"],"picked":"sneckomod:UnknownCommonAttack+1","floor":19},{"not_picked":["sneckomod:UnknownX","sneckomod:UnknownCommonAttack"],"picked":"sneckomod:UnknownUncommonPower+1","floor":21},{"not_picked":["sneckomod:UnknownCommonAttack","sneckomod:UnknownCommonSkill"],"picked":"sneckomod:DiceBoulder+1","floor":21},{"not_picked":["sneckomod:WideSting","sneckomod:SoulRoll"],"picked":"sneckomod:UnknownBlock","floor":22},{"not_picked":["sneckomod:MasterEye+1","sneckomod:SoulRoll+1"],"picked":"sneckomod:SoulDraw","floor":25},{"not_picked":["sneckomod:UnlimitedRolls","sneckomod:UnknownBlock"],"picked":"sneckomod:UnknownClassINFINITE_BLACK","floor":26},{"not_picked":["sneckomod:DiceBlock","sneckomod:UnknownBlock"],"picked":"sneckomod:UnknownClassHIEROPHANT_GOLD_COLOR","floor":29},{"not_picked":["sneckomod:UnknownUncommonAttack+1","sneckomod:ImprovisedAttack"],"picked":"sneckomod:Unknown0Cost+1","floor":30},{"not_picked":["sneckomod:QuickBite","sneckomod:SoulDraw"],"picked":"sneckomod:SlitherStrike","floor":31},{"not_picked":["sneckomod:UnknownClassPURPLE","sneckomod:UnknownX"],"picked":"sneckomod:RainOfDice","floor":32},{"not_picked":["sneckomod:Mudshield","sneckomod:SerpentMind"],"picked":"sneckomod:UnknownRareSkill","floor":33},{"not_picked":["sneckomod:QuickBite","sneckomod:SlitherStrike"],"picked":"sneckomod:DiceCrush","floor":36}],"player_experience":98860,"relics_obtained":[{"floor":4,"key":"HornCleat"},{"floor":7,"key":"hubris:Metronome"},{"floor":21,"key":"Omamori"},{"floor":24,"key":"aspiration:Lifesprig"}],"event_choices":[{"damage_healed":0,"gold_gain":0,"player_choice":"Got Potions","damage_taken":0,"max_hp_gain":0,"max_hp_loss":0,"event_name":"Lab","floor":2,"gold_loss":0},{"damage_healed":0,"gold_gain":0,"player_choice":"Fight","damage_taken":0,"max_hp_gain":0,"max_hp_loss":0,"event_name":"Mysterious Sphere","floor":37,"gold_loss":0}],"is_beta":false,"boss_relics":[{"not_picked":["energizedSpire:NeverEndingSparkler","Velvet Choker"],"picked":"ReplayTheSpireMod:SealedPack"},{"not_picked":["Runic Pyramid","Honey Jar"],"picked":"conspire:SlowCooker"}],"items_purged_floors":[],"is_endless":false,"potions_floor_spawned":[4,5,13,14,19,22,25,29,33],"killed_by":"2 Orb Walkers","ascension_level":0}}