{"host":"x1qj4d8ympd5jdqh","time":1608551758,"event":{"mods":["AchievementEnabler","AlwaysNeverKeys","BaseMod","Colored Map","Custom Start","DeckTracker","Highlight Path","Minty Spire (QoL Compilation)","StSLib","SuperFastMode"],"gold_per_floor":[114,114,124,45,45,76,1,30,54,69,119,119,162,187,187,187,187],"floor_reached":16,"playtime":286,"items_purged":[],"score":286,"play_id":"4404a9ad-3968-423e-932c-99033f959279","local_time":"20201221205558","is_ascension_mode":true,"campfire_choices":[{"floor":15,"key":"REST"}],"circlet_count":0,"master_deck":["AscendersBane","Strike_R+1","Strike_R","Strike_R+1","Defend_R","Defend_R","Defend_R","Defend_R","Bash","Shrug It Off","Wild Strike","Rampage","Battle Trance","Inflame","Corruption","Anger"],"relics":["Burning Blood","NeowsBlessing","Ancient Tea Set","Juzu Bracelet","Tiny Chest","Golden Idol","PreservedInsect"],"acts_visited":["Exordium"],"potions_floor_usage":[8,10,13,16],"damage_taken":[{"damage":0.0,"enemies":"Small Slimes","floor":1.0,"turns":1.0},{"damage":0,"enemies":"Cultist","floor":3,"turns":1},{"damage":0,"enemies":"3 Sentries","floor":6,"turns":1},{"damage":32,"enemies":"Gremlin Nob","floor":8,"turns":4},{"damage":2,"enemies":"Jaw Worm","floor":10,"turns":3},{"damage":17,"enemies":"3 Sentries","floor":13,"turns":6},{"damage":8,"enemies":"Blue Slaver","floor":14,"turns":3},{"damage":33,"enemies":"The Guardian","floor":16,"turns":6}],"seed_played":"-685623436729701386","potions_obtained":[{"floor":1.0,"key":"Explosive Potion"},{"floor":10,"key":"Explosive Potion"},{"floor":14,"key":"FearPotion"}],"is_trial":false,"path_per_floor":["M","?","M","$","?","E","?","E","T","M","?","?","E","M","R","B"],"character_chosen":"IRONCLAD","items_purchased":["DistilledChaos"],"campfire_rested":1,"item_purchase_floors":[4],"current_hp_per_floor":[74,74,75,75,52,58,58,32,32,36,36,36,25,23,43,10,10],"gold":187,"neow_bonus":"THREE_ENEMY_KILL","is_daily":false,"chose_seed":false,"campfire_upgraded":0,"win_rate":0.0,"timestamp":1608551758,"path_taken":["M","?","M","$","?","E","?","E","T","M","?","?","E","M","R","BOSS"],"items_purchased_type":["Potion"],"build_version":"2020-12-13","purchased_purges":0,"victory":false,"max_hp_per_floor":[75,75,75,75,75,75,75,75,75,75,75,68,68,68,68,68,68],"card_choices":[{"not_picked":["Feel No Pain","Shockwave"],"picked":"Shrug It Off","floor":1.0},{"not_picked":["Armaments","Metallicize"],"picked":"Wild Strike","floor":3},{"not_picked":["Uppercut","Fire Breathing"],"picked":"Rampage","floor":6},{"not_picked":["Clash","Perfected Strike"],"picked":"Battle Trance","floor":8},{"not_picked":["Thunderclap","Sword Boomerang"],"picked":"Inflame","floor":10},{"not_picked":["Flex","Blood for Blood"],"picked":"Corruption","floor":13},{"not_picked":["Rupture","Cleave"],"picked":"Anger","floor":14}],"player_experience":1260444,"relics_obtained":[{"floor":6,"key":"Ancient Tea Set"},{"floor":8,"key":"Juzu Bracelet"},{"floor":9,"key":"Tiny Chest"},{"floor":13,"key":"PreservedInsect"}],"event_choices":[{"cards_removed":["Strike_R"],"damage_healed":0,"gold_gain":0,"player_choice":"Forget","damage_taken":0,"max_hp_gain":0,"max_hp_loss":0,"event_name":"Living Wall","floor":2,"gold_loss":0},{"damage_healed":0,"gold_gain":0,"player_choice":"Entered Light","damage_taken":23,"max_hp_gain":0,"max_hp_loss":0,"event_name":"Shining Light","floor":5,"gold_loss":0,"cards_upgraded":["Strike_R","Strike_R"]},{"cards_removed":["Strike_R"],"damage_healed":0,"gold_gain":0,"player_choice":"Card Removal","damage_taken":0,"max_hp_gain":0,"max_hp_loss":0,"event_name":"The Cleric","floor":7,"gold_loss":75},{"damage_healed":0,"gold_gain":50,"player_choice":"Pray","damage_taken":0,"max_hp_gain":0,"max_hp_loss":0,"event_name":"Golden Shrine","floor":11,"gold_loss":0},{"damage_healed":0,"gold_gain":0,"player_choice":"Lose Max HP","damage_taken":0,"relics_obtained":["Golden Idol"],"max_hp_gain":0,"max_hp_loss":7,"event_name":"Golden Idol","floor":12,"gold_loss":0}],"is_beta":false,"boss_relics":[],"items_purged_floors":[],"is_endless":false,"potions_floor_spawned":[1,6,10,14],"killed_by":"The Guardian","ascension_level":20}}