{"host":"d8d3jqle49sogkjv","time":1608584568,"event":{"mods":["BaseMod","Colored Map","Colored Powertips","Minty Spire (QoL Compilation)","StSLib"],"gold_per_floor":[367,542,542,467,467,483,499,46,121,141,151,181,194,219,219,219,219],"floor_reached":16,"playtime":707,"items_purged":["Clumsy"],"score":153,"play_id":"18c2de33-d280-4312-b68e-73f3c4468aba","local_time":"20201221220248","is_ascension_mode":true,"campfire_choices":[{"data":"Limit Break","floor":15,"key":"SMITH"}],"circlet_count":0,"master_deck":["AscendersBane","Strike_R","Strike_R","Strike_R","Strike_R","Strike_R+1","Defend_R","Defend_R+1","Defend_R","Defend_R","Bash","Cleave","Flex","Battle Trance","Rage","Pummel","Limit Break+1","Shrug It Off","Metallicize","Carnage","Flex"],"relics":["Burning Blood","Orrery","Meat on the Bone","Tiny Chest","Bronze Scales"],"acts_visited":["Exordium"],"potions_floor_usage":[6,11,14],"damage_taken":[{"damage":8,"enemies":"2 Louse","floor":1,"turns":3},{"damage":4,"enemies":"Jaw Worm","floor":6,"turns":3},{"damage":1,"enemies":"Cultist","floor":7,"turns":3},{"damage":10,"enemies":"Looter","floor":10,"turns":3},{"damage":7,"enemies":"Exordium Wildlife","floor":11,"turns":4},{"damage":10,"enemies":"3 Louse","floor":13,"turns":3},{"damage":24,"enemies":"3 Sentries","floor":14,"turns":13},{"damage":58,"enemies":"Hexaghost","floor":16,"turns":9}],"seed_played":"6611205368092998278","potions_obtained":[{"floor":6,"key":"BloodPotion"},{"floor":7,"key":"AttackPotion"},{"floor":11,"key":"DuplicationPotion"}],"is_trial":false,"path_per_floor":["M","?","?","$","?","M","M","$","T","M","M","?","M","E","R","B"],"character_chosen":"IRONCLAD","items_purchased":["Orrery","Limit Break","Shrug It Off","Metallicize","Carnage"],"campfire_rested":0,"item_purchase_floors":[8,8,8,8,8],"current_hp_per_floor":[70,70,63,63,47,65,70,70,70,66,65,65,61,55,55,0,0],"gold":219,"neow_bonus":"TWO_FIFTY_GOLD","is_daily":false,"chose_seed":false,"campfire_upgraded":1,"win_rate":0.0,"timestamp":1608584568,"path_taken":["M","?","?","$","?","M","?","?","T","M","M","?","M","E","R","BOSS"],"items_purchased_type":["Relic","Card","Card","Card","Card"],"build_version":"2020-12-13","purchased_purges":1,"victory":false,"max_hp_per_floor":[80,80,80,80,80,80,80,80,80,80,80,80,80,80,80,80,80],"card_choices":[{"not_picked":["True Grit","Dual Wield"],"picked":"Cleave","floor":1},{"not_picked":["True Grit","Clothesline","Sentinel"],"picked":"SKIP","floor":6},{"not_picked":["Perfected Strike","Havoc","Blood for Blood"],"picked":"SKIP","floor":7},{"not_picked":["Blood for Blood","Combust"],"picked":"Flex","floor":8},{"not_picked":["Warcry","Wild Strike"],"picked":"Battle Trance","floor":8},{"not_picked":["Bludgeon","Twin Strike"],"picked":"Rage","floor":8},{"not_picked":["Wild Strike","Havoc"],"picked":"Pummel","floor":8},{"not_picked":["Shockwave","Evolve","Cleave"],"picked":"SKIP","floor":10},{"not_picked":["Flame Barrier","Entrench","Pommel Strike"],"picked":"SKIP","floor":11},{"not_picked":["Perfected Strike","Cleave","Dual Wield"],"picked":"SKIP","floor":13},{"not_picked":["Evolve","Headbutt"],"picked":"Flex","floor":14}],"player_experience":323472,"relics_obtained":[{"floor":9,"key":"Meat on the Bone"},{"floor":14,"key":"Bronze Scales"}],"event_choices":[{"damage_healed":0,"gold_gain":175,"player_choice":"AGREE","damage_taken":0,"max_hp_gain":0,"max_hp_loss":0,"event_name":"Liars Game","floor":2,"gold_loss":0,"cards_obtained":["Doubt"]},{"cards_removed":["Doubt"],"damage_healed":0,"gold_gain":0,"player_choice":"Card Removal","damage_taken":7,"max_hp_gain":0,"max_hp_loss":0,"event_name":"Golden Wing","floor":3,"gold_loss":0},{"damage_healed":0,"gold_gain":0,"player_choice":"Entered Light","damage_taken":16,"max_hp_gain":0,"max_hp_loss":0,"event_name":"Shining Light","floor":5,"gold_loss":0,"cards_upgraded":["Strike_R","Defend_R"]},{"damage_healed":0,"gold_gain":30,"player_choice":"Searched \u00273\u0027 times","damage_taken":0,"relics_obtained":["Tiny Chest"],"max_hp_gain":0,"max_hp_loss":0,"event_name":"Dead Adventurer","floor":12,"gold_loss":0}],"is_beta":false,"boss_relics":[],"items_purged_floors":[4],"is_endless":false,"potions_floor_spawned":[6,7,11],"killed_by":"Hexaghost","ascension_level":10}}