{"host":"vsgmwxc1n8l4tqfd","time":1608539529,"event":{"mods":["AchievementEnabler","BaseMod","Bestiary","Minty Spire (QoL Compilation)","Slay-I"],"gold_per_floor":[109,3,18,18,80,80,94,94,120,120,120,135,146,169,169,268,268,282,282,262,279,279,279,290,317,341,355,55,55,67,86,86,86,86],"floor_reached":33,"playtime":1906,"items_purged":[],"score":259,"play_id":"319bdf88-5916-4c60-8e9f-91a03cb51bb3","local_time":"20201221083209","is_ascension_mode":false,"campfire_choices":[{"data":"Chill","floor":6,"key":"SMITH"},{"data":"Melter","floor":8,"key":"SMITH"},{"data":"Rebound","floor":10,"key":"SMITH"},{"data":"Self Repair","floor":15,"key":"SMITH"},{"floor":23,"key":"REST"},{"floor":32,"key":"REST"}],"circlet_count":0,"master_deck":["Strike_B","Strike_B","Strike_B","Defend_B","Defend_B","Defend_B","Defend_B","Zap+1","Dualcast","Go for the Eyes+1","Melter+1","Glacier+1","Chill+1","Leap","Rebound+1","Self Repair+1","Stack","Machine Learning+1","CurseOfTheBell","Defragment+1","Conserve Battery+1","Static Discharge+1","Double Energy","Ball Lightning","Barrage","Beam Cell","Force Field","Finesse","Go for the Eyes","Blizzard","Coolheaded","Doom and Gloom+1","Chaos"],"relics":["Cracked Core","War Paint","StoneCalendar","Bronze Scales","Calling Bell","MealTicket","Sundial","Ice Cream","Dream Catcher","Regal Pillow","Centennial Puzzle"],"acts_visited":["Exordium","TheCity"],"potions_floor_usage":[16,20,21,27,33,33],"damage_taken":[{"damage":0,"enemies":"Cultist","floor":1,"turns":3},{"damage":4,"enemies":"Jaw Worm","floor":3,"turns":2},{"damage":0,"enemies":"2 Louse","floor":7,"turns":3},{"damage":6,"enemies":"Red Slaver","floor":12,"turns":3},{"damage":0,"enemies":"Blue Slaver","floor":13,"turns":4},{"damage":23,"enemies":"The Guardian","floor":16,"turns":12},{"damage":0,"enemies":"Shell Parasite","floor":18,"turns":5},{"damage":0,"enemies":"2 Thieves","floor":20,"turns":4},{"damage":14,"enemies":"Snake Plant","floor":21,"turns":5},{"damage":22,"enemies":"3 Cultists","floor":24,"turns":7},{"damage":16,"enemies":"Gremlin Leader","floor":25,"turns":7},{"damage":13,"enemies":"Snecko","floor":27,"turns":4},{"damage":19,"enemies":"Snake Plant","floor":30,"turns":3},{"damage":9,"enemies":"3 Cultists","floor":31,"turns":7},{"damage":81,"enemies":"Automaton","floor":33,"turns":10}],"seed_played":"2649706795020821582","potions_obtained":[{"floor":1,"key":"EssenceOfDarkness"},{"floor":7,"key":"SkillPotion"},{"floor":16,"key":"PotionOfCapacity"},{"floor":18,"key":"SneckoOil"},{"floor":24,"key":"GamblersBrew"},{"floor":25,"key":"AttackPotion"},{"floor":30,"key":"Weak Potion"}],"is_trial":false,"path_per_floor":["M","$","M","?","?","R","M","R","T","R","?","M","M","T","R","B",null,"M","?","M","M","?","R","M","E","T","M","$","?","M","M","R","B"],"character_chosen":"DEFECT","items_purchased":["Glacier","Chill","Force Field","Finesse","Go for the Eyes","Blizzard"],"campfire_rested":2,"item_purchase_floors":[2,2,28,28,28,28],"current_hp_per_floor":[75,75,71,71,71,71,71,71,71,71,71,65,72,72,72,59,75,75,75,75,71,71,75,63,57,57,54,69,69,60,61,75,0,0],"gold":86,"neow_bonus":"TRANSFORM_CARD","is_daily":false,"chose_seed":false,"campfire_upgraded":4,"win_rate":0.0,"timestamp":1608539529,"path_taken":["M","$","M","?","?","R","M","R","T","R","?","M","?","?","R","BOSS","M","?","M","?","?","R","?","E","T","M","$","?","?","M","R","BOSS"],"items_purchased_type":["Card","Card","Card","Card","Card","Card"],"build_version":"2020-12-13","purchased_purges":0,"victory":false,"max_hp_per_floor":[75,75,75,75,75,75,75,75,75,75,75,75,75,75,75,75,75,75,75,75,75,75,75,75,75,75,75,75,75,75,75,75,75,75],"card_choices":[{"not_picked":["Recycle","Go for the Eyes"],"picked":"Melter","floor":1},{"not_picked":["Steam","Gash"],"picked":"Leap","floor":3},{"not_picked":["Steam","Steam Power"],"picked":"Rebound","floor":7},{"not_picked":["Compile Driver","Redo"],"picked":"Self Repair","floor":12},{"not_picked":["Compile Driver","Barrage"],"picked":"Stack","floor":13},{"not_picked":["Fission","Biased Cognition"],"picked":"Machine Learning","floor":16},{"not_picked":["Ball Lightning+1","Rebound"],"picked":"Defragment+1","floor":18},{"not_picked":["Go for the Eyes","Stack"],"picked":"Conserve Battery+1","floor":20},{"not_picked":["Multi-Cast","Genetic Algorithm"],"picked":"Static Discharge+1","floor":21},{"not_picked":["Redo","Sweeping Beam"],"picked":"Double Energy","floor":23},{"not_picked":["Static Discharge+1","Storm"],"picked":"Ball Lightning","floor":24},{"not_picked":["Loop","Go for the Eyes"],"picked":"Barrage","floor":25},{"not_picked":["Cold Snap","Core Surge"],"picked":"Beam Cell","floor":27},{"not_picked":["Ball Lightning","Glacier"],"picked":"Coolheaded","floor":30},{"not_picked":["Scrape+1","Sweeping Beam"],"picked":"Doom and Gloom+1","floor":31},{"not_picked":["Ball Lightning","Coolheaded"],"picked":"Chaos","floor":32}],"player_experience":40339,"relics_obtained":[{"floor":9,"key":"War Paint"},{"floor":11,"key":"StoneCalendar"},{"floor":14,"key":"Bronze Scales"},{"floor":17,"key":"MealTicket"},{"floor":17,"key":"Sundial"},{"floor":17,"key":"Ice Cream"},{"floor":25,"key":"Regal Pillow"},{"floor":26,"key":"Centennial Puzzle"}],"event_choices":[{"damage_healed":0,"gold_gain":0,"player_choice":"Grow","damage_taken":0,"max_hp_gain":0,"max_hp_loss":0,"event_name":"Living Wall","floor":4,"gold_loss":0,"cards_upgraded":["Go for the Eyes"]},{"damage_healed":0,"gold_gain":62,"player_choice":"Gained Gold","damage_taken":0,"max_hp_gain":0,"max_hp_loss":0,"event_name":"Golden Wing","floor":5,"gold_loss":0},{"damage_healed":0,"gold_gain":0,"player_choice":"Relic","damage_taken":0,"max_hp_gain":0,"max_hp_loss":0,"event_name":"Wheel of Change","floor":11,"gold_loss":0},{"damage_healed":0,"gold_gain":0,"player_choice":"Gave Potion","damage_taken":0,"relics_obtained":["Dream Catcher"],"max_hp_gain":0,"max_hp_loss":0,"event_name":"WeMeetAgain","floor":19,"gold_loss":0},{"damage_healed":0,"gold_gain":0,"player_choice":"Forge","damage_taken":0,"max_hp_gain":0,"max_hp_loss":0,"event_name":"Accursed Blacksmith","floor":22,"gold_loss":0,"cards_upgraded":["Machine Learning"]},{"damage_healed":0,"gold_gain":0,"player_choice":"Ignored","damage_taken":0,"max_hp_gain":0,"max_hp_loss":0,"event_name":"NoteForYourself","floor":29,"gold_loss":0}],"is_beta":false,"boss_relics":[{"not_picked":["Runic Dome","Empty Cage"],"picked":"Calling Bell"}],"items_purged_floors":[],"is_endless":false,"potions_floor_spawned":[1,7,16,18,24,25,30],"killed_by":"Automaton","ascension_level":0}}