{"host":"12","time":1608532326,"event":{"mods":["Act Like it!","BaseMod","Colored Powertips","Minty Spire (QoL Compilation)","StSLib","【功能Mod】混沌之环修复补丁"],"gold_per_floor":[111,111,111,124,124,124,143,155,179,189,114,127,141,176,176,252,252,268,278,289,304,33,68,84,84,108,126,126,176,147,162,162,235,235,250,264,311,328,328,362,362,387,387,401,416,416,44,61,61,61,61],"floor_reached":50,"playtime":2836,"items_purged":["Strike_G","Strike_G","Writhe"],"score":1110,"play_id":"0a073687-39c7-4c09-af5d-7e89fce88fd4","local_time":"20201221143206","is_ascension_mode":true,"campfire_choices":[{"data":"Neutralize","floor":6.0,"key":"SMITH"},{"data":"Bouncing Flask","floor":15.0,"key":"SMITH"},{"floor":25.0,"key":"REST"},{"data":"Coolheaded","floor":28.0,"key":"SMITH"},{"data":"Well Laid Plans","floor":32.0,"key":"SMITH"},{"floor":49,"key":"RECALL"}],"circlet_count":0,"master_deck":["AscendersBane","Defend_G","Defend_G","Defend_G+1","Defend_G","Defend_G","Survivor","Neutralize+1","Bouncing Flask+1","Predator","After Image","Dodge and Roll+1","Catalyst+1","Concentrate+1","Well Laid Plans+1","Backflip","Panache","Coolheaded+1","Backflip","Finesse","Flash of Steel","Deep Breath","Sever Soul","Well Laid Plans+1"],"relics":["Philosopher\u0027s Stone","Centennial Puzzle","MealTicket","Eternal Feather","Astrolabe","PrismaticShard","Ginger","Potion Belt","Cursed Key","Lizard Tail","Akabeko","Nunchaku","ClockworkSouvenir"],"acts_visited":["Exordium","TheCity","TheBeyond"],"potions_floor_usage":[45,45],"damage_taken":[{"damage":2.0,"enemies":"Small Slimes","floor":1.0,"turns":5.0},{"damage":5.0,"enemies":"2 Louse","floor":4.0,"turns":3.0},{"damage":0.0,"enemies":"Jaw Worm","floor":7.0,"turns":6.0},{"damage":1.0,"enemies":"Blue Slaver","floor":8.0,"turns":4.0},{"damage":0.0,"enemies":"Looter","floor":10.0,"turns":3.0},{"damage":14.0,"enemies":"Exordium Wildlife","floor":12.0,"turns":6.0},{"damage":0.0,"enemies":"Lots of Slimes","floor":13.0,"turns":1.0},{"damage":12.0,"enemies":"Gremlin Nob","floor":14.0,"turns":4.0},{"damage":14.0,"enemies":"The Guardian","floor":16.0,"turns":9.0},{"damage":0.0,"enemies":"Chosen","floor":18.0,"turns":3.0},{"damage":13.0,"enemies":"2 Thieves","floor":19.0,"turns":4.0},{"damage":5.0,"enemies":"Snecko","floor":20.0,"turns":4.0},{"damage":2.0,"enemies":"Snake Plant","floor":21.0,"turns":5.0},{"damage":4.0,"enemies":"Book of Stabbing","floor":23.0,"turns":5.0},{"damage":37.0,"enemies":"3 Cultists","floor":24.0,"turns":8.0},{"damage":8.0,"enemies":"Chosen and Byrds","floor":27.0,"turns":7.0},{"damage":6.0,"enemies":"Centurion and Healer","floor":31.0,"turns":7.0},{"damage":39.0,"enemies":"Collector","floor":33.0,"turns":9.0},{"damage":0.0,"enemies":"Orb Walker","floor":35.0,"turns":3.0},{"damage":6.0,"enemies":"3 Darklings","floor":36.0,"turns":5.0},{"damage":29.0,"enemies":"2 Orb Walkers","floor":37.0,"turns":6.0},{"damage":8.0,"enemies":"Writhing Mass","floor":38.0,"turns":5.0},{"damage":34.0,"enemies":"Giant Head","floor":40.0,"turns":11.0},{"damage":0.0,"enemies":"Reptomancer","floor":42.0,"turns":6.0},{"damage":0.0,"enemies":"Transient","floor":44.0,"turns":6.0},{"damage":0,"enemies":"Sphere and 2 Shapes","floor":45,"turns":5},{"damage":5,"enemies":"3 Darklings","floor":48,"turns":5},{"damage":33,"enemies":"Donu and Deca","floor":50,"turns":5}],"seed_played":"4097701036233226355","potions_obtained":[{"floor":4.0,"key":"AttackPotion"},{"floor":10.0,"key":"Explosive Potion"},{"floor":13.0,"key":"SneckoOil"},{"floor":18.0,"key":"SkillPotion"},{"floor":19.0,"key":"AttackPotion"},{"floor":21.0,"key":"BlessingOfTheForge"},{"floor":24.0,"key":"DistilledChaos"},{"floor":27.0,"key":"GhostInAJar"},{"floor":35.0,"key":"Energy Potion"},{"floor":40.0,"key":"Energy Potion"},{"floor":41.0,"key":"PowerPotion"},{"floor":41.0,"key":"SpeedPotion"},{"floor":44.0,"key":"AttackPotion"}],"is_trial":false,"path_per_floor":["M","?","?","M","?","R","M","M","T","M","$","M","M","E","R","B",null,"M","M","M","M","$","E","M","R","T","M","R","?","$","M","R","B",null,"M","M","?","M","?","E","?","E","T","M","M","?","$","M","R","B"],"character_chosen":"THE_SILENT","items_purchased":["PrismaticShard","Backflip","Ancient Potion","ClockworkSouvenir"],"campfire_rested":1,"item_purchase_floors":[22,30,47,47],"current_hp_per_floor":[57,52,57,52,31,31,31,30,30,30,45,31,31,19,28,14,57,57,44,39,37,52,48,11,41,41,33,42,42,57,51,63,24,59,59,53,24,16,6,7,7,7,7,7,7,7,22,17,29,0,0],"gold":61,"neow_bonus":"BOSS_RELIC","is_daily":false,"chose_seed":false,"campfire_upgraded":4,"win_rate":0.0,"timestamp":1608532326,"path_taken":["M","?","?","M","?","R","M","M","T","M","$","M","?","E","R","BOSS","M","M","M","M","$","E","M","R","T","M","R","?","$","M","R","BOSS","M","M","?","M","?","E","?","E","T","?","?","?","$","M","R","BOSS"],"items_purchased_type":["Relic","Card","Potion","Relic"],"build_version":"2020-12-18","purchased_purges":3,"victory":false,"max_hp_per_floor":[66,66,71,71,71,71,71,71,71,71,71,71,71,71,71,71,71,71,71,71,71,71,71,71,71,71,71,71,71,71,71,71,71,71,71,71,71,71,71,71,71,71,71,71,71,71,71,71,71,71,71],"card_choices":[{"not_picked":["Flying Knee","Dodge and Roll","Deadly Poison"],"picked":"SKIP","floor":1.0},{"not_picked":["Predator","Cloak And Dagger","Sucker Punch"],"picked":"SKIP","floor":4.0},{"not_picked":["Prepared","Dodge and Roll"],"picked":"Bouncing Flask","floor":7.0},{"not_picked":["Terror","Dodge and Roll"],"picked":"A Thousand Cuts","floor":8.0},{"not_picked":["Dagger Throw","PiercingWail","Bane"],"picked":"SKIP","floor":10.0},{"not_picked":["Underhanded Strike","Finisher","Phantasmal Killer"],"picked":"SKIP","floor":12.0},{"not_picked":["Dagger Spray","Slice","Infinite Blades"],"picked":"SKIP","floor":13.0},{"not_picked":["Poisoned Stab","Blade Dance"],"picked":"Predator","floor":14.0},{"not_picked":["Doppelganger","Envenom"],"picked":"After Image","floor":16.0},{"not_picked":["Dodge and Roll","Slice","Bane"],"picked":"SKIP","floor":18.0},{"not_picked":["Backflip","Bane"],"picked":"Well Laid Plans","floor":19.0},{"not_picked":["PiercingWail","Slice"],"picked":"Backflip","floor":20.0},{"not_picked":["Sucker Punch","Storm of Steel","Heel Hook"],"picked":"SKIP","floor":21.0},{"not_picked":["Adaptation","CutThroughFate"],"picked":"Panache","floor":23.0},{"not_picked":["Cold Snap","FlurryOfBlows"],"picked":"Coolheaded","floor":24.0},{"not_picked":["Envenom","Barrage","Consecrate"],"picked":"SKIP","floor":27.0},{"not_picked":["Thunderclap","Crippling Poison","Leap"],"picked":"SKIP","floor":31.0},{"not_picked":["Shrug It Off","Dagger Throw","Sweeping Beam"],"picked":"SKIP","floor":35.0},{"not_picked":["Streamline","Undo","Clothesline"],"picked":"SKIP","floor":36.0},{"not_picked":["Crescendo","Sentinel","Twin Strike"],"picked":"SKIP","floor":38.0},{"not_picked":["Flash of Steel","Bandage Up"],"picked":"Finesse","floor":39.0},{"not_picked":["Mayhem","Deep Breath"],"picked":"Flash of Steel","floor":39.0},{"not_picked":["Dark Shackles","Sadistic Nature"],"picked":"Deep Breath","floor":39.0},{"not_picked":["Twin Strike+1","PathToVictory+1"],"picked":"Sever Soul","floor":40.0},{"not_picked":["ThirdEye+1","Perfected Strike","Ball Lightning"],"picked":"SKIP","floor":42.0},{"not_picked":["Redo","Anger","SignatureMove"],"picked":"SKIP","floor":44.0},{"not_picked":["Infernal Blade","Uppercut+1","InnerPeace"],"picked":"SKIP","floor":45},{"not_picked":["Compile Driver+1","Searing Blow"],"picked":"Well Laid Plans+1","floor":48}],"player_experience":541756,"relics_obtained":[{"floor":9.0,"key":"MealTicket"},{"floor":14.0,"key":"Eternal Feather"},{"floor":23.0,"key":"Ginger"},{"floor":26.0,"key":"Potion Belt"},{"floor":37.0,"key":"Lizard Tail"},{"floor":40.0,"key":"Akabeko"},{"floor":42.0,"key":"Nunchaku"}],"event_choices":[{"damage_healed":0.0,"max_hp_gain":0.0,"max_hp_loss":0.0,"gold_gain":0.0,"event_name":"Scrap Ooze","player_choice":"Success","floor":2.0,"gold_loss":0.0,"damage_taken":5.0,"relics_obtained":["Centennial Puzzle"]},{"damage_healed":0.0,"max_hp_gain":5.0,"max_hp_loss":0.0,"gold_gain":0.0,"event_name":"Big Fish","player_choice":"Donut","floor":3.0,"gold_loss":0.0,"damage_taken":0.0},{"damage_healed":0.0,"max_hp_gain":0.0,"max_hp_loss":0.0,"gold_gain":0.0,"event_name":"Shining Light","player_choice":"Entered Light","floor":5.0,"gold_loss":0.0,"damage_taken":21.0,"cards_upgraded":["Defend_G","Strike_G"]},{"damage_healed":0.0,"max_hp_gain":0.0,"max_hp_loss":0.0,"gold_gain":50.0,"event_name":"Nest","player_choice":"Stole From Cult","floor":29.0,"gold_loss":0.0,"damage_taken":0.0},{"damage_healed":0.0,"max_hp_gain":0.0,"max_hp_loss":0.0,"gold_gain":0.0,"event_name":"Mysterious Sphere","player_choice":"Fight","floor":37.0,"gold_loss":0.0,"damage_taken":0.0},{"damage_healed":0.0,"max_hp_gain":0.0,"max_hp_loss":0.0,"gold_gain":0.0,"event_name":"SensoryStone","player_choice":"Memory 3","floor":39.0,"gold_loss":0.0,"damage_taken":10.0},{"damage_healed":0.0,"max_hp_gain":0.0,"max_hp_loss":0.0,"gold_gain":0.0,"event_name":"Lab","player_choice":"Got Potions","floor":41.0,"gold_loss":0.0,"damage_taken":0.0},{"cards_removed":["Strike_G"],"damage_healed":0,"gold_gain":0,"player_choice":"Removed Attack","damage_taken":0,"max_hp_gain":0,"max_hp_loss":0,"event_name":"Falling","floor":46,"gold_loss":0}],"is_beta":true,"boss_relics":[{"not_picked":["Ectoplasm","SacredBark"],"picked":"Astrolabe"},{"not_picked":["Velvet Choker","Black Star"],"picked":"Cursed Key"}],"items_purged_floors":[11,22,47],"is_endless":false,"potions_floor_spawned":[4,10,13,18,19,21,24,27,35,40,44],"killed_by":"Donu and Deca","ascension_level":20}}