{"host":"5s9zppuqdvxzu0s1","time":1608594723,"event":{"mods":["BaseMod","Better Third Choice","Downfall","Friendly Minions","Minty Spire (QoL Compilation)","Permanent Neow","Spicy Shops","StSLib"],"gold_per_floor":[99,199,210,210,34,50,50,50,70,98,98,133,133,143,157,157,157,157],"floor_reached":16,"playtime":738,"items_purged":[],"score":110,"play_id":"ae1e0788-aa36-4b50-8f40-524758a0e312","local_time":"20201221175203","is_ascension_mode":false,"campfire_choices":[{"floor":1,"key":"RECALL"},{"data":"Guardian:PrimingBeam","floor":8,"key":"SMITH"},{"floor":11,"key":"REST"},{"floor":13,"key":"REST"}],"circlet_count":0,"master_deck":["Guardian:Strike_Guardian","Guardian:Strike_Guardian","Guardian:Strike_Guardian","Guardian:Strike_Guardian","Guardian:Defend_Guardian","Guardian:Defend_Guardian","Guardian:Defend_Guardian","Guardian:Defend_Guardian","Guardian:CurlUp","Guardian:TwinSlam","Guardian:BronzeArmor","Guardian:PrimingBeam+1","Guardian:GuardianWhirl","Guardian:CrystalBeam","Guardian:PiercingHide","Guardian:PolyBeam","Guardian:TimeCapacitor","Guardian:TemporalShield","Guardian:Gem_Lightblue","Guardian:RollAttack","Guardian:Incinerate"],"relics":["Sozu","Bird Faced Urn","Shuriken","Dream Catcher","Bronze Scales"],"acts_visited":["Exordium"],"potions_floor_usage":[],"damage_taken":[{"damage":0,"enemies":"Cultist","floor":3,"turns":4},{"damage":0,"enemies":"downfall:FleeingMerchant","floor":5,"turns":4},{"damage":4,"enemies":"Jaw Worm","floor":6,"turns":4},{"damage":0,"enemies":"Small Slimes","floor":9,"turns":2},{"damage":33,"enemies":"Gremlin Nob","floor":10,"turns":5},{"damage":23,"enemies":"3 Sentries","floor":12,"turns":7},{"damage":2,"enemies":"3 Louse","floor":14,"turns":4},{"damage":24,"enemies":"Large Slime","floor":15,"turns":5},{"damage":49,"enemies":"downfall:Ironclad","floor":16,"turns":7}],"seed_played":"-5769558073547256294","potions_obtained":[],"is_trial":false,"path_per_floor":["R","?","M","?","$","M","T","R","M","E","R","E","R","M","M","B"],"character_chosen":"GUARDIAN","items_purchased":["Guardian:GuardianWhirl","Bird Faced Urn"],"campfire_rested":2,"item_purchase_floors":[5,5],"current_hp_per_floor":[80,80,80,80,80,76,76,76,76,43,67,46,70,68,46,0,0,0],"gold":157,"neow_bonus":"BOSS_RELIC","is_daily":false,"chose_seed":false,"campfire_upgraded":1,"win_rate":0.0,"timestamp":1608594723,"path_taken":["R","?","M","?","?","M","T","R","M","E","R","E","R","M","M","BOSS"],"items_purchased_type":["Card","Relic"],"build_version":"2020-12-13","purchased_purges":0,"victory":false,"max_hp_per_floor":[80,80,80,80,80,80,80,80,80,80,80,80,80,80,80,80,80,80],"card_choices":[{"not_picked":["Guardian:Reroute","Guardian:Gem_Cyan"],"picked":"Guardian:BronzeArmor","floor":3},{"not_picked":["Guardian:ShieldCharger","Guardian:TemporalShield"],"picked":"Guardian:PrimingBeam","floor":5},{"not_picked":["Guardian:Gem_Cyan","Guardian:TimeBomb"],"picked":"Guardian:CrystalBeam","floor":6},{"not_picked":["Guardian:ShieldCharger","Guardian:MultiBeam"],"picked":"Guardian:PiercingHide","floor":9},{"not_picked":["Guardian:MultiBeam","Guardian:DecasProtection"],"picked":"Guardian:PolyBeam","floor":10},{"not_picked":["Guardian:Emergency","Guardian:Reroute"],"picked":"Guardian:TimeCapacitor","floor":11},{"not_picked":["Guardian:EvasiveProtocol","Guardian:TemporalStrike"],"picked":"Guardian:TemporalShield","floor":12},{"not_picked":["Guardian:ShieldCharger","Guardian:Gem_Synthetic"],"picked":"Guardian:Gem_Lightblue","floor":13},{"not_picked":["Guardian:PrismaticBarrier","Guardian:Reroute"],"picked":"Guardian:RollAttack","floor":14},{"not_picked":["Guardian:Suspension","Guardian:CrystalBeam"],"picked":"Guardian:Incinerate","floor":15}],"player_experience":24938,"relics_obtained":[{"floor":7,"key":"Shuriken"},{"floor":10,"key":"Dream Catcher"},{"floor":12,"key":"Bronze Scales"}],"event_choices":[],"is_beta":false,"boss_relics":[],"items_purged_floors":[],"is_endless":false,"potions_floor_spawned":[3,6,10,15],"killed_by":"downfall:Ironclad","ascension_level":0}}