{"host":"sav7uxregyirlf69","time":1608554613,"event":{"mods":["AchievementEnabler","BaseMod","Colored Map","DeckTracker","Keyboard Shortcuts","Minty Spire (QoL Compilation)","READ ME - Guardian Mod","StSLib","SuperFastMode"],"gold_per_floor":[114,125,125,20,20,35,46,46,122,122,141,141,157,175,175,277,277,293,293,310,259,273,273,286,286,338,50,63,90,109,184,184,184,184],"floor_reached":33,"playtime":425,"items_purged":[],"score":291,"play_id":"2ee4357f-9c40-4982-bcf2-651a68774815","local_time":"20201221214333","is_ascension_mode":false,"campfire_choices":[{"data":"Perfected Strike","floor":10,"key":"SMITH"},{"data":"Perfected Strike","floor":12,"key":"SMITH"},{"data":"Wild Strike","floor":15,"key":"SMITH"},{"data":"Perfected Strike","floor":23,"key":"SMITH"},{"data":"Pommel Strike","floor":25,"key":"SMITH"},{"floor":32,"key":"REST"}],"circlet_count":0,"master_deck":["Strike_R","Strike_R","Strike_R","Strike_R","Strike_R+1","Defend_R","Defend_R","Defend_R","Bash+1","Perfected Strike+1","Perfected Strike+1","Shrug It Off","Wild Strike+1","Headbutt","Fire Breathing","Pommel Strike+1","Perfected Strike+1","Power Through","Twin Strike","Violence","Evolve"],"relics":["Burning Blood"],"acts_visited":["Exordium","TheCity"],"potions_floor_usage":[22,33,33],"damage_taken":[{"damage":11,"enemies":"2 Louse","floor":1,"turns":3},{"damage":6,"enemies":"Small Slimes","floor":2,"turns":3},{"damage":6,"enemies":"Jaw Worm","floor":6,"turns":2},{"damage":7,"enemies":"3 Louse","floor":7,"turns":4},{"damage":11,"enemies":"Exordium Thugs","floor":11,"turns":4},{"damage":7,"enemies":"Exordium Wildlife","floor":13,"turns":3},{"damage":0,"enemies":"Looter","floor":14,"turns":2},{"damage":0,"enemies":"Slime Boss","floor":16,"turns":8},{"damage":26,"enemies":"3 Byrds","floor":18,"turns":6},{"damage":10,"enemies":"Chosen","floor":20,"turns":3},{"damage":18,"enemies":"Shelled Parasite and Fungi","floor":22,"turns":2},{"damage":0,"enemies":"Snecko","floor":24,"turns":2},{"damage":20,"enemies":"Centurion and Healer","floor":28,"turns":3},{"damage":18,"enemies":"Cultist and Chosen","floor":30,"turns":5},{"damage":59,"enemies":"Collector","floor":33,"turns":7}],"seed_played":"8777704003095193595","potions_obtained":[{"floor":2,"key":"Strength Potion"},{"floor":6,"key":"ElixirPotion"},{"floor":14,"key":"Energy Potion"},{"floor":20,"key":"SteroidPotion"},{"floor":22,"key":"Block Potion"}],"is_trial":false,"path_per_floor":["M","M","?","$","?","M","M","?","T","R","M","R","M","M","R","B",null,"M","?","M","$","M","R","M","R","T","$","M","T","M","?","R","B"],"character_chosen":"IRONCLAD","items_purchased":["Perfected Strike","Shrug It Off","Perfected Strike","Power Through","Twin Strike","Violence"],"campfire_rested":1,"item_purchase_floors":[4,4,21,27,27,27],"current_hp_per_floor":[83,83,83,83,65,65,64,64,64,64,59,59,58,64,64,70,88,68,68,64,64,52,52,58,58,58,58,44,44,32,24,50,0,0],"gold":184,"neow_bonus":"TEN_PERCENT_HP_BONUS","is_daily":false,"chose_seed":false,"campfire_upgraded":5,"win_rate":0.0,"timestamp":1608554613,"path_taken":["M","M","?","$","?","M","M","?","T","R","M","R","M","M","R","BOSS","M","?","M","?","M","R","M","R","T","$","M","?","M","?","R","BOSS"],"items_purchased_type":["Card","Card","Card","Card","Card","Card"],"build_version":"2020-12-13","purchased_purges":0,"victory":false,"max_hp_per_floor":[88,88,88,88,88,88,88,88,88,88,88,88,88,88,88,88,88,88,88,88,88,88,88,88,88,88,88,88,88,88,88,88,88,88],"card_choices":[{"not_picked":["Anger","Heavy Blade"],"picked":"Perfected Strike","floor":1},{"not_picked":["Burning Pact","Clash","Armaments"],"picked":"SKIP","floor":2},{"not_picked":["Dropkick","Sword Boomerang","Clash"],"picked":"SKIP","floor":6},{"not_picked":["Shockwave","Juggernaut","Body Slam"],"picked":"SKIP","floor":7},{"not_picked":["Combust","Cleave","Warcry"],"picked":"SKIP","floor":11},{"not_picked":["Inflame","Twin Strike"],"picked":"Wild Strike","floor":13},{"not_picked":["Havoc","Berserk"],"picked":"Headbutt","floor":14},{"not_picked":["Feel No Pain","Heavy Blade"],"picked":"Fire Breathing","floor":18},{"not_picked":["Fire Breathing","Headbutt+1"],"picked":"Pommel Strike","floor":20},{"not_picked":["Rupture+1","Clash","Hemokinesis+1"],"picked":"SKIP","floor":22},{"not_picked":["Flex","Dark Embrace+1","Thunderclap"],"picked":"SKIP","floor":24},{"not_picked":["Flex","Sword Boomerang"],"picked":"Evolve","floor":28},{"not_picked":["Clash","Warcry","Dark Embrace+1"],"picked":"SKIP","floor":30}],"player_experience":983278,"relics_obtained":[],"event_choices":[{"damage_healed":0,"gold_gain":0,"player_choice":"Ignored","damage_taken":0,"max_hp_gain":0,"max_hp_loss":0,"event_name":"Liars Game","floor":3,"gold_loss":0},{"damage_healed":0,"gold_gain":0,"player_choice":"Entered Light","damage_taken":18,"max_hp_gain":0,"max_hp_loss":0,"event_name":"Shining Light","floor":5,"gold_loss":0,"cards_upgraded":["Bash","Strike_R"]},{"damage_healed":0,"gold_gain":0,"player_choice":"Leave","damage_taken":0,"max_hp_gain":0,"max_hp_loss":0,"event_name":"The Cleric","floor":8,"gold_loss":0},{"cards_removed":["Defend_R"],"damage_healed":0,"gold_gain":0,"player_choice":"Purged","damage_taken":0,"max_hp_gain":0,"max_hp_loss":0,"event_name":"Purifier","floor":19,"gold_loss":0},{"damage_healed":0,"gold_gain":75,"player_choice":"Touch","damage_taken":8,"max_hp_gain":0,"max_hp_loss":0,"event_name":"FaceTrader","floor":31,"gold_loss":0}],"is_beta":false,"boss_relics":[{"not_picked":["Runic Cube","SacredBark","Philosopher\u0027s Stone"]}],"items_purged_floors":[],"is_endless":false,"potions_floor_spawned":[2,6,14,16,20,22,28],"killed_by":"Collector","ascension_level":0}}