{"host":"utqe55yv0jihe4d6","time":1608512747,"event":{"mods":["2.2 Compatiblity","AchievementEnabler","BaseMod","Block Reminder","Colored Map","Colored Powertips","Minty Spire (QoL Compilation)","Quick Restart","Rare Cards Sparkle","Relic Stats","SuperFastMode"],"gold_per_floor":[109,109,184,197,207,207,235,264,310,310,342,353,353,369,369,446,446,464,464,106,106,126,126,139,174,174,204,217,229,246,273,273,350,350,362,25,37,37,37,65,65,94,94,114,114,134,134,153,153,153,153],"floor_reached":50,"playtime":3452,"items_purged":["Strike_R"],"score":1194,"play_id":"84c01c65-5567-4e80-ae54-15fd5fecaf24","local_time":"20201220200547","is_ascension_mode":true,"campfire_choices":[{"data":"Perfected Strike","floor":6.0,"key":"SMITH"},{"floor":10.0,"key":"REST"},{"floor":15.0,"key":"REST"},{"floor":23.0,"key":"REST"},{"floor":32,"key":"REST"},{"floor":41,"key":"REST"},{"floor":45,"key":"REST"},{"floor":47,"key":"RECALL"},{"floor":49,"key":"REST"}],"circlet_count":0,"master_deck":["AscendersBane","Strike_R","Strike_R","Strike_R","Strike_R","Defend_R","Defend_R","Defend_R+1","Defend_R+1","Bash","Inflame","Twin Strike","Perfected Strike+1","Entrench","Double Tap","Uppercut","Corruption","Feel No Pain","Burning Pact+1","Juggernaut","Barricade","Clothesline","Feel No Pain","Shame","Dual Wield","Armaments+1"],"relics":["Snecko Eye","Akabeko","Odd Mushroom","War Paint","Orichalcum","Fusion Hammer","Singing Bowl","Happy Flower","Blood Vial","Thread and Needle","Question Card","Lantern","Cursed Key","Incense Burner","InkBottle","Smiling Mask"],"acts_visited":["Exordium","TheCity","TheBeyond"],"potions_floor_usage":[28,31,33,33,37,40,46,50],"damage_taken":[{"damage":5.0,"enemies":"Small Slimes","floor":1.0,"turns":5.0},{"damage":9.0,"enemies":"Jaw Worm","floor":4.0,"turns":5.0},{"damage":1.0,"enemies":"Cultist","floor":5.0,"turns":3.0},{"damage":25.0,"enemies":"Lagavulin","floor":7.0,"turns":5.0},{"damage":16.0,"enemies":"The Mushroom Lair","floor":8.0,"turns":4.0},{"damage":7.0,"enemies":"3 Sentries","floor":11.0,"turns":5.0},{"damage":0.0,"enemies":"Lots of Slimes","floor":12.0,"turns":4.0},{"damage":0.0,"enemies":"Exordium Wildlife","floor":14.0,"turns":2.0},{"damage":20.0,"enemies":"The Guardian","floor":16.0,"turns":9.0},{"damage":0.0,"enemies":"3 Byrds","floor":18.0,"turns":5.0},{"damage":0.0,"enemies":"Spheric Guardian","floor":22.0,"turns":4.0},{"damage":1.0,"enemies":"Centurion and Healer","floor":24.0,"turns":4.0},{"damage":18.0,"enemies":"Slavers","floor":25.0,"turns":6.0},{"damage":10.0,"enemies":"Book of Stabbing","floor":27.0,"turns":4.0},{"damage":2,"enemies":"3 Cultists","floor":28,"turns":4},{"damage":12,"enemies":"Snecko","floor":29,"turns":4},{"damage":0,"enemies":"Cultist and Chosen","floor":30,"turns":5},{"damage":10,"enemies":"Slavers","floor":31,"turns":3},{"damage":22,"enemies":"Collector","floor":33,"turns":7},{"damage":7,"enemies":"3 Shapes","floor":35,"turns":4},{"damage":24,"enemies":"3 Darklings","floor":37,"turns":6},{"damage":24,"enemies":"Nemesis","floor":40,"turns":9},{"damage":0,"enemies":"Giant Head","floor":42,"turns":5},{"damage":0,"enemies":"Transient","floor":44,"turns":6},{"damage":20,"enemies":"Sphere and 2 Shapes","floor":46,"turns":4},{"damage":22,"enemies":"Spire Growth","floor":48,"turns":5},{"damage":82,"enemies":"Awakened One","floor":50,"turns":11}],"seed_played":"3305936268013847497","potions_obtained":[{"floor":5.0,"key":"ElixirPotion"},{"floor":7.0,"key":"SpeedPotion"},{"floor":11.0,"key":"BlessingOfTheForge"},{"floor":19.0,"key":"BlessingOfTheForge"},{"floor":24.0,"key":"Explosive Potion"},{"floor":28,"key":"Strength Potion"},{"floor":29,"key":"GamblersBrew"},{"floor":30,"key":"Swift Potion"},{"floor":31,"key":"EntropicBrew"},{"floor":37,"key":"ColorlessPotion"},{"floor":40,"key":"Explosive Potion"},{"floor":48,"key":"PowerPotion"}],"is_trial":false,"path_per_floor":["M","?","?","M","M","R","E","?","T","R","E","M","?","M","R","B",null,"M","?","$","T","M","R","M","E","T","E","M","M","M","E","R","B",null,"M","$","M","?","?","E","R","E","T","M","R","M","R","M","R","B"],"character_chosen":"IRONCLAD","items_purchased":["Singing Bowl","Incense Burner"],"campfire_rested":7,"item_purchase_floors":[20,36],"current_hp_per_floor":[63,63,52,43,42,42,17,1,1,23,16,16,5,5,27,7,58,58,58,58,58,60,77,76,60,60,54,56,48,52,44,70,50,78,73,73,53,53,53,33,59,63,63,65,89,71,71,51,78,0,0],"gold":153,"neow_bonus":"BOSS_RELIC","is_daily":false,"chose_seed":false,"campfire_upgraded":1,"win_rate":0.0,"timestamp":1608512747,"path_taken":["M","?","?","M","M","R","E","?","T","R","E","M","?","M","R","BOSS","M","?","$","?","M","R","M","E","T","E","M","?","M","E","R","BOSS","M","$","M","?","?","E","R","E","T","M","R","M","R","M","R","BOSS"],"items_purchased_type":["Relic","Relic"],"build_version":"2020-12-13","purchased_purges":1,"victory":false,"max_hp_per_floor":[75,75,75,75,75,75,75,75,75,75,75,75,75,75,75,75,75,75,75,75,75,77,77,77,79,79,81,83,85,87,87,87,87,87,87,87,89,85,85,87,87,89,89,89,89,91,91,91,91,91,91],"relic_stats":{"Blood Vial":26,"Singing Bowl":20,"Happy Flower":[30],"counters":[27,138],"Snecko Eye":[261,238,213,249],"War Paint":["Defend_R","Defend_R"],"Orichalcum":[144],"Question Card":12,"Cursed Key":1,"Smiling Mask":0,"obtain_stats":[{"Lantern":31,"Singing Bowl":20,"Happy Flower":21,"Thread and Needle":26,"Incense Burner":36,"Odd Mushroom":8,"War Paint":9,"Orichalcum":11,"Question Card":27,"Cursed Key":34,"Smiling Mask":42,"Burning Blood":0,"Akabeko":7,"Blood Vial":25,"Snecko Eye":0,"Fusion Hammer":17,"InkBottle":40},{"Lantern":18,"Singing Bowl":10,"Happy Flower":10,"Thread and Needle":13,"Incense Burner":20,"Odd Mushroom":5,"War Paint":5,"Orichalcum":6,"Question Card":14,"Cursed Key":19,"Smiling Mask":23,"Burning Blood":0,"Akabeko":4,"Blood Vial":13,"Snecko Eye":0,"Fusion Hammer":9,"InkBottle":22},{"Lantern":81,"Singing Bowl":47,"Happy Flower":47,"Thread and Needle":61,"Incense Burner":92,"Odd Mushroom":22,"War Paint":22,"Orichalcum":27,"Question Card":65,"Cursed Key":88,"Smiling Mask":112,"Burning Blood":0,"Akabeko":18,"Blood Vial":61,"Snecko Eye":0,"Fusion Hammer":42,"InkBottle":107}],"InkBottle":[18]},"card_choices":[{"not_picked":["Anger","Armaments"],"picked":"Inflame","floor":1.0},{"not_picked":["Pommel Strike","Havoc"],"picked":"Twin Strike","floor":4.0},{"not_picked":["Flex","Wild Strike"],"picked":"Perfected Strike","floor":5.0},{"not_picked":["Warcry","Reckless Charge"],"picked":"Entrench","floor":7.0},{"not_picked":["Headbutt","Bloodletting","Sentinel"],"picked":"SKIP","floor":11.0},{"not_picked":["Clothesline","Body Slam"],"picked":"Double Tap","floor":12.0},{"not_picked":["Perfected Strike","Iron Wave"],"picked":"Uppercut","floor":14.0},{"not_picked":["Berserk","Limit Break"],"picked":"Corruption","floor":16.0},{"not_picked":["Clash","Intimidate"],"picked":"Feel No Pain","floor":18.0},{"not_picked":["Thunderclap","Warcry","Flex"],"picked":"Singing Bowl","floor":22.0},{"not_picked":["Thunderclap","Body Slam"],"picked":"Burning Pact+1","floor":24.0},{"not_picked":["Warcry","Intimidate","Body Slam"],"picked":"Singing Bowl","floor":25.0},{"not_picked":["Sword Boomerang","Reckless Charge+1","Iron Wave"],"picked":"Singing Bowl","floor":27.0},{"not_picked":["Anger","Burning Pact","Ghostly Armor","Uppercut"],"picked":"Singing Bowl","floor":28},{"not_picked":["Thunderclap","Armaments","Rampage","Iron Wave"],"picked":"Singing Bowl","floor":29},{"not_picked":["Thunderclap","Sentinel","Rampage","Heavy Blade"],"picked":"Singing Bowl","floor":30},{"not_picked":["Iron Wave+1","Heavy Blade","Wild Strike"],"picked":"Juggernaut","floor":31},{"not_picked":["Fiend Fire","Juggernaut","Bludgeon"],"picked":"Barricade","floor":33},{"not_picked":["Sword Boomerang","Disarm","Clash"],"picked":"Clothesline","floor":35},{"not_picked":["Clothesline","Sword Boomerang","Iron Wave+1","Havoc"],"picked":"Singing Bowl","floor":37},{"not_picked":["Havoc+1","Armaments","Anger","Searing Blow"],"picked":"Singing Bowl","floor":40},{"not_picked":["Reckless Charge","Searing Blow","Seeing Red","Carnage"],"picked":"Singing Bowl","floor":42},{"not_picked":["Wild Strike","Perfected Strike","Iron Wave"],"picked":"Dual Wield","floor":44},{"not_picked":["Havoc","Anger","Thunderclap+1","Ghostly Armor"],"picked":"Singing Bowl","floor":46},{"not_picked":["Shrug It Off","Rage","Thunderclap"],"picked":"Armaments+1","floor":48}],"player_experience":2816397,"relics_obtained":[{"floor":7.0,"key":"Akabeko"},{"floor":8.0,"key":"Odd Mushroom"},{"floor":9.0,"key":"War Paint"},{"floor":11.0,"key":"Orichalcum"},{"floor":21.0,"key":"Happy Flower"},{"floor":25.0,"key":"Blood Vial"},{"floor":26.0,"key":"Thread and Needle"},{"floor":27.0,"key":"Question Card"},{"floor":31,"key":"Lantern"},{"floor":40,"key":"InkBottle"},{"floor":42,"key":"Smiling Mask"}],"event_choices":[{"damage_healed":0.0,"max_hp_gain":0.0,"max_hp_loss":0.0,"gold_gain":0.0,"event_name":"Liars Game","player_choice":"Ignored","floor":2.0,"gold_loss":0.0,"damage_taken":0.0},{"damage_healed":0.0,"max_hp_gain":0.0,"max_hp_loss":0.0,"gold_gain":75.0,"event_name":"World of Goop","player_choice":"Gather Gold","floor":3.0,"gold_loss":0.0,"damage_taken":11.0},{"damage_healed":0.0,"max_hp_gain":0.0,"max_hp_loss":0.0,"gold_gain":0.0,"event_name":"Mushrooms","player_choice":"Fought Mushrooms","floor":8.0,"gold_loss":0.0,"damage_taken":0.0},{"damage_healed":0.0,"max_hp_gain":0.0,"max_hp_loss":0.0,"gold_gain":0.0,"event_name":"Scrap Ooze","player_choice":"Fled","floor":13.0,"gold_loss":0.0,"damage_taken":11.0},{"damage_healed":0.0,"max_hp_gain":0.0,"max_hp_loss":0.0,"gold_gain":0.0,"event_name":"Lab","player_choice":"Got Potions","floor":19.0,"gold_loss":0.0,"damage_taken":0.0},{"damage_healed":0,"gold_gain":0,"player_choice":"Max HP","damage_taken":0,"max_hp_gain":0,"max_hp_loss":4,"event_name":"Winding Halls","floor":38,"gold_loss":0},{"damage_healed":0,"gold_gain":0,"player_choice":"Copied","damage_taken":0,"max_hp_gain":0,"max_hp_loss":0,"event_name":"Duplicator","floor":39,"gold_loss":0,"cards_obtained":["Feel No Pain"]}],"is_beta":false,"boss_relics":[{"not_picked":["Pandora\u0027s Box","Astrolabe"],"picked":"Fusion Hammer"},{"not_picked":["SlaversCollar","Busted Crown"],"picked":"Cursed Key"}],"items_purged_floors":[20],"is_endless":false,"potions_floor_spawned":[5,7,11,24,28,29,30,31,37,40,48],"killed_by":"Awakened One","ascension_level":20}}