{"host":"mqhvlr3kpxebko0t","time":1608509543,"event":{"mods":["AchievementEnabler","BaseMod","Colored Map","Colored Powertips","Keyboard Shortcuts","Minty Spire (QoL Compilation)","StSLib","SuperFastMode"],"gold_per_floor":[111,111,111,36,36,61,61,76,103,123,148,166,30,50,50,126,126,136,136,136,10,60,86,36,36,62,76,1,1,1,1,1,73,73,83,83,101,126,126,126,141,91,142,193,193,193,193,206,206,206],"floor_reached":51,"playtime":924,"items_purged":["Strike_P","Defend_P","Strike_P","Defend_P","Consecrate+1"],"score":1722,"play_id":"05da73ff-c399-4a1f-abed-0deaf686a256","local_time":"20201221091223","is_ascension_mode":true,"campfire_choices":[{"data":"Eruption","floor":7.0,"key":"SMITH"},{"data":"Tantrum","floor":15.0,"key":"SMITH"},{"floor":30.0,"key":"REST"},{"floor":32.0,"key":"REST"},{"floor":40.0,"key":"REST"},{"floor":49,"key":"REST"}],"circlet_count":0,"master_deck":["AscendersBane","Eruption+1","Vigilance+1","EmptyFist+1","Tantrum+1","Vault","InnerPeace+1","Adaptation","DeusExMachina+1","Vault"],"relics":["PureWater","NeowsBlessing","Juzu Bracelet","Regal Pillow","Smiling Mask","Fusion Hammer","FossilizedHelix","Pen Nib","Whetstone","Empty Cage","Anchor","Pocketwatch"],"acts_visited":["Exordium","TheCity","TheBeyond"],"potions_floor_usage":[],"damage_taken":[{"damage":0.0,"enemies":"Jaw Worm","floor":1.0,"turns":1.0},{"damage":0.0,"enemies":"3 Sentries","floor":6.0,"turns":1.0},{"damage":0.0,"enemies":"Cultist","floor":8.0,"turns":1.0},{"damage":4.0,"enemies":"Small Slimes","floor":10.0,"turns":3.0},{"damage":27.0,"enemies":"Lagavulin","floor":11.0,"turns":6.0},{"damage":19.0,"enemies":"Blue Slaver","floor":12.0,"turns":4.0},{"damage":10.0,"enemies":"Red Slaver","floor":14.0,"turns":3.0},{"damage":0.0,"enemies":"Slime Boss","floor":16.0,"turns":6.0},{"damage":0.0,"enemies":"Chosen","floor":18.0,"turns":3.0},{"damage":54.0,"enemies":"Book of Stabbing","floor":23.0,"turns":5.0},{"damage":0.0,"enemies":"2 Thieves","floor":27.0,"turns":2.0},{"damage":0.0,"enemies":"Collector","floor":33.0,"turns":5.0},{"damage":2.0,"enemies":"Orb Walker","floor":35.0,"turns":3.0},{"damage":0.0,"enemies":"3 Darklings","floor":37.0,"turns":3.0},{"damage":0.0,"enemies":"Mind Bloom Boss Battle","floor":38.0,"turns":6.0},{"damage":0.0,"enemies":"Spire Growth","floor":41.0,"turns":3.0},{"damage":0.0,"enemies":"2 Orb Walkers","floor":44.0,"turns":2.0},{"damage":0,"enemies":"Jaw Worm Horde","floor":48,"turns":3},{"damage":0,"enemies":"Awakened One","floor":50,"turns":3}],"seed_played":"2462813384645615158","potions_obtained":[{"floor":6.0,"key":"Weak Potion"},{"floor":8.0,"key":"LiquidMemories"},{"floor":14.0,"key":"Strength Potion"},{"floor":27.0,"key":"Fire Potion"},{"floor":48,"key":"LiquidMemories"}],"is_trial":false,"path_per_floor":["M","?","$","$","?","E","R","M","T","M","E","M","$","M","R","B",null,"M","?","?","$","?","E","$","?","T","M","?","?","R","?","R","B",null,"M","?","M","?","?","R","M","$","T","?","?","?","?","M","R","B",null],"character_chosen":"WATCHER","items_purchased":["Tantrum","Adaptation"],"campfire_rested":4,"item_purchase_floors":[13,21],"current_hp_per_floor":[61,61,61,61,66,66,66,66,66,62,35,16,16,6,6,6,56,56,56,56,56,56,2,2,2,2,2,2,2,38,38,73,73,73,71,71,71,71,69,69,69,69,69,69,69,59,59,59,69,69],"gold":206,"neow_bonus":"THREE_ENEMY_KILL","is_daily":false,"chose_seed":false,"campfire_upgraded":2,"win_rate":0.0,"timestamp":1608509543,"path_taken":["M","?","?","$","?","E","R","M","T","M","E","M","$","M","R","BOSS","M","?","?","$","?","E","$","?","T","M","?","?","R","?","R","BOSS","M","?","M","?","?","R","M","$","T","?","?","?","?","M","R","BOSS"],"items_purchased_type":["Card","Card"],"build_version":"2020-12-13","purchased_purges":5,"victory":true,"max_hp_per_floor":[68,68,68,68,73,73,73,73,73,73,73,73,73,73,73,73,73,73,73,73,73,73,73,73,73,73,73,73,73,73,73,73,73,73,73,73,73,73,69,69,69,69,69,69,69,69,69,69,69,69],"card_choices":[{"not_picked":["ThirdEye","Pray"],"picked":"EmptyFist","floor":1.0},{"not_picked":["Crescendo","EmptyBody","FlyingSleeves"],"picked":"SKIP","floor":6.0},{"not_picked":["Evaluate","Nirvana"],"picked":"SashWhip","floor":8.0},{"not_picked":["Pray","ThirdEye","SpiritShield"],"picked":"SKIP","floor":10.0},{"not_picked":["ThirdEye","EmptyFist"],"picked":"LessonLearned","floor":11.0},{"not_picked":["Prostrate","Fasting2","Study"],"picked":"SKIP","floor":12.0},{"not_picked":["FlurryOfBlows","ReachHeaven","LikeWater"],"picked":"SKIP","floor":14.0},{"not_picked":["Brilliance","Omniscience"],"picked":"Vault","floor":16.0},{"not_picked":["Perseverance","EmptyBody","Wallop"],"picked":"SKIP","floor":18.0},{"not_picked":["Study","FollowUp","Indignation"],"picked":"SKIP","floor":23.0},{"not_picked":["TalkToTheHand","Swivel","DeceiveReality"],"picked":"SKIP","floor":27.0},{"not_picked":["Wish","SpiritShield"],"picked":"DeusExMachina","floor":33.0},{"not_picked":["EmptyFist","EmptyBody","Perseverance"],"picked":"SKIP","floor":35.0},{"not_picked":["TalkToTheHand+1","LikeWater+1","PathToVictory+1"],"picked":"SKIP","floor":37.0},{"not_picked":["Weave","ForeignInfluence","PathToVictory"],"picked":"SKIP","floor":41.0},{"not_picked":["EmptyFist","Study","BowlingBash"],"picked":"SKIP","floor":48}],"player_experience":663456,"relics_obtained":[{"floor":6.0,"key":"Juzu Bracelet"},{"floor":9.0,"key":"Regal Pillow"},{"floor":11.0,"key":"Smiling Mask"},{"floor":23.0,"key":"Pen Nib"},{"floor":26.0,"key":"Whetstone"},{"floor":43.0,"key":"Anchor"},{"floor":44.0,"key":"Pocketwatch"}],"event_choices":[{"damage_healed":0.0,"max_hp_gain":0.0,"max_hp_loss":0.0,"gold_gain":0.0,"cards_transformed":["Strike_P"],"event_name":"Transmorgrifier","player_choice":"Transformed","floor":2.0,"gold_loss":0.0,"damage_taken":0.0,"cards_obtained":["Consecrate"]},{"damage_healed":0.0,"max_hp_gain":5.0,"max_hp_loss":0.0,"gold_gain":0.0,"event_name":"Big Fish","player_choice":"Donut","floor":5.0,"gold_loss":0.0,"damage_taken":0.0},{"cards_removed":["SashWhip"],"damage_healed":0.0,"max_hp_gain":0.0,"max_hp_loss":0.0,"gold_gain":0.0,"event_name":"WeMeetAgain","player_choice":"Gave Card","floor":19.0,"gold_loss":0.0,"damage_taken":0.0,"relics_obtained":["FossilizedHelix"]},{"damage_healed":0.0,"max_hp_gain":0.0,"max_hp_loss":0.0,"gold_gain":0.0,"event_name":"The Library","player_choice":"Read","floor":20.0,"gold_loss":0.0,"damage_taken":0.0,"cards_obtained":["InnerPeace"]},{"damage_healed":0.0,"max_hp_gain":0.0,"max_hp_loss":0.0,"gold_gain":50.0,"event_name":"Nest","player_choice":"Stole From Cult","floor":22.0,"gold_loss":0.0,"damage_taken":0.0},{"damage_healed":0.0,"max_hp_gain":0.0,"max_hp_loss":0.0,"gold_gain":0.0,"event_name":"Cursed Tome","player_choice":"Ignored","floor":25.0,"gold_loss":0.0,"damage_taken":0.0},{"cards_removed":["Strike_P"],"damage_healed":0.0,"max_hp_gain":0.0,"max_hp_loss":0.0,"gold_gain":0.0,"event_name":"Beggar","player_choice":"Gave Gold","floor":28.0,"gold_loss":75.0,"damage_taken":0.0},{"cards_removed":["Defend_P"],"damage_healed":0.0,"max_hp_gain":0.0,"max_hp_loss":0.0,"gold_gain":0.0,"event_name":"Back to Basics","player_choice":"Elegance","floor":29.0,"gold_loss":0.0,"damage_taken":0.0},{"damage_healed":0.0,"max_hp_gain":0.0,"max_hp_loss":0.0,"gold_gain":0.0,"event_name":"Ghosts","player_choice":"Ignored","floor":31.0,"gold_loss":0.0,"damage_taken":0.0},{"damage_healed":0.0,"max_hp_gain":0.0,"max_hp_loss":0.0,"gold_gain":0.0,"event_name":"Accursed Blacksmith","player_choice":"Forge","floor":36.0,"gold_loss":0.0,"damage_taken":0.0,"cards_upgraded":["DeusExMachina"]},{"damage_healed":0.0,"max_hp_gain":0.0,"max_hp_loss":0.0,"gold_gain":0.0,"event_name":"MindBloom","player_choice":"Fight","floor":38.0,"gold_loss":0.0,"damage_taken":0.0},{"damage_healed":0.0,"max_hp_gain":0.0,"max_hp_loss":4.0,"gold_gain":0.0,"event_name":"Winding Halls","player_choice":"Max HP","floor":39.0,"gold_loss":0.0,"damage_taken":0.0},{"damage_healed":0.0,"max_hp_gain":0.0,"max_hp_loss":0.0,"gold_gain":0.0,"event_name":"Mysterious Sphere","player_choice":"Fight","floor":44.0,"gold_loss":0.0,"damage_taken":0.0},{"damage_healed":0,"gold_gain":0,"player_choice":"0 cards matched","damage_taken":0,"max_hp_gain":0,"max_hp_loss":0,"event_name":"Match and Keep!","floor":45,"gold_loss":0,"cards_obtained":[]},{"damage_healed":0,"gold_gain":0,"player_choice":"Memory 3","damage_taken":10,"max_hp_gain":0,"max_hp_loss":0,"event_name":"SensoryStone","floor":46,"gold_loss":0},{"damage_healed":0,"gold_gain":0,"player_choice":"Copied","damage_taken":0,"max_hp_gain":0,"max_hp_loss":0,"event_name":"Duplicator","floor":47,"gold_loss":0,"cards_obtained":["Vault"]}],"is_beta":false,"boss_relics":[{"not_picked":["Coffee Dripper","Runic Dome"],"picked":"Fusion Hammer"},{"not_picked":["Black Star","Calling Bell"],"picked":"Empty Cage"}],"items_purged_floors":[4,13,21,24,42],"is_endless":false,"potions_floor_spawned":[6,8,14,27,37,38,48],"ascension_level":18}}