{"host":"baymyijz6sxaqj5s","time":1608552454,"event":{"mods":["AchievementEnabler","BaseMod","Colored Map","Colored Powertips","DeckTracker","KOR Keyword Fix","Keyboard Shortcuts","Minty Spire (QoL Compilation)","StSLib","SuperFastMode"],"gold_per_floor":[111,111,131,147,161,161,178,198,198,212,212,227,227,243,243,344,344,356,281,196,209,229,229,240,240,265,281,281,294,310,310,310,310,310],"floor_reached":33,"playtime":1310,"items_purged":["Strike_R"],"score":247,"play_id":"1322e779-29b7-48a2-82c5-a01d8632b336","local_time":"20201221210734","is_ascension_mode":false,"campfire_choices":[{"floor":13,"key":"REST"},{"data":"Body Slam","floor":15,"key":"SMITH"},{"floor":23,"key":"REST"},{"floor":25,"key":"REST"},{"floor":32,"key":"REST"}],"circlet_count":0,"master_deck":["Strike_R","Strike_R+1","Strike_R","Strike_R+1","Defend_R","Defend_R","Defend_R","Defend_R","Bash","Heavy Blade","Headbutt","Power Through","Entrench","Body Slam+1","Offering","Cleave+1","Armaments","Twin Strike+1","Impervious","Shrug It Off"],"relics":["Black Blood","Centennial Puzzle","Dream Catcher","Champion Belt","Nloth\u0027s Gift"],"acts_visited":["Exordium","TheCity"],"potions_floor_usage":[10,16,16,24,29,33],"damage_taken":[{"damage":6,"enemies":"Jaw Worm","floor":1,"turns":3},{"damage":5,"enemies":"Small Slimes","floor":3,"turns":3},{"damage":3,"enemies":"2 Louse","floor":4,"turns":3},{"damage":13,"enemies":"Exordium Wildlife","floor":5,"turns":5},{"damage":16,"enemies":"Blue Slaver","floor":7,"turns":4},{"damage":11,"enemies":"Lots of Slimes","floor":8,"turns":7},{"damage":23,"enemies":"Exordium Thugs","floor":10,"turns":6},{"damage":2,"enemies":"2 Fungi Beasts","floor":12,"turns":4},{"damage":7,"enemies":"Blue Slaver","floor":14,"turns":3},{"damage":31,"enemies":"Hexaghost","floor":16,"turns":12},{"damage":21,"enemies":"Chosen","floor":18,"turns":6},{"damage":47,"enemies":"Spheric Guardian","floor":21,"turns":8},{"damage":41,"enemies":"Snake Plant","floor":22,"turns":6},{"damage":39,"enemies":"Centurion and Healer","floor":24,"turns":7},{"damage":17,"enemies":"Cultist and Chosen","floor":27,"turns":7},{"damage":9,"enemies":"Snecko","floor":29,"turns":5},{"damage":28,"enemies":"Shelled Parasite and Fungi","floor":30,"turns":12},{"damage":85,"enemies":"Collector","floor":33,"turns":6}],"seed_played":"4388271282018478927","potions_obtained":[{"floor":1,"key":"SpeedPotion"},{"floor":4,"key":"ColorlessPotion"},{"floor":10,"key":"Block Potion"},{"floor":14,"key":"Explosive Potion"},{"floor":24,"key":"SpeedPotion"},{"floor":30,"key":"BloodPotion"}],"is_trial":false,"path_per_floor":["M","?","M","M","M","?","M","M","T","M","?","M","R","M","R","B",null,"M","$","?","M","M","R","M","R","T","M","T","M","M","?","R","B"],"character_chosen":"IRONCLAD","items_purchased":[],"campfire_rested":4,"item_purchase_floors":[],"current_hp_per_floor":[88,70,71,74,67,67,57,52,52,35,40,44,71,70,70,45,93,84,84,84,49,20,47,20,47,47,42,42,45,29,29,56,0,0],"gold":310,"neow_bonus":"TEN_PERCENT_HP_BONUS","is_daily":false,"chose_seed":false,"campfire_upgraded":1,"win_rate":0.0,"timestamp":1608552454,"path_taken":["M","?","M","M","M","?","?","M","T","M","?","M","R","M","R","BOSS","M","$","?","M","M","R","M","R","T","M","?","M","M","?","R","BOSS"],"items_purchased_type":[],"build_version":"2020-12-13","purchased_purges":1,"victory":false,"max_hp_per_floor":[88,88,88,88,88,88,88,88,88,88,93,93,93,93,93,93,93,93,93,93,93,93,93,93,93,93,93,93,93,93,93,93,93,93],"card_choices":[{"not_picked":["Clash","Dark Embrace"],"picked":"Heavy Blade","floor":1},{"not_picked":["Clothesline","Feed"],"picked":"Headbutt","floor":3},{"not_picked":["Wild Strike","Clash"],"picked":"Power Through","floor":4},{"not_picked":["Clothesline","Rupture"],"picked":"Entrench","floor":5},{"not_picked":["True Grit","Heavy Blade","Perfected Strike"],"picked":"SKIP","floor":7},{"not_picked":["Cleave","Combust"],"picked":"Body Slam","floor":8},{"not_picked":["Clash","Wild Strike","Havoc"],"picked":"SKIP","floor":10},{"not_picked":["Wild Strike","Perfected Strike","Iron Wave"],"picked":"SKIP","floor":12},{"not_picked":["Feel No Pain","Rupture","Sever Soul"],"picked":"SKIP","floor":14},{"not_picked":["Immolate","Brutality"],"picked":"Offering","floor":16},{"not_picked":["Thunderclap+1","Clash+1"],"picked":"Cleave+1","floor":18},{"not_picked":["Clothesline+1","Anger"],"picked":"Armaments","floor":21},{"not_picked":["Carnage","Clothesline+1","Shockwave"],"picked":"SKIP","floor":22},{"not_picked":["Clash","Reckless Charge"],"picked":"Twin Strike+1","floor":24},{"not_picked":["Heavy Blade+1","Twin Strike+1","Anger"],"picked":"SKIP","floor":27},{"not_picked":["Seeing Red","Clash"],"picked":"Impervious","floor":29},{"not_picked":["Flex","Warcry+1"],"picked":"Shrug It Off","floor":30}],"player_experience":166039,"relics_obtained":[{"floor":9,"key":"Pocketwatch"},{"floor":26,"key":"Dream Catcher"},{"floor":28,"key":"Champion Belt"}],"event_choices":[{"damage_healed":0,"gold_gain":0,"player_choice":"Entered Light","damage_taken":18,"max_hp_gain":0,"max_hp_loss":0,"event_name":"Shining Light","floor":2,"gold_loss":0,"cards_upgraded":["Strike_R","Strike_R"]},{"damage_healed":0,"gold_gain":0,"player_choice":"Ignored","damage_taken":0,"max_hp_gain":0,"max_hp_loss":0,"event_name":"Liars Game","floor":6,"gold_loss":0},{"damage_healed":0,"gold_gain":0,"player_choice":"Donut","damage_taken":0,"max_hp_gain":5,"max_hp_loss":0,"event_name":"Big Fish","floor":11,"gold_loss":0},{"damage_healed":0,"gold_gain":0,"player_choice":"Obtained Relic","damage_taken":0,"relics_obtained":["Centennial Puzzle"],"max_hp_gain":0,"max_hp_loss":0,"event_name":"Addict","floor":20,"gold_loss":85},{"damage_healed":0,"gold_gain":0,"player_choice":"Traded Relic","damage_taken":0,"relics_obtained":["Nloth\u0027s Gift"],"max_hp_gain":0,"max_hp_loss":0,"event_name":"N\u0027loth","floor":31,"relics_lost":["Pocketwatch"],"gold_loss":0}],"is_beta":false,"boss_relics":[{"not_picked":["Cursed Key","SacredBark"],"picked":"Black Blood"}],"items_purged_floors":[19],"is_endless":false,"potions_floor_spawned":[1,4,10,14,24,30],"killed_by":"Collector","ascension_level":0}}