{"host":"vumwfieg2b2mnrfl","time":1608579706,"event":{"mods":["AchievementEnabler","BaseMod","Minty Spire (QoL Compilation)","Rare Cards Sparkle","Relic Stats"],"gold_per_floor":[111,128,148,148,164,199,199,231,231,231,245,263,273,273,273,371,371,383,397,412,382,396,424,424,435,435,435,435,435],"floor_reached":28,"playtime":1165,"items_purged":[],"score":356,"play_id":"f6289704-630b-496e-b7fb-c3ac944ff38d","local_time":"20201221134146","is_ascension_mode":true,"campfire_choices":[{"floor":10,"key":"REST"},{"floor":15,"key":"REST"},{"floor":24,"key":"REST"}],"circlet_count":0,"master_deck":["Strike_B","Strike_B","Strike_B","Defend_B","Defend_B","Defend_B","Zap","Dualcast","Ball Lightning","Glacier","Rebound","Undo","Force Field","Auto Shields","Conserve Battery","Coolheaded","Core Surge","Self Repair+1","Go for the Eyes","Glacier","Self Repair+1","Cold Snap","Shame"],"relics":["Cracked Core","Emotion Chip","Unceasing Top","Frozen Egg 2","The Courier","Cursed Key","Kunai","Du-Vu Doll"],"acts_visited":["Exordium","TheCity"],"potions_floor_usage":[16,16,22,23,28,28],"damage_taken":[{"damage":0,"enemies":"Small Slimes","floor":1,"turns":3},{"damage":1,"enemies":"Cultist","floor":2,"turns":3},{"damage":0,"enemies":"2 Louse","floor":3,"turns":1},{"damage":1,"enemies":"Blue Slaver","floor":5,"turns":4},{"damage":24,"enemies":"Lagavulin","floor":6,"turns":8},{"damage":15,"enemies":"3 Sentries","floor":8,"turns":8},{"damage":30,"enemies":"Exordium Thugs","floor":11,"turns":6},{"damage":1,"enemies":"Looter","floor":12,"turns":3},{"damage":0,"enemies":"Blue Slaver","floor":13,"turns":4},{"damage":20,"enemies":"Slime Boss","floor":16,"turns":12},{"damage":0,"enemies":"Spheric Guardian","floor":18,"turns":5},{"damage":1,"enemies":"Chosen","floor":19,"turns":6},{"damage":5,"enemies":"Centurion and Healer","floor":20,"turns":14},{"damage":32,"enemies":"Chosen and Byrds","floor":22,"turns":10},{"damage":25,"enemies":"Book of Stabbing","floor":23,"turns":7},{"damage":6,"enemies":"Snake Plant","floor":25,"turns":8},{"damage":47,"enemies":"Slavers","floor":28,"turns":3}],"seed_played":"1906766790573880759","potions_obtained":[{"floor":3,"key":"Weak Potion"},{"floor":8,"key":"Strength Potion"},{"floor":12,"key":"LiquidMemories"},{"floor":20,"key":"Swift Potion"},{"floor":21,"key":"LiquidBronze"},{"floor":21,"key":"EssenceOfSteel"},{"floor":22,"key":"PowerPotion"},{"floor":25,"key":"AttackPotion"}],"is_trial":false,"path_per_floor":["M","M","M","?","M","E","?","E","T","R","M","M","M","?","R","B",null,"M","M","M","?","M","E","R","M","T","?","E"],"character_chosen":"DEFECT","items_purchased":[],"campfire_rested":3,"item_purchase_floors":[],"current_hp_per_floor":[68,67,67,67,66,42,42,27,27,47,17,16,16,16,36,16,55,55,54,59,59,37,12,32,46,46,46,0,0],"gold":435,"neow_bonus":"ONE_RARE_RELIC","is_daily":false,"chose_seed":false,"campfire_upgraded":0,"win_rate":0.0,"timestamp":1608579706,"path_taken":["M","M","M","?","M","E","?","E","T","R","?","M","M","?","R","BOSS","M","M","M","?","M","E","R","?","T","?","E"],"items_purchased_type":[],"build_version":"2020-12-13","purchased_purges":0,"victory":false,"max_hp_per_floor":[68,68,68,68,68,68,68,68,68,68,68,68,68,68,68,68,68,68,68,68,68,68,68,68,68,68,68,68,68],"relic_stats":{"Emotion Chip":[76,38,38,0,0],"counters":[17,105],"Kunai":[0],"Cursed Key":1,"obtain_stats":[{"Du-Vu Doll":26,"Emotion Chip":0,"The Courier":9,"Kunai":23,"Frozen Egg 2":8,"Cracked Core":0,"Cursed Key":17,"Unceasing Top":6},{"Du-Vu Doll":16,"Emotion Chip":0,"The Courier":6,"Kunai":15,"Frozen Egg 2":6,"Cracked Core":0,"Cursed Key":10,"Unceasing Top":5},{"Du-Vu Doll":102,"Emotion Chip":0,"The Courier":27,"Kunai":94,"Frozen Egg 2":27,"Cracked Core":0,"Cursed Key":52,"Unceasing Top":19}],"Unceasing Top":[2]},"card_choices":[{"not_picked":["Chill","Hello World"],"picked":"Ball Lightning","floor":1},{"not_picked":["Beam Cell","Steam"],"picked":"Glacier","floor":2},{"not_picked":["Recycle","Heatsinks"],"picked":"Rebound","floor":3},{"not_picked":["Gash","Stack","Hologram"],"picked":"SKIP","floor":5},{"not_picked":["Melter","All For One"],"picked":"Undo","floor":6},{"not_picked":["Double Energy","Leap"],"picked":"Auto Shields","floor":8},{"not_picked":["White Noise","Gash"],"picked":"Conserve Battery","floor":11},{"not_picked":["Genetic Algorithm","Steam","Rebound"],"picked":"SKIP","floor":12},{"not_picked":["Hologram","Recycle"],"picked":"Coolheaded","floor":13},{"not_picked":["Biased Cognition+1","Creative AI+1"],"picked":"Core Surge","floor":16},{"not_picked":["Hologram","Redo","Conserve Battery+1"],"picked":"SKIP","floor":18},{"not_picked":["Gash","Streamline+1"],"picked":"Self Repair+1","floor":19},{"not_picked":["Heatsinks+1","Redo"],"picked":"Go for the Eyes","floor":20},{"not_picked":["Hologram","Tempest"],"picked":"Glacier","floor":22},{"not_picked":["Tempest","Blizzard"],"picked":"Self Repair+1","floor":23},{"not_picked":["Scrape","Stack","Rebound"],"picked":"SKIP","floor":25}],"player_experience":274696,"relics_obtained":[{"floor":6,"key":"Unceasing Top"},{"floor":8,"key":"Frozen Egg 2"},{"floor":9,"key":"The Courier"},{"floor":23,"key":"Kunai"},{"floor":26,"key":"Du-Vu Doll"}],"event_choices":[{"damage_healed":0,"gold_gain":0,"player_choice":"Ignored","damage_taken":0,"max_hp_gain":0,"max_hp_loss":0,"event_name":"Golden Wing","floor":4,"gold_loss":0},{"damage_healed":0,"gold_gain":0,"cards_transformed":["Strike_B"],"player_choice":"Transformed","damage_taken":0,"max_hp_gain":0,"max_hp_loss":0,"event_name":"Transmorgrifier","floor":7,"gold_loss":0,"cards_obtained":["Force Field"]},{"damage_healed":0,"gold_gain":0,"player_choice":"Ignored","damage_taken":0,"max_hp_gain":0,"max_hp_loss":0,"event_name":"Shining Light","floor":14,"gold_loss":0},{"damage_healed":0,"gold_gain":0,"player_choice":"Bought 2 Potions","damage_taken":0,"max_hp_gain":0,"max_hp_loss":0,"event_name":"The Woman in Blue","floor":21,"gold_loss":0},{"damage_healed":0,"gold_gain":0,"cards_transformed":["Defend_B","Regret"],"player_choice":"Became Test Subject","damage_taken":0,"max_hp_gain":0,"max_hp_loss":0,"event_name":"Drug Dealer","floor":27,"gold_loss":0,"cards_obtained":["Cold Snap","Shame"]}],"is_beta":false,"boss_relics":[{"not_picked":["Nuclear Battery","Snecko Eye"],"picked":"Cursed Key"}],"items_purged_floors":[],"is_endless":false,"potions_floor_spawned":[3,8,12,20,22,25],"killed_by":"Slavers","ascension_level":8}}