{"host":"dhv3u8yhd2rnugsp","time":1608593933,"event":{"mods":["BaseMod","Block Reminder","Colored Map","Googly Eyes","Highlight Path","Minty Spire (QoL Compilation)","Permanent Neow","Quick Restart","Random Character Button","StSLib"],"gold_per_floor":[111,121,121,138,148,176,176,192,192,204,235,235,235,247,247,342,342,352,262,281,295,311,311,342,355,432,264,290,321,359,397,409,421,421],"floor_reached":33,"playtime":2224,"items_purged":["Strike_P"],"score":538,"play_id":"0388971c-b575-4f22-87ce-ae81db27c06e","local_time":"20201221173853","is_ascension_mode":true,"campfire_choices":[{"data":"TalkToTheHand","floor":7,"key":"SMITH"},{"data":"BowlingBash","floor":12,"key":"SMITH"},{"data":"Eruption","floor":15,"key":"SMITH"},{"data":"SashWhip","floor":23,"key":"SMITH"},{"floor":32,"key":"REST"}],"circlet_count":0,"master_deck":["Strike_P","Defend_P","Defend_P","Defend_P","Defend_P","Eruption+1","Vigilance","ClearTheMind","ReachHeaven","CutThroughFate","TalkToTheHand+1","CutThroughFate","ThirdEye","BowlingBash+1","SashWhip+1","Vault+1","ThirdEye+1","FlurryOfBlows","Prostrate+1","Fasting2","JustLucky+1","CarveReality+1","MentalFortress","Evaluate+1"],"relics":["PureWater","Nunchaku","Anchor","Damaru","Question Card","Mummified Hand","Philosopher\u0027s Stone","Oddly Smooth Stone","Molten Egg 2","MawBank","Tiny Chest"],"acts_visited":["Exordium","TheCity"],"potions_floor_usage":[16,18,24,25,25,28,33],"damage_taken":[{"damage":0,"enemies":"2 Louse","floor":1,"turns":3},{"damage":0,"enemies":"Cultist","floor":2,"turns":4},{"damage":0,"enemies":"Small Slimes","floor":4,"turns":4},{"damage":0,"enemies":"3 Louse","floor":5,"turns":4},{"damage":6,"enemies":"Lagavulin","floor":6,"turns":7},{"damage":0,"enemies":"Exordium Thugs","floor":8,"turns":5},{"damage":10,"enemies":"Large Slime","floor":10,"turns":5},{"damage":0,"enemies":"Gremlin Nob","floor":11,"turns":2},{"damage":0,"enemies":"Exordium Wildlife","floor":14,"turns":2},{"damage":21,"enemies":"The Guardian","floor":16,"turns":10},{"damage":3,"enemies":"2 Thieves","floor":18,"turns":4},{"damage":0,"enemies":"Shell Parasite","floor":20,"turns":3},{"damage":0,"enemies":"Cultist and Chosen","floor":21,"turns":4},{"damage":0,"enemies":"Chosen and Byrds","floor":22,"turns":4},{"damage":28,"enemies":"Gremlin Leader","floor":24,"turns":5},{"damage":0,"enemies":"Shelled Parasite and Fungi","floor":25,"turns":4},{"damage":0,"enemies":"Slavers","floor":28,"turns":5},{"damage":0,"enemies":"Sentry and Sphere","floor":29,"turns":4},{"damage":11,"enemies":"Gremlin Leader","floor":30,"turns":5},{"damage":46,"enemies":"Automaton","floor":33,"turns":5}],"seed_played":"-405853156761320720","potions_obtained":[{"floor":2,"key":"Explosive Potion"},{"floor":6,"key":"SkillPotion"},{"floor":11,"key":"BottledMiracle"},{"floor":14,"key":"Swift Potion"},{"floor":18,"key":"AttackPotion"},{"floor":21,"key":"SpeedPotion"},{"floor":24,"key":"Energy Potion"},{"floor":28,"key":"Fruit Juice"}],"is_trial":false,"path_per_floor":["M","M","?","M","M","E","R","M","T","M","E","R","?","M","R","B",null,"M","?","M","M","M","R","E","M","T","$","E","M","E","T","R","B"],"character_chosen":"WATCHER","items_purchased":["JustLucky+1","CarveReality+1"],"campfire_rested":1,"item_purchase_floors":[27,27],"current_hp_per_floor":[65,65,65,65,65,59,59,59,59,49,49,49,49,49,49,28,61,58,58,58,58,58,58,30,30,30,30,30,30,19,19,40,0,0],"gold":421,"neow_bonus":"RANDOM_COMMON_RELIC","is_daily":false,"chose_seed":false,"campfire_upgraded":4,"win_rate":0.0,"timestamp":1608593933,"path_taken":["M","M","?","M","M","E","R","M","T","?","E","R","?","?","R","BOSS","M","?","M","M","?","R","E","M","T","$","E","M","E","?","R","BOSS"],"items_purchased_type":["Card","Card"],"build_version":"2020-12-13","purchased_purges":1,"victory":false,"max_hp_per_floor":[72,72,72,72,72,72,72,72,72,72,72,72,72,72,72,72,72,72,72,72,72,72,72,72,72,72,72,72,72,72,72,72,77,77],"card_choices":[{"not_picked":["FollowUp","Perseverance"],"picked":"ClearTheMind","floor":1},{"not_picked":["EmptyBody","Consecrate"],"picked":"ReachHeaven","floor":2},{"not_picked":["WindmillStrike","Crescendo"],"picked":"CutThroughFate","floor":4},{"not_picked":["Nirvana","JustLucky"],"picked":"TalkToTheHand","floor":5},{"not_picked":["Consecrate","WindmillStrike"],"picked":"CutThroughFate","floor":6},{"not_picked":["WindmillStrike","Prostrate"],"picked":"ThirdEye","floor":8},{"not_picked":["Conclude","FlyingSleeves","Halt"],"picked":"BowlingBash","floor":10},{"not_picked":["FlyingSleeves","Weave","ReachHeaven"],"picked":"SashWhip","floor":11},{"not_picked":["ThirdEye","CutThroughFate","Blasphemy","ClearTheMind"],"picked":"SKIP","floor":14},{"not_picked":["Scrawl","SpiritShield","Devotion"],"picked":"Vault","floor":16},{"not_picked":["CrushJoints","Prostrate","Consecrate"],"picked":"ThirdEye+1","floor":18},{"not_picked":["SignatureMove","FlyingSleeves","Weave"],"picked":"FlurryOfBlows","floor":20},{"not_picked":["Alpha","JustLucky","Crescendo"],"picked":"Prostrate+1","floor":21},{"not_picked":["Halt","WreathOfFlame","Evaluate","Indignation"],"picked":"SKIP","floor":22},{"not_picked":["FlyingSleeves","CarveReality","ClearTheMind"],"picked":"Fasting2","floor":24},{"not_picked":["JustLucky","EmptyBody","ClearTheMind","Halt"],"picked":"SKIP","floor":25},{"not_picked":["EmptyBody","Prostrate","Evaluate","Alpha"],"picked":"SKIP","floor":28},{"not_picked":["CutThroughFate+1","Crescendo","FlurryOfBlows+1"],"picked":"MentalFortress","floor":29},{"not_picked":["InnerPeace","Protect+1","Omniscience"],"picked":"Evaluate+1","floor":30}],"player_experience":1600880,"relics_obtained":[{"floor":6,"key":"Damaru"},{"floor":9,"key":"Question Card"},{"floor":11,"key":"Mummified Hand"},{"floor":24,"key":"Oddly Smooth Stone"},{"floor":26,"key":"Molten Egg 2"},{"floor":28,"key":"MawBank"},{"floor":30,"key":"Tiny Chest"}],"event_choices":[{"damage_healed":0,"gold_gain":0,"player_choice":"Gave Potion","damage_taken":0,"relics_obtained":["Anchor"],"max_hp_gain":0,"max_hp_loss":0,"event_name":"WeMeetAgain","floor":3,"gold_loss":0},{"cards_removed":["Strike_P"],"damage_healed":0,"gold_gain":0,"player_choice":"Purged","damage_taken":0,"max_hp_gain":0,"max_hp_loss":0,"event_name":"Purifier","floor":13,"gold_loss":0},{"cards_removed":["Strike_P"],"damage_healed":0,"gold_gain":0,"player_choice":"Upgrade and Remove","damage_taken":0,"max_hp_gain":0,"max_hp_loss":0,"event_name":"Designer","floor":19,"gold_loss":90,"cards_upgraded":["Vault"]}],"is_beta":false,"boss_relics":[{"not_picked":["Calling Bell","VioletLotus"],"picked":"Philosopher\u0027s Stone"}],"items_purged_floors":[27],"is_endless":false,"potions_floor_spawned":[2,6,11,14,18,21,24,28],"killed_by":"Automaton","ascension_level":9}}