{"host":"Krakhan","time":1608530752,"event":{"mods":["AchievementEnabler","BaseMod","Colored Map","Colored Powertips","Faster Ascension Climbing","Highlight Path","Minty Spire (QoL Compilation)","Rare Cards Sparkle","Relic Stats","StSLib"],"gold_per_floor":[119,14,14,32,48,48,74,74,99,109,143,155,27,27,27,27,27],"floor_reached":16,"playtime":1270,"items_purged":[],"score":220,"play_id":"eb973897-fbd1-42f7-962d-1564d9ce69c9","local_time":"20201221010552","is_ascension_mode":true,"campfire_choices":[{"data":"BattleHymn","floor":6,"key":"SMITH"},{"data":"SashWhip","floor":8,"key":"SMITH"},{"data":"Conclude","floor":15,"key":"SMITH"}],"circlet_count":0,"master_deck":["AscendersBane","Strike_P","Strike_P","Strike_P","Defend_P","Defend_P","Defend_P","Defend_P","Eruption","Vigilance","FearNoEvil","BowlingBash","BattleHymn+1","SashWhip+1","Protect","DeceiveReality","Halt","Conclude+1"],"relics":["PureWater","NeowsBlessing","Damaru","The Courier","Orichalcum","Centennial Puzzle"],"acts_visited":["Exordium"],"potions_floor_usage":[7,12,16],"damage_taken":[{"damage":0,"enemies":"Cultist","floor":1,"turns":1},{"damage":0,"enemies":"Jaw Worm","floor":4,"turns":1},{"damage":0,"enemies":"2 Louse","floor":5,"turns":1},{"damage":12,"enemies":"3 Sentries","floor":7,"turns":5},{"damage":5,"enemies":"2 Fungi Beasts","floor":10,"turns":3},{"damage":6,"enemies":"Gremlin Nob","floor":11,"turns":3},{"damage":0,"enemies":"Lots of Slimes","floor":12,"turns":4},{"damage":33,"enemies":"Hexaghost","floor":16,"turns":9}],"seed_played":"8579305903651439387","potions_obtained":[{"floor":1,"key":"SpeedPotion"},{"floor":4,"key":"StancePotion"},{"floor":7,"key":"SmokeBomb"},{"floor":12,"key":"Explosive Potion"}],"is_trial":false,"path_per_floor":["M","$","?","M","M","R","E","R","T","M","E","M","$","?","R","B"],"character_chosen":"WATCHER","items_purchased":["BowlingBash","Explosive Potion","Orichalcum"],"campfire_rested":0,"item_purchase_floors":[2,2,13],"current_hp_per_floor":[61,61,54,54,54,54,42,42,42,37,31,31,31,31,31,0,0],"gold":27,"neow_bonus":"THREE_ENEMY_KILL","is_daily":false,"chose_seed":false,"campfire_upgraded":3,"win_rate":0.0,"timestamp":1608530752,"path_taken":["M","$","?","M","M","R","E","R","T","M","E","M","$","?","R","BOSS"],"items_purchased_type":["Card","Potion","Relic"],"build_version":"2020-12-18","purchased_purges":0,"victory":false,"max_hp_per_floor":[68,68,68,68,68,68,68,68,68,68,68,68,68,68,68,68,68],"relic_stats":{"Centennial Puzzle":[3],"counters":[8,27],"Orichalcum":[24],"obtain_stats":[{"Centennial Puzzle":14,"NeowsBlessing":0,"Damaru":7,"The Courier":11,"PureWater":0,"Orichalcum":13},{"Centennial Puzzle":7,"NeowsBlessing":0,"Damaru":4,"The Courier":6,"PureWater":0,"Orichalcum":7},{"Centennial Puzzle":18,"NeowsBlessing":0,"Damaru":8,"The Courier":14,"PureWater":0,"Orichalcum":18}]},"card_choices":[{"not_picked":["WreathOfFlame","InnerPeace"],"picked":"FearNoEvil","floor":1},{"not_picked":["PathToVictory","ReachHeaven"],"picked":"BattleHymn","floor":4},{"not_picked":["BattleHymn","ClearTheMind"],"picked":"SashWhip","floor":5},{"not_picked":["DeceiveReality","ForeignInfluence"],"picked":"Protect","floor":7},{"not_picked":["Crescendo","WindmillStrike"],"picked":"DeceiveReality","floor":10},{"not_picked":["BowlingBash","SashWhip"],"picked":"Halt","floor":11},{"not_picked":["Wallop","Crescendo"],"picked":"Conclude","floor":12}],"player_experience":1214316,"relics_obtained":[{"floor":7,"key":"Damaru"},{"floor":11,"key":"The Courier"}],"event_choices":[{"cards_removed":["Strike_P"],"damage_healed":0,"gold_gain":0,"player_choice":"Card Removal","damage_taken":7,"max_hp_gain":0,"max_hp_loss":0,"event_name":"Golden Wing","floor":3,"gold_loss":0},{"damage_healed":0,"gold_gain":0,"player_choice":"Searched \u00271\u0027 times","damage_taken":0,"relics_obtained":["Centennial Puzzle"],"max_hp_gain":0,"max_hp_loss":0,"event_name":"Dead Adventurer","floor":14,"gold_loss":0}],"is_beta":true,"boss_relics":[],"items_purged_floors":[],"is_endless":false,"potions_floor_spawned":[1,4,7,10,12],"killed_by":"Hexaghost","ascension_level":20}}