{"host":"agbyy69nq62afhwx","time":1608514281,"event":{"mods":["BaseMod","Colored Map","Highlight Path","Keyboard Shortcuts","Minty Spire (QoL Compilation)","Quick Restart","StSLib","SuperFastMode","everything is the same but u backflip on backflip"],"gold_per_floor":[113,123,136,61,61,61,96,96,120,120,120,136,136,149,149,268,268,282,39,43,43,116,116,159,159,234,249,274,305,305,323,323,447,447,468,533,549,276,295,295,336,336,336,371,421,421,444,108,108,108],"floor_reached":51,"playtime":1786,"items_purged":["Strike_B","Strike_B","Strike_B"],"score":911,"play_id":"b243c1be-72fa-41eb-903b-c5d9291e1f12","local_time":"20201221103121","is_ascension_mode":true,"campfire_choices":[{"floor":6.0,"key":"REST"},{"data":"Genetic Algorithm","floor":8.0,"key":"SMITH"},{"data":"Sunder","floor":10.0,"key":"SMITH"},{"floor":13.0,"key":"REST"},{"data":"Dualcast","floor":15.0,"key":"SMITH"},{"floor":23.0,"key":"REST"},{"data":"Double Energy","floor":25.0,"key":"SMITH"},{"floor":30.0,"key":"REST"},{"data":"Biased Cognition","floor":32.0,"key":"SMITH"},{"data":"Reboot","floor":40.0,"key":"SMITH"},{"data":"Coolheaded","floor":42.0,"key":"SMITH"},{"data":"Capacitor","floor":46.0,"key":"SMITH"},{"data":"Seek","floor":49,"key":"SMITH"}],"circlet_count":0,"master_deck":["Strike_B","Defend_B","Defend_B","Defend_B","Defend_B","Zap","Dualcast+1","Core Surge","Sunder+1","Conserve Battery","FTL","Genetic Algorithm+1","Double Energy+1","Echo Form","CurseOfTheBell","Conserve Battery+1","Self Repair+1","Coolheaded+1","White Noise+1","Hologram+1","Ball Lightning+1","Biased Cognition+1","Reboot+1","Defragment+1","Capacitor+1","Seek+1","Master of Strategy"],"relics":["Cracked Core","Golden Idol","Happy Flower","Strawberry","Ornamental Fan","Calling Bell","PreservedInsect","Sundial","WingedGreaves","Regal Pillow","SsserpentHead","Kunai","Singing Bowl","Shuriken","Nuclear Battery","Toolbox","Incense Burner","Dead Branch","Pen Nib","DataDisk"],"acts_visited":["Exordium","TheCity","TheBeyond"],"potions_floor_usage":[],"damage_taken":[{"damage":2.0,"enemies":"Jaw Worm","floor":1.0,"turns":3.0},{"damage":0.0,"enemies":"2 Louse","floor":2.0,"turns":2.0},{"damage":0.0,"enemies":"Cultist","floor":3.0,"turns":2.0},{"damage":22.0,"enemies":"Gremlin Nob","floor":7.0,"turns":5.0},{"damage":13.0,"enemies":"Gremlin Gang","floor":12.0,"turns":4.0},{"damage":8.0,"enemies":"Blue Slaver","floor":14.0,"turns":3.0},{"damage":20.0,"enemies":"Hexaghost","floor":16.0,"turns":8.0},{"damage":40.0,"enemies":"3 Byrds","floor":18.0,"turns":7.0},{"damage":15.0,"enemies":"2 Thieves","floor":20.0,"turns":4.0},{"damage":10.0,"enemies":"Sentry and Sphere","floor":22.0,"turns":5.0},{"damage":29.0,"enemies":"Slavers","floor":24.0,"turns":8.0},{"damage":9.0,"enemies":"Snecko","floor":27.0,"turns":6.0},{"damage":20.0,"enemies":"Centurion and Healer","floor":28.0,"turns":6.0},{"damage":31.0,"enemies":"Gremlin Leader","floor":29.0,"turns":5.0},{"damage":0.0,"enemies":"Chosen and Byrds","floor":31.0,"turns":3.0},{"damage":9.0,"enemies":"Automaton","floor":33.0,"turns":9.0},{"damage":4.0,"enemies":"Orb Walker","floor":35.0,"turns":3.0},{"damage":8.0,"enemies":"3 Darklings","floor":36.0,"turns":5.0},{"damage":30.0,"enemies":"Writhing Mass","floor":37.0,"turns":7.0},{"damage":0.0,"enemies":"Spire Growth","floor":39.0,"turns":4.0},{"damage":28.0,"enemies":"Reptomancer","floor":41.0,"turns":6.0},{"damage":20.0,"enemies":"Giant Head","floor":44.0,"turns":6.0},{"damage":0,"enemies":"4 Shapes","floor":47,"turns":5},{"damage":11,"enemies":"Donu and Deca","floor":50,"turns":5}],"seed_played":"1989111670232841181","potions_obtained":[{"floor":1.0,"key":"PowerPotion"},{"floor":2.0,"key":"FearPotion"},{"floor":14.0,"key":"ColorlessPotion"},{"floor":16.0,"key":"PowerPotion"},{"floor":24.0,"key":"SkillPotion"},{"floor":28.0,"key":"Dexterity Potion"},{"floor":29.0,"key":"Energy Potion"},{"floor":31.0,"key":"ColorlessPotion"},{"floor":35.0,"key":"Weak Potion"},{"floor":37.0,"key":"Energy Potion"},{"floor":44.0,"key":"Weak Potion"},{"floor":47,"key":"Swift Potion"}],"is_trial":false,"path_per_floor":["M","M","M","$","?","R","E","R","T","R","?","M","R","M","R","B",null,"M","$","M","?","M","R","E","R","T","M","M","E","R","M","R","B",null,"M","M","M","$","M","R","E","R","T","E","?","R","M","$","R","B",null],"character_chosen":"DEFECT","items_purchased":["Regal Pillow","Toolbox","DataDisk","Master of Strategy"],"campfire_rested":4,"item_purchase_floors":[19,38,48,48],"current_hp_per_floor":[52,52,52,52,34,56,34,34,41,41,29,16,40,32,32,12,82,42,42,27,27,27,66,47,47,47,58,48,17,56,58,58,59,84,84,84,66,66,78,78,62,62,62,64,64,64,74,74,74,73],"gold":108,"neow_bonus":"THREE_RARE_CARDS","is_daily":false,"chose_seed":false,"campfire_upgraded":9,"win_rate":0.0,"timestamp":1608514281,"path_taken":["M","M","M","$","?","R","E","R","T","R","?","M","R","M","R","BOSS","M","$","M","?","?","R","E","R","T","M","M","E","R","M","R","BOSS","M","?","M","$","M","R","E","R","T","E","?","R","M","$","R","BOSS"],"items_purchased_type":["Relic","Relic","Relic","Card"],"build_version":"2020-12-13","purchased_purges":3,"victory":true,"max_hp_per_floor":[75,75,75,75,75,75,75,75,82,82,82,82,82,82,82,82,82,82,82,82,82,82,82,82,82,82,82,82,82,82,84,84,84,84,84,84,86,86,88,88,90,90,90,92,92,92,92,92,92,92],"card_choices":[{"not_picked":["Hyperbeam","Machine Learning"],"picked":"Core Surge","floor":0.0},{"not_picked":["Melter","Lockon"],"picked":"Sunder","floor":1.0},{"not_picked":["Beam Cell","Coolheaded"],"picked":"Conserve Battery","floor":2.0},{"not_picked":["Go for the Eyes","Cold Snap"],"picked":"FTL","floor":3.0},{"not_picked":["Capacitor","Redo"],"picked":"Genetic Algorithm","floor":7.0},{"not_picked":["Steam","Heatsinks"],"picked":"Double Energy","floor":12.0},{"not_picked":["Streamline","Barrage","Redo"],"picked":"SKIP","floor":14.0},{"not_picked":["Rainbow","Electrodynamics"],"picked":"Echo Form","floor":16.0},{"not_picked":["Coolheaded","Capacitor"],"picked":"Conserve Battery+1","floor":18.0},{"not_picked":["Conserve Battery+1","Stack"],"picked":"Self Repair+1","floor":20.0},{"not_picked":["Reinforced Body","Steam"],"picked":"Coolheaded","floor":22.0},{"not_picked":["Leap","Thunder Strike"],"picked":"White Noise+1","floor":24.0},{"not_picked":["Compile Driver","Stack"],"picked":"Hologram+1","floor":27.0},{"not_picked":["Streamline","Conserve Battery"],"picked":"Ball Lightning+1","floor":28.0},{"not_picked":["Streamline+1","Reinforced Body"],"picked":"Biased Cognition","floor":29.0},{"not_picked":["Tempest","White Noise","Steam"],"picked":"Singing Bowl","floor":31.0},{"not_picked":["Echo Form","Biased Cognition"],"picked":"Reboot","floor":33.0},{"not_picked":["Compile Driver","BootSequence+1"],"picked":"Defragment+1","floor":35.0},{"not_picked":["Skim+1","Doom and Gloom"],"picked":"Capacitor","floor":36.0},{"not_picked":["Auto Shields","Stack+1","Go for the Eyes"],"picked":"Singing Bowl","floor":37.0},{"not_picked":["Cold Snap","Chill+1","Gash+1"],"picked":"Singing Bowl","floor":39.0},{"not_picked":["Go for the Eyes+1","Gash+1","Coolheaded+1"],"picked":"Singing Bowl","floor":41.0},{"not_picked":["Conserve Battery","Cold Snap","Leap"],"picked":"Singing Bowl","floor":44.0},{"not_picked":["Blizzard+1","Beam Cell"],"picked":"Seek","floor":47}],"player_experience":347929,"relics_obtained":[{"floor":7.0,"key":"Happy Flower"},{"floor":9.0,"key":"Strawberry"},{"floor":17.0,"key":"PreservedInsect"},{"floor":17.0,"key":"Sundial"},{"floor":17.0,"key":"WingedGreaves"},{"floor":24.0,"key":"Kunai"},{"floor":26.0,"key":"Singing Bowl"},{"floor":29.0,"key":"Shuriken"},{"floor":41.0,"key":"Incense Burner"},{"floor":43.0,"key":"Dead Branch"},{"floor":44.0,"key":"Pen Nib"}],"event_choices":[{"damage_healed":0.0,"max_hp_gain":0.0,"max_hp_loss":0.0,"gold_gain":0.0,"event_name":"Golden Idol","player_choice":"Take Damage","floor":5.0,"gold_loss":0.0,"damage_taken":18.0,"relics_obtained":["Golden Idol"]},{"damage_healed":0.0,"max_hp_gain":0.0,"max_hp_loss":0.0,"gold_gain":0.0,"event_name":"Scrap Ooze","player_choice":"Success","floor":11.0,"gold_loss":0.0,"damage_taken":12.0,"relics_obtained":["Ornamental Fan"]},{"damage_healed":0.0,"max_hp_gain":0.0,"max_hp_loss":0.0,"gold_gain":0.0,"event_name":"FaceTrader","player_choice":"Trade","floor":21.0,"gold_loss":0.0,"damage_taken":0.0,"relics_obtained":["SsserpentHead"]},{"damage_healed":0.0,"max_hp_gain":0.0,"max_hp_loss":0.0,"gold_gain":0.0,"event_name":"Tomb of Lord Red Mask","player_choice":"Ignored","floor":45.0,"gold_loss":0.0,"damage_taken":0.0}],"is_beta":false,"boss_relics":[{"not_picked":["SacredBark","Ectoplasm"],"picked":"Calling Bell"},{"not_picked":["SlaversCollar","Snecko Eye"],"picked":"Nuclear Battery"}],"items_purged_floors":[4,19,38],"is_endless":false,"potions_floor_spawned":[1,2,14,16,24,28,29,31,35,37,44,47],"ascension_level":4}}