{"host":"7i2b4pyo6x2376bs","time":1608515641,"event":{"mods":["BaseMod","Better Note","Colored Map","Highlight Path","Minty Spire (QoL Compilation)","Quick Restart","Rare Cards Sparkle","Shop Mod","StSLib","The Jungle"],"gold_per_floor":[119,194,208,220,170,197,213,243,243,243,254,254,286,296,296,399,399,418,333,350,275,275,275,291,291,291,303,303,323,323,343,343,443,443,457,471,471,58,58,58,74,74,97,110,110,124,124,124],"floor_reached":47,"playtime":8931,"items_purged":[],"score":485,"play_id":"a52fa6f3-9bd5-47d7-a69a-234cd992954d","local_time":"20201220175401","is_ascension_mode":true,"campfire_choices":[{"floor":10,"key":"RECALL"},{"floor":12,"key":"REST"},{"floor":15,"key":"REST"},{"floor":23,"key":"REST"},{"data":"Crippling Poison","floor":25,"key":"SMITH"},{"floor":32,"key":"REST"},{"data":"Dagger Spray","floor":40,"key":"SMITH"},{"floor":42,"key":"REST"}],"circlet_count":0,"master_deck":["Strike_G","Strike_G","Strike_G","Defend_G","Defend_G","Defend_G","Defend_G","Survivor","Neutralize","Flying Knee","Dagger Spray+1","Phantasmal Killer","Poisoned Stab","Backstab","Bane","Night Terror","Predator","Crippling Poison+1","Quick Slash+1","Deadly Poison+1","PiercingWail+1","Deadly Poison+1","Night Terror+1","Poisoned Stab+1","Dash+1","Catalyst+1","Dagger Spray+1","Bane+1","Crippling Poison+1","Eviscerate+1"],"relics":["Ring of the Serpent","Nunchaku","Bottled Flame","Darkstone Periapt","Pantograph","Kunai","Velvet Choker","Molten Egg 2","FaceOfCleric","Toxic Egg 2","Potion Belt","Lizard Tail","Bottled Lightning"],"acts_visited":["Exordium","TheCity","TheBeyond"],"potions_floor_usage":[6,6,11,29,31,31,33,35,37,37,41,46,47],"damage_taken":[{"damage":0,"enemies":"Cultist","floor":1,"turns":4},{"damage":2,"enemies":"Small Slimes","floor":3,"turns":4},{"damage":0,"enemies":"Jaw Worm","floor":4,"turns":3},{"damage":9,"enemies":"3 Sentries","floor":6,"turns":7},{"damage":8,"enemies":"Blue Slaver","floor":7,"turns":3},{"damage":10,"enemies":"2 Fungi Beasts","floor":11,"turns":3},{"damage":24,"enemies":"Lagavulin","floor":13,"turns":6},{"damage":5,"enemies":"Looter","floor":14,"turns":3},{"damage":30,"enemies":"Hexaghost","floor":16,"turns":9},{"damage":25,"enemies":"2 Thieves","floor":18,"turns":4},{"damage":4,"enemies":"Chosen","floor":20,"turns":3},{"damage":0,"enemies":"3 Cultists","floor":24,"turns":4},{"damage":4,"enemies":"Snecko","floor":27,"turns":4},{"damage":37,"enemies":"Shelled Parasite and Fungi","floor":29,"turns":4},{"damage":16,"enemies":"Centurion and Healer","floor":31,"turns":2},{"damage":71,"enemies":"Automaton","floor":33,"turns":10},{"damage":18,"enemies":"Orb Walker","floor":35,"turns":3},{"damage":8,"enemies":"3 Shapes","floor":36,"turns":4},{"damage":0,"enemies":"Writhing Mass","floor":37,"turns":1},{"damage":17,"enemies":"Sphere and 2 Shapes","floor":41,"turns":4},{"damage":25,"enemies":"4 Shapes","floor":44,"turns":4},{"damage":30,"enemies":"Jaw Worm Horde","floor":46,"turns":4},{"damage":6,"enemies":"Transient","floor":47,"turns":2}],"seed_played":"6119829386078304118","potions_obtained":[{"floor":1,"key":"Block Potion"},{"floor":4,"key":"Block Potion"},{"floor":7,"key":"Poison Potion"},{"floor":14,"key":"SmokeBomb"},{"floor":20,"key":"FearPotion"},{"floor":27,"key":"Explosive Potion"},{"floor":29,"key":"DistilledChaos"},{"floor":31,"key":"SpeedPotion"},{"floor":33,"key":"Ancient Potion"},{"floor":35,"key":"LiquidMemories"},{"floor":41,"key":"Dexterity Potion"},{"floor":46,"key":"AttackPotion"}],"is_trial":false,"path_per_floor":["M","?","M","M","?","E","M","?","T","R","M","R","E","M","R","B",null,"M","?","M","?","?","R","M","R","T","M","?","M","T","M","R","B",null,"M","M","M","$","?","R","M","R","T","M","?","M","M"],"character_chosen":"THE_SILENT","items_purchased":["Catalyst+1","Bottled Lightning","DuplicationPotion","Dagger Spray+1"],"campfire_rested":5,"item_purchase_floors":[38,38,38,38],"current_hp_per_floor":[70,59,57,57,57,48,40,40,40,40,30,51,27,22,43,38,70,45,45,41,41,41,62,63,63,63,60,60,24,24,9,31,30,75,58,51,52,52,52,52,36,59,59,35,35,6,0,0],"gold":124,"neow_bonus":"RANDOM_COMMON_RELIC","is_daily":false,"chose_seed":false,"campfire_upgraded":2,"win_rate":0.0,"timestamp":1608515641,"path_taken":["M","?","M","M","?","E","?","?","T","R","M","R","E","M","R","BOSS","M","?","M","?","?","R","M","R","T","?","?","M","?","?","R","BOSS","M","?","M","$","?","R","M","R","T","M","?","M","M"],"items_purchased_type":["Card","Relic","Potion","Card"],"build_version":"2020-12-13","purchased_purges":0,"victory":false,"max_hp_per_floor":[70,70,70,70,70,70,70,70,70,70,70,70,70,70,70,70,70,70,70,70,70,70,70,71,71,71,72,72,73,73,74,74,75,75,76,77,78,78,78,78,79,79,79,80,80,81,81,81],"card_choices":[{"not_picked":["Prepared","Deflect"],"picked":"Flying Knee","floor":1},{"not_picked":["Malaise","Caltrops"],"picked":"Dagger Spray","floor":3},{"not_picked":["Slice","Expertise","Backflip"],"picked":"SKIP","floor":4},{"not_picked":["Quick Slash","Dagger Throw","PiercingWail"],"picked":"SKIP","floor":6},{"not_picked":["Endless Agony","Dodge and Roll"],"picked":"Phantasmal Killer","floor":7},{"not_picked":["Slice","Choke"],"picked":"Poisoned Stab","floor":11},{"not_picked":["Poisoned Stab","Outmaneuver"],"picked":"Backstab","floor":13},{"not_picked":["Blade Dance","Skewer"],"picked":"Bane","floor":14},{"not_picked":["Grand Finale","Wraith Form v2"],"picked":"Night Terror","floor":16},{"not_picked":["Deflect","Flying Knee"],"picked":"Predator","floor":18},{"not_picked":["Blade Dance","Cloak And Dagger"],"picked":"Crippling Poison","floor":20},{"not_picked":["Leg Sweep+1","Sucker Punch+1"],"picked":"Quick Slash+1","floor":24},{"not_picked":["Cloak And Dagger+1","Quick Slash+1"],"picked":"Deadly Poison+1","floor":27},{"not_picked":["Blade Dance+1","Slice+1"],"picked":"PiercingWail+1","floor":29},{"not_picked":["Choke+1","Flying Knee+1"],"picked":"Deadly Poison+1","floor":31},{"not_picked":["Adrenaline+1","Wraith Form v2"],"picked":"Night Terror+1","floor":33},{"not_picked":["Quick Slash+1","Caltrops+1"],"picked":"Poisoned Stab+1","floor":35},{"not_picked":["Backflip+1","Endless Agony+1"],"picked":"Dash+1","floor":36},{"not_picked":["Slice+1","Footwork+1"],"picked":"Bane+1","floor":41},{"not_picked":["Dagger Spray+1","Infinite Blades+1"],"picked":"Crippling Poison+1","floor":44},{"not_picked":["Backflip+1","Slice+1"],"picked":"Eviscerate+1","floor":46}],"player_experience":648628,"relics_obtained":[{"floor":6,"key":"Bottled Flame"},{"floor":9,"key":"Pantograph"},{"floor":13,"key":"Kunai"},{"floor":26,"key":"Toxic Egg 2"},{"floor":30,"key":"Lizard Tail"}],"event_choices":[{"damage_healed":0,"gold_gain":75,"player_choice":"Gather Gold","damage_taken":11,"max_hp_gain":0,"max_hp_loss":0,"event_name":"World of Goop","floor":2,"gold_loss":0},{"cards_removed":["Defend_G"],"damage_healed":0,"gold_gain":0,"player_choice":"Card Removal","damage_taken":0,"max_hp_gain":0,"max_hp_loss":0,"event_name":"The Cleric","floor":5,"gold_loss":50},{"damage_healed":0,"gold_gain":30,"player_choice":"Searched \u00272\u0027 times","damage_taken":0,"relics_obtained":["Darkstone Periapt"],"max_hp_gain":0,"max_hp_loss":0,"event_name":"Dead Adventurer","floor":8,"gold_loss":0},{"damage_healed":0,"gold_gain":0,"player_choice":"Obtained Relic","damage_taken":0,"relics_obtained":["Molten Egg 2"],"max_hp_gain":0,"max_hp_loss":0,"event_name":"Addict","floor":19,"gold_loss":85},{"cards_removed":["Strike_G"],"damage_healed":0,"gold_gain":0,"player_choice":"Gave Gold","damage_taken":0,"max_hp_gain":0,"max_hp_loss":0,"event_name":"Beggar","floor":21,"gold_loss":75},{"damage_healed":0,"gold_gain":0,"player_choice":"Trade","damage_taken":0,"relics_obtained":["FaceOfCleric"],"max_hp_gain":0,"max_hp_loss":0,"event_name":"FaceTrader","floor":22,"gold_loss":0},{"damage_healed":0,"gold_gain":0,"player_choice":"Opened","damage_taken":0,"relics_obtained":["Potion Belt"],"max_hp_gain":0,"max_hp_loss":0,"event_name":"The Mausoleum","floor":28,"gold_loss":0},{"cards_removed":["Strike_G"],"damage_healed":0,"gold_gain":0,"player_choice":"Removed Attack","damage_taken":0,"max_hp_gain":0,"max_hp_loss":0,"event_name":"Falling","floor":39,"gold_loss":0},{"damage_healed":0,"gold_gain":0,"player_choice":"Ignored","damage_taken":0,"max_hp_gain":0,"max_hp_loss":0,"event_name":"Mysterious Sphere","floor":45,"gold_loss":0}],"is_beta":false,"boss_relics":[{"not_picked":["HoveringKite","Ectoplasm"],"picked":"Velvet Choker"},{"not_picked":["Runic Pyramid","Philosopher\u0027s Stone"],"picked":"Ring of the Serpent"}],"items_purged_floors":[],"is_endless":false,"potions_floor_spawned":[1,4,7,14,20,27,29,31,33,35,41,46],"killed_by":"Transient","ascension_level":2}}