{"host":"3vwlzs9j0t5i9rxy","time":1608518235,"event":{"mods":["A Magickal Journey","BaseMod","Better Third Choice","Colored Map","Conspire","Energized Spire","Halation","Hermit","Hubris","Infinite Spire","Mimic Mod","Minty Spire (QoL Compilation)","Permanent Neow","Potionbrewer","Rare Cards Sparkle","Relic Stats","Replay The Spire","Shop Mod","Small Relic Pack","Somnambulant","Spicy Shops","Spikes Relics","StSLib","The Clintock","The Cursed","The Druid","The Exalted","The Florist","The Jungle","The Runesmith","The Servant 0.9.4","The Spell Scribe","The Valiant"],"gold_per_floor":[113,8,8,8,18,18,29,45,68,84,84,97,24,39,39,141,141,157,157,169,169,60,60,95,95,95,5,5,16,35,35,35],"floor_reached":31,"playtime":1430,"items_purged":[],"score":247,"play_id":"3b156308-fb30-444e-aaf3-b6f4d9111323","local_time":"20201220213715","is_ascension_mode":false,"campfire_choices":[{"data":"Runesmith:LithiumIon","floor":6,"key":"SMITH"},{"floor":15,"key":"REST"},{"floor":23,"key":"REST"},{"floor":28,"key":"REST"}],"circlet_count":0,"master_deck":["Runesmith:Strike_RS","Runesmith:Strike_RS","Runesmith:Strike_RS","Runesmith:Defend_RS","Runesmith:Defend_RS","Runesmith:Defend_RS","Runesmith:Defend_RS+1","Runesmith:CraftFirestone+1","Runesmith:Fortify","Runesmith:HeatedChisel","Runesmith:LithiumIon+1","Runesmith:EarthShield","Runesmith:UnstableHammer","Runesmith:OneForEveryone","Runesmith:ShiftingStrike","Runesmith:DoubleUp","Runesmith:CraftPrismatica","Runesmith:CraftMagma","Runesmith:Discharge","Runesmith:HammerThrow","Writhe","Runesmith:BackupBattery","potionbrewer:Shovel","Overencumbered","infinitespire:Execution","ReplayTheSpireMod:Private Reserves+1","A Thousand Cuts"],"relics":["Runesmith:BrokenRuby","hubris:Towel","Bromod:ArcaneTempo","TheAbacus","energizedSpire:SpiderWeb","relicPack:DSword","PrismaticShard","Bottled Lightning","halation:BottledLove"],"acts_visited":["Exordium","TheCity"],"potions_floor_usage":[16,24],"damage_taken":[{"damage":1,"enemies":"2 Louse","floor":1,"turns":3},{"damage":11,"enemies":"Jaw Worm","floor":5,"turns":4},{"damage":0,"enemies":"Cultist","floor":7,"turns":3},{"damage":7,"enemies":"conspire:2 RoseBushes","floor":8,"turns":4},{"damage":4,"enemies":"Blue Slaver","floor":10,"turns":3},{"damage":14,"enemies":"Exordium Wildlife","floor":12,"turns":4},{"damage":6,"enemies":"Red Slaver","floor":14,"turns":3},{"damage":34,"enemies":"Slime Boss","floor":16,"turns":10},{"damage":16,"enemies":"Shell Parasite","floor":18,"turns":6},{"damage":16,"enemies":"Chosen","floor":20,"turns":7},{"damage":21,"enemies":"conspire:Head Lice","floor":24,"turns":5},{"damage":9,"enemies":"Centurion and Healer","floor":29,"turns":5},{"damage":17,"enemies":"Snecko","floor":30,"turns":5},{"damage":6,"enemies":"Shelled Parasite and Fungi","floor":31,"turns":1}],"seed_played":"3588908163447137088","potions_obtained":[{"floor":1,"key":"Dexterity Potion"},{"floor":7,"key":"SmokeBomb"},{"floor":12,"key":"Death Potion"},{"floor":14,"key":"potionbrewer:BarricadePotion"},{"floor":16,"key":"EssenceOfSteel"},{"floor":29,"key":"potionbrewer:QuicksilverPotion"}],"is_trial":false,"path_per_floor":["M","$","?","?","M","R","M","M","T","M","?","M","$","M","R_BF","B",null,"M","?","M","?","$","R","E","?","T","?","R","M","M","M"],"character_chosen":"RUNESMITH_CLASS","items_purchased":["Runesmith:LithiumIon","TheAbacus","PrismaticShard","Runesmith:BackupBattery"],"campfire_rested":3,"item_purchase_floors":[2,13,22,22],"current_hp_per_floor":[69,69,69,69,58,58,58,51,51,47,52,38,38,32,54,20,75,59,59,43,8,8,30,9,9,9,9,31,22,5,0,0],"gold":35,"neow_bonus":"RANDOM_EVENT","is_daily":false,"chose_seed":false,"campfire_upgraded":1,"win_rate":0.0,"timestamp":1608518235,"path_taken":["M","$","?","?","?","R","?","M","T","M","?","M","?","M","R_BF","BOSS","M","?","?","?","$","R","E","?","T","?","R","M","?","M"],"items_purchased_type":["Card","Relic","Relic","Card"],"build_version":"2020-12-13","purchased_purges":0,"victory":false,"max_hp_per_floor":[70,70,70,70,70,70,70,70,70,70,75,75,75,75,75,75,75,75,75,75,75,75,75,75,75,75,75,75,75,75,75,75],"relic_stats":{"TheAbacus":[42],"counters":[14,63],"obtain_stats":[{"Runesmith:BrokenRuby":0,"TheAbacus":13,"relicPack:DSword":21,"halation:BottledLove":26,"Bromod:ArcaneTempo":9,"Bottled Lightning":24,"hubris:Towel":3,"energizedSpire:SpiderWeb":17,"PrismaticShard":22},{"Runesmith:BrokenRuby":0,"TheAbacus":6,"relicPack:DSword":10,"halation:BottledLove":11,"Bromod:ArcaneTempo":4,"Bottled Lightning":11,"hubris:Towel":1,"energizedSpire:SpiderWeb":8,"PrismaticShard":10},{"Runesmith:BrokenRuby":0,"TheAbacus":21,"relicPack:DSword":47,"halation:BottledLove":52,"Bromod:ArcaneTempo":14,"Bottled Lightning":52,"hubris:Towel":3,"energizedSpire:SpiderWeb":34,"PrismaticShard":47}]},"card_choices":[{"not_picked":["Runesmith:HammerThrow","Runesmith:RunicBlueprint"],"picked":"Runesmith:HeatedChisel","floor":1},{"not_picked":["Runesmith:LithiumIon","Runesmith:HeatExchange"],"picked":"Runesmith:UnstableHammer","floor":5},{"not_picked":["Runesmith:Prism","Runesmith:CraftProtectio"],"picked":"Runesmith:OneForEveryone","floor":7},{"not_picked":["Runesmith:OneForEveryone","Runesmith:Malloc"],"picked":"Runesmith:ShiftingStrike","floor":8},{"not_picked":["Runesmith:StaticCage","Runesmith:ChiselStab","Runesmith:Overpower"],"picked":"SKIP","floor":10},{"not_picked":["Runesmith:RuneHurl","Runesmith:StaticCage"],"picked":"Runesmith:DoubleUp","floor":12},{"not_picked":["Runesmith:Repurpose","Runesmith:MakeshiftArmor","Runesmith:EnergizedChisel"],"picked":"SKIP","floor":14},{"not_picked":["Runesmith:Supernova","Runesmith:MetallurgicalResearch"],"picked":"Runesmith:CraftPrismatica","floor":16},{"not_picked":["Runesmith:Prism","Runesmith:HeatedChisel"],"picked":"Runesmith:CraftMagma","floor":18},{"not_picked":["Runesmith:HeatedChisel+1","Runesmith:StaticCage"],"picked":"Runesmith:HammerThrow","floor":20},{"not_picked":["MightForm","theDruid:Infestation"],"picked":"potionbrewer:Shovel","floor":24},{"not_picked":["infinitespire:Fortify","infinitespire:UltimateForm"],"picked":"infinitespire:Execution","floor":25},{"not_picked":["Disarm","clintock:Irradiate"],"picked":"ReplayTheSpireMod:Private Reserves+1","floor":29},{"not_picked":["Hologram+1","hubris:ReadiedAction+1"],"picked":"A Thousand Cuts","floor":30}],"player_experience":24004,"relics_obtained":[{"floor":9,"key":"Bromod:ArcaneTempo"},{"floor":24,"key":"Bottled Lightning"},{"floor":26,"key":"halation:BottledLove"}],"event_choices":[{"damage_healed":0,"gold_gain":0,"player_choice":"Grow","damage_taken":0,"max_hp_gain":0,"max_hp_loss":0,"event_name":"Living Wall","floor":0,"gold_loss":0,"cards_upgraded":["Runesmith:CraftFirestone"]},{"damage_healed":0,"gold_gain":0,"player_choice":"Donut","damage_taken":0,"max_hp_gain":5,"max_hp_loss":0,"event_name":"Big Fish","floor":11,"gold_loss":0},{"damage_healed":0,"gold_gain":0,"cards_transformed":["Runesmith:Strike_RS"],"player_choice":"Transformed","damage_taken":0,"max_hp_gain":0,"max_hp_loss":0,"event_name":"Transmorgrifier","floor":19,"gold_loss":0,"cards_obtained":["Runesmith:Discharge"]},{"cards_removed":["hubris:Lust"],"damage_healed":0,"gold_gain":0,"player_choice":"Upgrade and Remove","damage_taken":0,"max_hp_gain":0,"max_hp_loss":0,"event_name":"Designer","floor":27,"gold_loss":90,"cards_upgraded":["Runesmith:Defend_RS"]}],"is_beta":false,"boss_relics":[{"not_picked":["Replay:Bronze Core","halation:LoveArrow"],"picked":"energizedSpire:SpiderWeb"}],"items_purged_floors":[],"is_endless":false,"potions_floor_spawned":[1,7,12,14,16,18,29,30],"killed_by":"Shelled Parasite and Fungi","ascension_level":0}}