{"host":"c1oza4x7xlyuasvd","time":1608554710,"event":{"mods":["ATMod(°¢èªMod)","Act Like it!","BaseMod","Better Vampires","Colored Powertips","Friendly Minions","Gensokyo","Minty Spire (QoL Compilation)","MostiFishMod","Replay The Spire","RumiaBox-Â¶Ã×æ«µÄÉñÃØºÐ×Ó","StSLib","TestMod","Waifu the Spire","¡¾¹¦ÄÜMod¡¿»ìãçÖ®»·ÐÞ¸´²¹¶¡","¡¾ÒÅÎï¿¨ÅÆ¡¿REMEMod"],"gold_per_floor":[360,379,396,409,428,458,458,490,490,490,525,525,302,302,302,380,380,396,321,321,321,241,268,281,316,316,316,70,95,138,199,199,353,353,438,46,46,186,1185,1243,626,677,699,757,867,925,1013,1071,1071,1119],"floor_reached":51,"playtime":1854,"items_purged":["Strike_P","Defend_G","Defend_P","Defend_P","Defend_P"],"score":2191,"play_id":"9b04f115-5d6b-4aaf-97ee-ddcefd003174","local_time":"20201221204510","is_ascension_mode":true,"campfire_choices":[{"data":"Eruption","floor":7.0,"key":"SMITH"},{"data":"AT_RealColorLess","floor":12.0,"key":"SMITH"},{"data":"AT_KingSlayer","floor":27,"key":"SMITH"},{"data":"Study","floor":32,"key":"SMITH"},{"data":"Strike_P","floor":49,"key":"PURGE"}],"circlet_count":0,"master_deck":["AscendersBane","Strike_P","Eruption+1","Vigilance+1","AT_KingSlayer+1","AT_RealColorLess+1","ReplayTheSpireMod:Brewmster","Flash of Steel+1","AT_MachinaRedman+1","Echo Form+1","MostiFishMod:LegendTransform","MostiFishMod:InvigoratingSolution","REME_SingleHolding","MostiFishMod:Mottled+2","Study+1","Recycle","MostiFishMod:Culaccino+1","Collect","testmod-EnhanceArmerment+1","Normality","Normality","MostiFishMod:FourSeasons+1","testmod-ShutDown+1"],"relics":["PureWater","testmod-TestBox","AT_ATBox","DaveBox","REME_ComplimentaryCards","DianPoetry","testmod-ChristmasGift","Question Card","PrismaticShard","CombinedTypeHook","Lantern","Replay:Wax Seal","BrkXgEgg","ImportantClient","GreenFoldingFan","testmod-Justice","Blue Candle","Replay:Accelerometer","AT_MibuBalloonWealth","Fusion Hammer","OrangePellets","Singing Bowl","Ornamental Fan","testmod-Charity","testmod-CyclicPeriapt","Whetstone","Dream Catcher","Damaru","testmod-ArcanaOfDestiny"],"acts_visited":["Exordium","TheCity","TheBeyond"],"potions_floor_usage":[31,31,33,33,47,50],"damage_taken":[{"damage":1.0,"enemies":"2 Louse","floor":1.0,"turns":4.0},{"damage":0.0,"enemies":"Small Slimes","floor":2.0,"turns":3.0},{"damage":4.0,"enemies":"Jaw Worm","floor":3.0,"turns":4.0},{"damage":2.0,"enemies":"Gremlin Gang","floor":4.0,"turns":3.0},{"damage":0.0,"enemies":"2 Fungi Beasts","floor":5.0,"turns":4.0},{"damage":11.0,"enemies":"Lagavulin","floor":6.0,"turns":7.0},{"damage":0.0,"enemies":"Replay:BlueRogue","floor":8.0,"turns":3.0},{"damage":12.0,"enemies":"3 Sentries","floor":11.0,"turns":4.0},{"damage":0.0,"enemies":"Slime Boss","floor":16.0,"turns":4.0},{"damage":15.0,"enemies":"Shell Parasite","floor":18.0,"turns":3.0},{"damage":2,"enemies":"Book of Stabbing","floor":23,"turns":1},{"damage":4,"enemies":"3 Byrds","floor":24,"turns":2},{"damage":4,"enemies":"REME_1_Revenger","floor":25,"turns":2},{"damage":2,"enemies":"Slavers","floor":29,"turns":1},{"damage":2,"enemies":"Snake Plant","floor":30,"turns":1},{"damage":12,"enemies":"Shelled Parasite and Fungi","floor":31,"turns":3},{"damage":6,"enemies":"Pondfish","floor":33,"turns":3},{"damage":4,"enemies":"3 Shapes","floor":35,"turns":2},{"damage":4,"enemies":"3 Darklings","floor":38,"turns":2},{"damage":7,"enemies":"Nemesis","floor":40,"turns":3},{"damage":3,"enemies":"Giant Head","floor":42,"turns":1},{"damage":8,"enemies":"Nemesis","floor":44,"turns":3},{"damage":5,"enemies":"4 Shapes","floor":45,"turns":2},{"damage":2,"enemies":"R_Hoarder","floor":46,"turns":1},{"damage":18,"enemies":"Sphere and 2 Shapes","floor":47,"turns":3},{"damage":4,"enemies":"Giant Head","floor":48,"turns":2},{"damage":29,"enemies":"Donu and Deca","floor":50,"turns":2}],"seed_played":"-3382452892923959722","potions_obtained":[{"floor":24,"key":"PowerPotion"},{"floor":42,"key":"EntropicBrew"},{"floor":47,"key":"testmod-SpacePotion"}],"is_trial":false,"path_per_floor":["M","M","M","M","M","E","R","E","T","?","E","R","$","?","R","B",null,"M","?","?","?","$","E","M","E","T","R","$","E","M","M","R","B",null,"M","$","?","M","?","E","$","E","T","E","M","E","M","E","R","B",null],"character_chosen":"WATCHER","items_purchased":["BrkXgEgg","MostiFishMod:Mottled+1","OrangePellets","testmod-EnhanceArmerment+1","Ornamental Fan","testmod-Charity","testmod-ShutDown+1"],"campfire_rested":0,"item_purchase_floors":[13,28,36,36,41,41,41],"current_hp_per_floor":[64,67,66,67,68,62,62,63,63,68,60,60,60,60,60,73,73,71,71,71,71,71,73,73,73,73,73,73,73,73,73,73,73,73,73,73,73,73,73,73,73,77,78,82,89,93,93,103,103,86],"gold":1119,"neow_bonus":"TWO_FIFTY_GOLD","is_daily":false,"chose_seed":false,"campfire_upgraded":4,"win_rate":0.0,"timestamp":1608554710,"path_taken":["M","M","M","M","M","E","R","E","T","?","E","R","$","?","R","BOSS","M","?","?","?","?","E","?","E","T","R","$","E","M","M","R","BOSS","M","$","?","M","?","E","$","E","T","E","M","E","M","E","R","BOSS"],"items_purchased_type":["Relic","Card","Relic","Card","Relic","Relic","Card"],"build_version":"2020-12-13","purchased_purges":5,"victory":true,"max_hp_per_floor":[68,68,68,68,68,68,68,68,68,73,73,73,73,73,73,73,73,73,73,73,73,73,73,73,73,73,73,73,73,73,73,73,73,73,73,73,73,73,73,73,73,77,78,82,89,93,99,103,103,105],"card_choices":[{"not_picked":["Wallop","REME_Repentance","Consecrate"],"picked":"SKIP","floor":1.0},{"not_picked":["Calculated Gamble","AT_BodySlamDance","AT_SoftenMuscles","Lockon"],"picked":"SKIP","floor":2.0},{"not_picked":["AT_DivineConfetti","Beam Cell","ReplayTheSpireMod:Strike From Hell","Sword Boomerang"],"picked":"SKIP","floor":3.0},{"not_picked":["Ball Lightning","Poisoned Stab","Stack","FTL"],"picked":"SKIP","floor":4.0},{"not_picked":["Inflame","True Grit","Reinforced Body","ClearTheMind"],"picked":"SKIP","floor":5.0},{"not_picked":["Pommel Strike","Bane","AT_ThreeBodyProblem","Quick Slash"],"picked":"SKIP","floor":6.0},{"not_picked":["Sweeping Beam","Streamline","Dodge and Roll"],"picked":"ReplayTheSpireMod:Brewmster","floor":8.0},{"not_picked":["Hello World","testmod-ComboMaster","Purity"],"picked":"Flash of Steel","floor":11.0},{"not_picked":["Eclipse+1","MostiFishMod:Pointsdynamics+1","AT_BreakingExtremeWeapon+1"],"picked":"Echo Form+1","floor":16.0},{"not_picked":["ReplayTheSpireMod:LeadingStrike","Footwork","Evaluate","Worship"],"picked":"SKIP","floor":18.0},{"not_picked":["Dagger Spray","testmod-BackupPower","MostiFishMod:Pointsdynamics+1","Dark Shackles+1"],"picked":"SKIP","floor":23},{"not_picked":["EmptyFist","ReplayTheSpireMod:Speed Training","FlyingSleeves"],"picked":"MostiFishMod:InvigoratingSolution","floor":24},{"not_picked":["AT_BodySlamDance","Consume","Acrobatics"],"picked":"REME_SingleHolding","floor":25},{"not_picked":["Tactician","ForeignInfluence","REME_TheoryOfElimination","Study"],"picked":"SKIP","floor":29},{"not_picked":["Tactician","ForeignInfluence","REME_TheoryOfElimination"],"picked":"Study","floor":29},{"not_picked":["Combust","Armaments+1","FlurryOfBlows"],"picked":"Recycle","floor":30},{"not_picked":["ReplayTheSpireMod:Shiv Toss","Caltrops","Leap","Sucker Punch"],"picked":"SKIP","floor":31},{"not_picked":["Hemogenesis+1","REME_SpectralBlade+1","MostiFishMod:Listen+1"],"picked":"MostiFishMod:Culaccino+1","floor":33},{"not_picked":["Outmaneuver","Crescendo","EmptyFist"],"picked":"Collect","floor":35},{"not_picked":["testmod-TemporaryDeletion","Double Energy","Indignation","testmod-RabbitOfFibonacci"],"picked":"SKIP","floor":38},{"not_picked":["EmptyFist","AT_BodySlamDance","FollowUp+1"],"picked":"MostiFishMod:FourSeasons+1","floor":40},{"not_picked":["ReplayTheSpireMod:Reroute Power","Panic Button","Armaments","Slice"],"picked":"Singing Bowl","floor":42},{"not_picked":["Hemokinesis+1","PiercingWail+1","Replay:BluntJabs","Dagger Throw"],"picked":"Singing Bowl","floor":44},{"not_picked":["Reflex","Blind","FollowUp","Turbo"],"picked":"Singing Bowl","floor":45},{"not_picked":["REME_GrazeFinale+1","Heavy Blade","AT_WindFlip+1","ReplayTheSpireMod:Strike From Hell"],"picked":"Singing Bowl","floor":46},{"not_picked":["BasicCrystalCard","Compile Driver","Apotheosis+1","Rebound"],"picked":"Singing Bowl","floor":47},{"not_picked":["PiercingWail","Caltrops+1","Coolheaded","Blade Dance"],"picked":"Singing Bowl","floor":48}],"player_experience":186938,"relics_obtained":[{"floor":1.0,"key":"Question Card"},{"floor":1.0,"key":"PrismaticShard"},{"floor":6.0,"key":"CombinedTypeHook"},{"floor":8.0,"key":"Lantern"},{"floor":11.0,"key":"Replay:Wax Seal"},{"floor":16.0,"key":"ImportantClient"},{"floor":23,"key":"testmod-Justice"},{"floor":25,"key":"Blue Candle"},{"floor":26,"key":"Replay:Accelerometer"},{"floor":29,"key":"AT_MibuBalloonWealth"},{"floor":40,"key":"Singing Bowl"},{"floor":42,"key":"testmod-CyclicPeriapt"},{"floor":43,"key":"Whetstone"},{"floor":44,"key":"Dream Catcher"},{"floor":46,"key":"Damaru"},{"floor":48,"key":"testmod-ArcanaOfDestiny"}],"event_choices":[{"damage_healed":0.0,"max_hp_gain":5.0,"max_hp_loss":0.0,"gold_gain":0.0,"event_name":"Big Fish","player_choice":"Donut","floor":10.0,"gold_loss":0.0,"damage_taken":0.0},{"cards_removed":["Defend_P"],"damage_healed":0.0,"max_hp_gain":0.0,"max_hp_loss":0.0,"gold_gain":0.0,"event_name":"Beggar","player_choice":"Gave Gold","floor":19.0,"gold_loss":75.0,"damage_taken":0.0},{"damage_healed":0.0,"max_hp_gain":0.0,"max_hp_loss":0.0,"gold_gain":0.0,"event_name":"The Library","player_choice":"Read","floor":21.0,"gold_loss":0.0,"damage_taken":0.0,"cards_obtained":["MostiFishMod:LegendTransform"]},{"cards_removed":["Survivor"],"damage_healed":0,"gold_gain":0,"player_choice":"Removed Skill","damage_taken":0,"max_hp_gain":0,"max_hp_loss":0,"event_name":"Falling","floor":37,"gold_loss":0},{"damage_healed":0,"gold_gain":999,"player_choice":"Gold","damage_taken":0,"max_hp_gain":0,"max_hp_loss":0,"event_name":"MindBloom","floor":39,"gold_loss":0,"cards_obtained":["Normality","Normality"]}],"is_beta":false,"boss_relics":[{"not_picked":["Cursed Key","RhineFirstAidKit"],"picked":"GreenFoldingFan"},{"not_picked":["REME_DemonsWealth","JellyFishMachine"],"picked":"Fusion Hammer"}],"items_purged_floors":[13,22,28,36,41],"is_endless":false,"potions_floor_spawned":[6,8,16,24,29,30,40,42,45,47],"ascension_level":14}}