{"host":"k5ezbu40hxyit46v","time":1608594789,"event":{"mods":["Act Like it!","Aspiration","Astrologer","BaseMod","BetterRewards","Conspire","DeckTracker","Energized Spire","Googly Eyes","Halation","HexUI Lib","Highlight Path","Hubris","Infinite Spire","Jedi Mod","Mad Scientist","Marisa????????","Minty Spire (QoL Compilation)","Quarter Circle Forward PUNCH!","Quick Restart","Replay The Spire","Reworked Bosses","Shop Mod","Spikes Relics","StSLib","The Administrix","The Awakened One except there are too many feathers","The Bladedancer","The Cursed","The IronCluck","The Servant 0.9.4","The Wild Card","everything is the same but u backflip on backflip","slay the spire mod where everything is the same but ironclad has a cowboy hat","vexMod"],"gold_per_floor":[110,110,185,196,211,211,223,223,223,256,256,266,266,280,280,351,351,370,370,382,62,62,62,62,62],"floor_reached":24,"playtime":609,"items_purged":[],"score":392,"play_id":"fc3413a5-c575-43c1-bf0a-a744613adf88","local_time":"20201221185309","is_ascension_mode":true,"campfire_choices":[{"data":"hubris:ReadiedAction","floor":6.0,"key":"SMITH"},{"data":"Bash","floor":8.0,"key":"SMITH"},{"data":"Bludgeon","floor":13.0,"key":"SMITH"},{"data":"Sword Boomerang","floor":15.0,"key":"SMITH"},{"data":"Defend_R","floor":23,"key":"SMITH"}],"circlet_count":0,"master_deck":["AscendersBane","Strike_R","Strike_R+1","Defend_R+1","Defend_R","Defend_R","Defend_R","Bash+1","Trip+1","Sword Boomerang+1","hubris:ReadiedAction+1","Clothesline","Bludgeon+1","Double Tap","Feel No Pain"],"relics":["Burning Blood","Bottled Lightning","Pantograph","Empty Cage","RetroEgg","Bronze Scales","HandDrill"],"acts_visited":["Exordium","TheCity"],"potions_floor_usage":[16],"damage_taken":[{"damage":0.0,"enemies":"2 Louse","floor":1.0,"turns":5.0},{"damage":7.0,"enemies":"Jaw Worm","floor":4.0,"turns":4.0},{"damage":0.0,"enemies":"Cultist","floor":5.0,"turns":2.0},{"damage":18.0,"enemies":"Blue Slaver","floor":7.0,"turns":5.0},{"damage":10.0,"enemies":"Lagavulin","floor":10.0,"turns":4.0},{"damage":4.0,"enemies":"Red Slaver","floor":12.0,"turns":4.0},{"damage":16.0,"enemies":"3 Louse","floor":14.0,"turns":3.0},{"damage":20,"enemies":"Hexaghost","floor":16,"turns":6},{"damage":0,"enemies":"Chosen","floor":18,"turns":3},{"damage":12,"enemies":"2 Thieves","floor":20,"turns":4},{"damage":47,"enemies":"conspire:SneckoGhost","floor":24,"turns":8}],"seed_played":"-633159239855448548","potions_obtained":[{"floor":7.0,"key":"SteroidPotion"},{"floor":14.0,"key":"LiquidMemories"},{"floor":16,"key":"Block Potion"}],"is_trial":false,"path_per_floor":["M","?","?","M","M","R","M","R","T","E","$","M","R","M","R","B",null,"M","?","M","$","?","R","E"],"character_chosen":"IRONCLAD","items_purchased":["Bronze Scales","HandDrill"],"campfire_rested":0,"item_purchase_floors":[21,21],"current_hp_per_floor":[74,51,40,39,45,45,33,33,33,29,29,31,31,21,21,32,64,70,70,64,64,64,64,17,17],"gold":62,"neow_bonus":"RANDOM_COLORLESS","is_daily":false,"chose_seed":false,"campfire_upgraded":5,"win_rate":0.0,"timestamp":1608594789,"path_taken":["M","?","?","M","M","R","M","R","T","E","$","?","R","?","R","BOSS","M","?","?","$","?","R","E"],"items_purchased_type":["Relic","Relic"],"build_version":"2020-12-13","purchased_purges":0,"victory":false,"max_hp_per_floor":[75,75,75,75,75,75,75,75,75,75,75,75,75,75,75,75,75,75,75,75,75,75,75,75,75],"card_choices":[{"not_picked":["Bandage Up","Survey Options"],"picked":"Trip","floor":0.0},{"not_picked":["jedi:controlledanger","Clash"],"picked":"Sword Boomerang","floor":1.0},{"not_picked":["Anger","Infernal Blade"],"picked":"hubris:ReadiedAction","floor":4.0},{"not_picked":["Rupture","Run Through"],"picked":"Clothesline","floor":5.0},{"not_picked":["hubris:ReadiedAction","Perfected Strike","Searing Blow"],"picked":"SKIP","floor":7.0},{"not_picked":["Replay:Undeath\u0027s Touch","jedi:controlledanger","Clash"],"picked":"SKIP","floor":10.0},{"not_picked":["Entrench","Clash"],"picked":"Bludgeon","floor":12.0},{"not_picked":["Havoc","hubris:ReadiedAction","Thunderclap"],"picked":"SKIP","floor":14.0},{"not_picked":["Reaper","jedi:unlimitedpower"],"picked":"Double Tap","floor":16},{"not_picked":["Twin Strike","Thunderclap","Iron Wave"],"picked":"SKIP","floor":18},{"not_picked":["Body Slam","Defy Death","ReplayTheSpireMod:Strike From Hell"],"picked":"SKIP","floor":20}],"player_experience":1194710,"relics_obtained":[{"floor":9.0,"key":"Bottled Lightning"},{"floor":10.0,"key":"Pantograph"}],"event_choices":[{"damage_healed":0.0,"max_hp_gain":0.0,"max_hp_loss":0.0,"gold_gain":0.0,"event_name":"Shining Light","player_choice":"Entered Light","floor":2.0,"gold_loss":0.0,"damage_taken":23.0,"cards_upgraded":["Strike_R","Trip"]},{"damage_healed":0.0,"max_hp_gain":0.0,"max_hp_loss":0.0,"gold_gain":75.0,"event_name":"World of Goop","player_choice":"Gather Gold","floor":3.0,"gold_loss":0.0,"damage_taken":11.0},{"damage_healed":0,"gold_gain":0,"player_choice":"Gave Potion","damage_taken":0,"relics_obtained":["RetroEgg"],"max_hp_gain":0,"max_hp_loss":0,"event_name":"WeMeetAgain","floor":19,"gold_loss":0},{"damage_healed":0,"gold_gain":0,"cards_transformed":["Strike_R"],"player_choice":"Transformed","damage_taken":0,"max_hp_gain":0,"max_hp_loss":0,"event_name":"Transmorgrifier","floor":22,"gold_loss":0,"cards_obtained":["Feel No Pain"]}],"is_beta":false,"boss_relics":[{"not_picked":["energizedSpire:TabascoSauce","ChewingGum"],"picked":"Empty Cage"}],"items_purged_floors":[],"is_endless":false,"potions_floor_spawned":[7,14,16],"killed_by":"conspire:SneckoGhost","ascension_level":20}}