{"host":"nsxzlb359hv0da5z","time":1608531894,"event":{"mods":["BaseMod","Bestiary","Colored Map","Minty Spire (QoL Compilation)","Permanent Neow","Relic Stats","Slay the Relics Exporter","ojb\u0027s Info Mod"],"gold_per_floor":[119,131,144,219,229,229,258,258,258,258,133,166,180,213,213,318,318,328,339,356,356,104,104,104,133,133,152,163,196,196,296,296,396,396,415,465,465,485,500,500,531,531,531,543,543,563,268,294,294,294,294,294,14,43,43],"floor_reached":56,"playtime":8999,"items_purged":["Strike_R","Strike_R","Strike_R"],"score":1823,"play_id":"563a66f8-31dc-4ee4-959e-e19967bad30c","local_time":"20201220222454","is_ascension_mode":true,"campfire_choices":[{"data":"Carnage","floor":6,"key":"SMITH"},{"data":"Wild Strike","floor":8,"key":"SMITH"},{"floor":10,"key":"REST"},{"data":"True Grit","floor":15,"key":"SMITH"},{"data":"Uppercut","floor":23,"key":"SMITH"},{"data":"Ghostly","floor":30,"key":"SMITH"},{"data":"Demon Form","floor":32,"key":"SMITH"},{"data":"Battle Trance","floor":40,"key":"SMITH"},{"data":"Limit Break","floor":42,"key":"SMITH"},{"floor":45,"key":"RECALL"},{"data":"Ghostly","floor":49,"key":"SMITH"},{"data":"Seeing Red","floor":52,"key":"SMITH"}],"circlet_count":0,"master_deck":["AscendersBane","Strike_R","Defend_R","Defend_R","Defend_R","Defend_R","Bash","Carnage+1","Shockwave+1","Wild Strike+1","Spot Weakness+1","Reaper","True Grit+1","Impervious","Demon Form+1","Uppercut+1","Headbutt+1","Impervious","Ghostly","Ghostly","Ghostly","Ghostly+1","Ghostly+1","Shrug It Off+1","Warcry+1","Whirlwind+1","Evolve+1","Seeing Red+1","Pummel+1","Impervious","Disarm+1","Disarm","Battle Trance+1","Limit Break+1","Disarm+1","Burning Pact+1"],"relics":["Philosopher\u0027s Stone","Potion Belt","Nunchaku","Ornamental Fan","Blue Candle","Coffee Dripper","Molten Egg 2","White Beast Statue","Incense Burner","Pear","SacredBark","Lizard Tail","Magic Flower","Self Forming Clay","Kunai","War Paint","ClockworkSouvenir","InkBottle"],"acts_visited":["Exordium","TheCity","TheBeyond","TheEnding"],"potions_floor_usage":[14,16,31,55,55,55,55,55],"damage_taken":[{"damage":0,"enemies":"2 Louse","floor":1,"turns":2},{"damage":2,"enemies":"Cultist","floor":2,"turns":3},{"damage":3,"enemies":"Jaw Worm","floor":3,"turns":3},{"damage":11,"enemies":"Red Slaver","floor":5,"turns":2},{"damage":13,"enemies":"3 Sentries","floor":7,"turns":6},{"damage":5,"enemies":"Lagavulin","floor":12,"turns":4},{"damage":0,"enemies":"Blue Slaver","floor":13,"turns":2},{"damage":17,"enemies":"Gremlin Nob","floor":14,"turns":3},{"damage":0,"enemies":"Slime Boss","floor":16,"turns":9},{"damage":28,"enemies":"3 Byrds","floor":18,"turns":5},{"damage":9,"enemies":"Spheric Guardian","floor":19,"turns":4},{"damage":18,"enemies":"3 Cultists","floor":20,"turns":5},{"damage":14,"enemies":"Slavers","floor":25,"turns":7},{"damage":18,"enemies":"Chosen and Byrds","floor":27,"turns":7},{"damage":0,"enemies":"Snake Plant","floor":28,"turns":5},{"damage":5,"enemies":"Gremlin Leader","floor":29,"turns":5},{"damage":4,"enemies":"Colosseum Slavers","floor":31,"turns":5},{"damage":2,"enemies":"Colosseum Nobs","floor":31,"turns":5},{"damage":3,"enemies":"Collector","floor":33,"turns":9},{"damage":2,"enemies":"Orb Walker","floor":35,"turns":5},{"damage":0,"enemies":"Mind Bloom Boss Battle","floor":36,"turns":5},{"damage":2,"enemies":"3 Shapes","floor":38,"turns":6},{"damage":11,"enemies":"Jaw Worm Horde","floor":39,"turns":4},{"damage":2,"enemies":"Reptomancer","floor":41,"turns":8},{"damage":5,"enemies":"Maw","floor":44,"turns":6},{"damage":2,"enemies":"Spire Growth","floor":46,"turns":6},{"damage":4,"enemies":"Nemesis","floor":48,"turns":7},{"damage":46,"enemies":"Donu and Deca","floor":50,"turns":13},{"damage":11,"enemies":"Shield and Spear","floor":54,"turns":8},{"damage":9,"enemies":"The Heart","floor":55,"turns":9}],"seed_played":"-8000822149271825959","potions_obtained":[{"floor":5,"key":"ColorlessPotion"},{"floor":7,"key":"SmokeBomb"},{"floor":27,"key":"DistilledChaos"},{"floor":28,"key":"ElixirPotion"},{"floor":31,"key":"LiquidMemories"},{"floor":33,"key":"Block Potion"},{"floor":35,"key":"BloodPotion"},{"floor":36,"key":"SkillPotion"},{"floor":39,"key":"DistilledChaos"},{"floor":41,"key":"Ancient Potion"},{"floor":44,"key":"EssenceOfSteel"}],"is_trial":false,"path_per_floor":["M","M","M","?","M","R","E","R","T","R","$","E","M","E","R","B",null,"M","M","M","?","$","R","?","E","T","M","M","E","R","?","R","B",null,"M","?","?","M","M","R","E","R","T","M","R","M","$","E","R","B",null,"R","$","E","B",null],"character_chosen":"IRONCLAD","items_purchased":["Strength Potion","Shrug It Off","DuplicationPotion","BlessingOfTheForge","Kunai","SpeedPotion","ClockworkSouvenir"],"campfire_rested":1,"item_purchase_floors":[11,22,22,22,47,47,53],"current_hp_per_floor":[72,70,67,59,48,48,35,35,35,59,59,60,60,52,52,58,75,74,65,62,40,40,40,40,40,40,28,34,40,40,48,48,50,50,50,50,50,50,50,50,50,50,50,50,50,48,48,49,49,39,47,47,47,36,43],"gold":43,"neow_bonus":"BOSS_RELIC","is_daily":false,"chose_seed":false,"campfire_upgraded":10,"win_rate":0.0,"timestamp":1608531894,"path_taken":["M","M","M","?","?","R","E","R","T","R","?","E","M","E","R","BOSS","M","M","M","?","$","R","?","E","T","?","M","E","R","?","R","BOSS","M","?","?","?","?","R","E","R","T","M","R","M","$","E","R","BOSS","R","$","E","BOSS"],"items_purchased_type":["Potion","Card","Potion","Potion","Relic","Potion","Relic"],"build_version":"2020-12-13","purchased_purges":3,"victory":true,"max_hp_per_floor":[80,80,80,80,80,80,80,80,80,80,80,80,80,80,80,80,80,80,80,80,40,40,40,40,40,40,40,40,40,40,50,50,50,50,50,50,50,50,50,50,50,50,50,50,50,50,50,50,50,50,50,50,50,50,50],"relic_stats":{"Nunchaku":[19],"Lizard Tail":0,"counters":[30,168],"Ornamental Fan":[68],"Self Forming Clay":[87],"Blue Candle":[0],"Magic Flower":[0],"Kunai":[4],"War Paint":["Spot Weakness","Shrug It Off"],"obtain_stats":[{"Potion Belt":7,"Pear":31,"Self Forming Clay":43,"Blue Candle":14,"SacredBark":34,"Magic Flower":41,"Incense Burner":31,"War Paint":48,"Burning Blood":0,"White Beast Statue":29,"ClockworkSouvenir":53,"Nunchaku":9,"Lizard Tail":36,"Ornamental Fan":12,"Philosopher\u0027s Stone":0,"Molten Egg 2":25,"Coffee Dripper":17,"Kunai":47,"InkBottle":54},{"Potion Belt":5,"Pear":18,"Self Forming Clay":24,"Blue Candle":8,"SacredBark":19,"Magic Flower":24,"Incense Burner":18,"War Paint":27,"Burning Blood":0,"White Beast Statue":16,"ClockworkSouvenir":28,"Nunchaku":5,"Lizard Tail":21,"Ornamental Fan":6,"Philosopher\u0027s Stone":0,"Molten Egg 2":13,"Coffee Dripper":9,"Kunai":26,"InkBottle":29},{"Potion Belt":16,"Pear":82,"Self Forming Clay":119,"Blue Candle":25,"SacredBark":91,"Magic Flower":119,"Incense Burner":82,"War Paint":138,"Burning Blood":0,"White Beast Statue":72,"ClockworkSouvenir":151,"Nunchaku":16,"Lizard Tail":101,"Ornamental Fan":20,"Philosopher\u0027s Stone":0,"Molten Egg 2":55,"Coffee Dripper":34,"Kunai":131,"InkBottle":159}],"InkBottle":[3]},"card_choices":[{"not_picked":["Flex","Armaments"],"picked":"Carnage","floor":1},{"not_picked":["Pommel Strike","Havoc"],"picked":"Shockwave","floor":2},{"not_picked":["Armaments","Thunderclap"],"picked":"Wild Strike","floor":3},{"not_picked":["Headbutt","Clothesline"],"picked":"Spot Weakness","floor":5},{"not_picked":["Battle Trance","True Grit"],"picked":"Reaper","floor":7},{"not_picked":["Clash","Bloodletting","Warcry"],"picked":"SKIP","floor":12},{"not_picked":["Pummel","Havoc"],"picked":"True Grit","floor":13},{"not_picked":["Clash","Battle Trance"],"picked":"Impervious","floor":14},{"not_picked":["Impervious","Barricade"],"picked":"Demon Form","floor":16},{"not_picked":["Thunderclap+1","Wild Strike"],"picked":"Uppercut","floor":18},{"not_picked":["Clash","Armaments"],"picked":"Headbutt+1","floor":19},{"not_picked":["Cleave+1","Hemokinesis"],"picked":"Impervious","floor":20},{"not_picked":["Evolve","Iron Wave+1"],"picked":"Warcry+1","floor":25},{"not_picked":["Evolve","Searing Blow+1"],"picked":"Whirlwind+1","floor":27},{"not_picked":["Anger+1","Pommel Strike+1"],"picked":"Evolve+1","floor":28},{"not_picked":["Bloodletting","Pummel+1"],"picked":"Seeing Red","floor":29},{"not_picked":["Body Slam+1","Flex+1"],"picked":"Pummel+1","floor":31},{"not_picked":["Barricade","Bludgeon+1"],"picked":"Impervious","floor":33},{"not_picked":["Combust+1","Body Slam+1"],"picked":"Disarm+1","floor":35},{"not_picked":["Cleave+1","Clothesline+1"],"picked":"Disarm","floor":36},{"not_picked":["Body Slam+1","Thunderclap+1"],"picked":"Battle Trance","floor":38},{"not_picked":["Headbutt+1","Clothesline+1","Warcry"],"picked":"SKIP","floor":39},{"not_picked":["Twin Strike+1","Rampage+1"],"picked":"Limit Break","floor":41},{"not_picked":["Spot Weakness","Armaments","Anger+1"],"picked":"SKIP","floor":44},{"not_picked":["Armaments+1","Cleave+1"],"picked":"Disarm+1","floor":46},{"not_picked":["Twin Strike+1","True Grit+1"],"picked":"Burning Pact+1","floor":48},{"not_picked":["Carnage+1","Dropkick+1","Clash+1"],"picked":"SKIP","floor":54}],"player_experience":1827104,"relics_obtained":[{"floor":7,"key":"Potion Belt"},{"floor":9,"key":"Nunchaku"},{"floor":12,"key":"Ornamental Fan"},{"floor":14,"key":"Blue Candle"},{"floor":25,"key":"Molten Egg 2"},{"floor":29,"key":"White Beast Statue"},{"floor":31,"key":"Incense Burner"},{"floor":31,"key":"Pear"},{"floor":36,"key":"Lizard Tail"},{"floor":41,"key":"Magic Flower"},{"floor":43,"key":"Self Forming Clay"},{"floor":48,"key":"War Paint"},{"floor":54,"key":"InkBottle"}],"event_choices":[{"damage_healed":0,"gold_gain":75,"player_choice":"Touch","damage_taken":8,"max_hp_gain":0,"max_hp_loss":0,"event_name":"FaceTrader","floor":4,"gold_loss":0},{"damage_healed":0,"gold_gain":0,"player_choice":"Became a Ghost","damage_taken":0,"max_hp_gain":0,"max_hp_loss":40,"event_name":"Ghosts","floor":21,"gold_loss":0,"cards_obtained":["Ghostly","Ghostly","Ghostly","Ghostly","Ghostly"]},{"cards_removed":["Strike_R"],"damage_healed":0,"gold_gain":0,"player_choice":"Purged","damage_taken":0,"max_hp_gain":0,"max_hp_loss":0,"event_name":"Purifier","floor":24,"gold_loss":0},{"damage_healed":0,"gold_gain":0,"player_choice":"Fight","damage_taken":0,"max_hp_gain":0,"max_hp_loss":0,"event_name":"Colosseum","floor":31,"gold_loss":0},{"damage_healed":0,"gold_gain":0,"player_choice":"Fought Nobs","damage_taken":0,"max_hp_gain":0,"max_hp_loss":0,"event_name":"Colosseum","floor":31,"gold_loss":0},{"damage_healed":0,"gold_gain":0,"player_choice":"Fight","damage_taken":0,"max_hp_gain":0,"max_hp_loss":0,"event_name":"MindBloom","floor":36,"gold_loss":0},{"damage_healed":0,"gold_gain":0,"player_choice":"Upgraded","damage_taken":0,"max_hp_gain":0,"max_hp_loss":0,"event_name":"Upgrade Shrine","floor":37,"gold_loss":0,"cards_upgraded":["Shockwave"]}],"is_beta":false,"boss_relics":[{"not_picked":["Velvet Choker","Runic Dome"],"picked":"Coffee Dripper"},{"not_picked":["SlaversCollar","Black Star"],"picked":"SacredBark"}],"items_purged_floors":[11,22,53],"is_endless":false,"potions_floor_spawned":[5,7,27,28,31,31,33,35,36,38,39,41,44,46,48,54],"ascension_level":10}}