{"host":"4nqeo0vu1vuav7gg","time":1608551887,"event":{"mods":["AchievementEnabler","BaseMod","Block Reminder","Colored Map","Colored Powertips","Highlight Path","Minty Spire (QoL Compilation)","Quick Restart","Rare Cards Sparkle","Relic Relevance Reorder","StSLib"],"gold_per_floor":[116,116,2,26,26,26,26,39,66,102,102,102,179,200,200,298,298,313,313,313,327,277,277,277],"floor_reached":23,"playtime":1308,"items_purged":["Shame"],"score":318,"play_id":"44d65b08-e688-45c7-9bf4-1b1923f9c68e","local_time":"20201221125807","is_ascension_mode":true,"campfire_choices":[{"data":"Defragment","floor":6.0,"key":"SMITH"},{"data":"Double Energy","floor":11.0,"key":"SMITH"},{"floor":15.0,"key":"REST"}],"circlet_count":0,"master_deck":["AscendersBane","Strike_B+1","Strike_B","Strike_B+1","Strike_B","Defend_B","Defend_B","Defend_B","Defend_B","Zap","Dualcast","Injury","Defragment+1","Double Energy+1","Compile Driver","Doom and Gloom+1","Capacitor+1","Go for the Eyes","Echo Form","Steam+1","Beam Cell"],"relics":["Cracked Core","Sozu","NeowsBlessing","PreservedInsect","Bag of Marbles","Anchor","Smiling Mask","Golden Idol","Whetstone"],"acts_visited":["Exordium","TheCity"],"potions_floor_usage":[16,16,18],"damage_taken":[{"damage":0.0,"enemies":"Small Slimes","floor":1.0,"turns":1.0},{"damage":0.0,"enemies":"Cultist","floor":4.0,"turns":1.0},{"damage":0.0,"enemies":"Jaw Worm","floor":8.0,"turns":1.0},{"damage":35.0,"enemies":"3 Sentries","floor":10.0,"turns":7.0},{"damage":0.0,"enemies":"3 Louse","floor":14.0,"turns":4.0},{"damage":18,"enemies":"Hexaghost","floor":16,"turns":10},{"damage":21,"enemies":"Chosen","floor":18,"turns":5},{"damage":22,"enemies":"Shell Parasite","floor":21,"turns":6},{"damage":17,"enemies":"Book of Stabbing","floor":23,"turns":3}],"seed_played":"7807213089263847550","potions_obtained":[{"floor":8.0,"key":"Dexterity Potion"},{"floor":10.0,"key":"PowerPotion"},{"floor":16,"key":"Swift Potion"}],"is_trial":false,"path_per_floor":["M","?","$","M","?","R","?","M","T","E","R","?","?","M","R","B",null,"M","?","?","M","$","E"],"character_chosen":"DEFECT","items_purchased":["Defragment","Double Energy"],"campfire_rested":1,"item_purchase_floors":[3,3],"current_hp_per_floor":[64,64,64,64,57,57,57,57,57,22,22,8,8,8,29,11,56,35,35,35,13,13,0,0],"gold":277,"neow_bonus":"THREE_ENEMY_KILL","is_daily":false,"chose_seed":false,"campfire_upgraded":2,"win_rate":0.0,"timestamp":1608551887,"path_taken":["M","?","$","M","?","R","?","?","T","E","R","?","?","?","R","BOSS","M","?","?","M","$","E"],"items_purchased_type":["Card","Card"],"build_version":"2020-12-13","purchased_purges":1,"victory":false,"max_hp_per_floor":[71,71,71,71,71,71,71,71,71,71,71,71,71,71,71,71,71,71,71,71,71,71,71,71],"card_choices":[{"not_picked":["Turbo","Undo"],"picked":"Coolheaded","floor":1.0},{"not_picked":["Steam","Chaos"],"picked":"Compile Driver","floor":4.0},{"not_picked":["Steam Power","Compile Driver"],"picked":"Doom and Gloom","floor":8.0},{"not_picked":["Undo","Hologram"],"picked":"Capacitor","floor":10.0},{"not_picked":["Hologram","Sunder"],"picked":"Go for the Eyes","floor":14.0},{"not_picked":["All For One","Rainbow"],"picked":"Echo Form","floor":16},{"not_picked":["Chaos","Hologram"],"picked":"Steam+1","floor":18},{"not_picked":["Go for the Eyes","Redo"],"picked":"Beam Cell","floor":21}],"player_experience":966665,"relics_obtained":[{"floor":9.0,"key":"Bag of Marbles"},{"floor":10.0,"key":"Whetstone"}],"event_choices":[{"damage_healed":0.0,"max_hp_gain":0.0,"max_hp_loss":0.0,"gold_gain":0.0,"event_name":"Golden Idol","player_choice":"Take Wound","floor":2.0,"gold_loss":0.0,"damage_taken":0.0,"relics_obtained":["Golden Idol"],"cards_obtained":["Injury"]},{"damage_healed":0.0,"max_hp_gain":0.0,"max_hp_loss":0.0,"gold_gain":0.0,"event_name":"Scrap Ooze","player_choice":"Success","floor":5.0,"gold_loss":0.0,"damage_taken":7.0,"relics_obtained":["Smiling Mask"]},{"cards_removed":["Coolheaded"],"damage_healed":0.0,"max_hp_gain":0.0,"max_hp_loss":0.0,"gold_gain":0.0,"event_name":"WeMeetAgain","player_choice":"Gave Card","floor":7.0,"gold_loss":0.0,"damage_taken":0.0,"relics_obtained":["PreservedInsect"]},{"damage_healed":0.0,"max_hp_gain":0.0,"max_hp_loss":0.0,"gold_gain":0.0,"event_name":"Shining Light","player_choice":"Entered Light","floor":12.0,"gold_loss":0.0,"damage_taken":14.0,"cards_upgraded":["Doom and Gloom","Capacitor"]},{"damage_healed":0.0,"max_hp_gain":0.0,"max_hp_loss":0.0,"gold_gain":77.0,"event_name":"Golden Wing","player_choice":"Gained Gold","floor":13.0,"gold_loss":0.0,"damage_taken":0.0},{"damage_healed":0,"gold_gain":0,"player_choice":"Stole Relic","damage_taken":0,"relics_obtained":["Anchor"],"max_hp_gain":0,"max_hp_loss":0,"event_name":"Addict","floor":19,"gold_loss":0,"cards_obtained":["Shame"]},{"damage_healed":0,"gold_gain":0,"player_choice":"Ignored","damage_taken":0,"max_hp_gain":0,"max_hp_loss":0,"event_name":"Ghosts","floor":20,"gold_loss":0}],"is_beta":false,"boss_relics":[{"not_picked":["Empty Cage","Coffee Dripper"],"picked":"Sozu"}],"items_purged_floors":[22],"is_endless":false,"potions_floor_spawned":[8,10,14,16,21],"killed_by":"Book of Stabbing","ascension_level":14}}