{"host":"lytueob6x0yvfkof","time":1608555225,"event":{"mods":["Act Like it!","Aspiration","Bard","BaseMod","Beaked The Cultist","Colored Map","Conspire","Downfall","Glutton Mod","Halation","Hallownest","HololiveMod","Hubris","Infinite Spire","Jedi Mod","Mad Scientist","Marisa????????","Mimic Mod","Minty Spire (QoL Compilation)","Potionbrewer","Reimu??????","Remilia??????","Replay The Spire","Somnambulant","StSLib","The Bug Knight","The Clintock","The Construct","The Cursed","The Disciple","The Elementalist","The Exalted","The Forsaken","The Hierophant","The Jungle","The Mystic","The Runesmith","The Servant 0.9.4","TheArtist","TheBandit","Yuyuko","vexMod"],"gold_per_floor":[113,123,141,141,153,153,153],"floor_reached":6,"playtime":1140,"items_purged":[],"score":38,"play_id":"aeaf3091-0552-445d-b976-90611000b2c5","local_time":"20201221125345","is_ascension_mode":false,"campfire_choices":[],"circlet_count":0,"master_deck":["Strike_P","Strike_P","Strike_P","Strike_P","Defend_P","Defend_P","Defend_P","Defend_P","Eruption","Vigilance","Blasphemy","Crescendo","Evaluate","LikeWater","Doubt","DeceiveReality"],"relics":["PureWater"],"acts_visited":["Exordium"],"potions_floor_usage":[6,6],"damage_taken":[{"damage":5,"enemies":"Hallownest:monsterHuskGuard","floor":1,"turns":4},{"damage":0,"enemies":"Hallownest:2_Baldur","floor":2,"turns":5},{"damage":0,"enemies":"2_ Uuma","floor":3,"turns":4},{"damage":29,"enemies":"Hallownest:MossCreep_and_Mosskin","floor":5,"turns":9},{"damage":35,"enemies":"Hallownest:eliteVengeflyKing","floor":6,"turns":13}],"seed_played":"2970119444089489860","potions_obtained":[{"floor":3,"key":"Adrenaline Potion"},{"floor":5,"key":"SkillPotion"}],"is_trial":false,"path_per_floor":["M","M","M","?","M","E"],"character_chosen":"WATCHER","items_purchased":[],"campfire_rested":0,"item_purchase_floors":[],"current_hp_per_floor":[67,67,67,67,38,3,3],"gold":153,"neow_bonus":"ONE_RANDOM_RARE_CARD","is_daily":false,"chose_seed":false,"campfire_upgraded":0,"win_rate":0.0,"timestamp":1608555225,"path_taken":["M","M","M","?","M","E"],"items_purchased_type":[],"build_version":"2020-12-13","purchased_purges":0,"victory":false,"max_hp_per_floor":[72,72,72,72,72,72,72],"card_choices":[{"not_picked":["FlurryOfBlows","CutThroughFate"],"picked":"Crescendo","floor":1},{"not_picked":["Replay:ManipulateFuture","FlyingSleeves"],"picked":"Evaluate","floor":2},{"not_picked":["Pray","Tantrum"],"picked":"LikeWater","floor":3},{"not_picked":["FlyingSleeves","CarveReality"],"picked":"DeceiveReality","floor":5}],"player_experience":191614,"relics_obtained":[],"event_choices":[],"is_beta":false,"boss_relics":[],"items_purged_floors":[],"is_endless":false,"potions_floor_spawned":[3,5],"killed_by":"Hallownest:eliteVengeflyKing","ascension_level":0}}