{"host":"qwttrqaysb380yri","time":1608588946,"event":{"mods":["BaseMod","Custom Start","Minty Spire (QoL Compilation)","Permanent Neow","Puzzle Mod","Relic Stats","StSLib","The Cursed","The Hierophant"],"gold_per_floor":[117,136,148,73,100,133,146,180,251,251,281,299,299,310,310,310,310],"floor_reached":16,"playtime":649,"items_purged":["Strike_G"],"score":207,"play_id":"4f4f8c9e-2aa4-4d10-9859-77f5ee7e12f3","local_time":"20201221231546","is_ascension_mode":true,"campfire_choices":[{"floor":10,"key":"REST"},{"floor":15,"key":"REST"}],"circlet_count":0,"master_deck":["AscendersBane","Strike_G","Strike_G","Defend_G","Defend_G","Defend_G","Defend_G","Survivor","Neutralize","Crippling Poison","Quick Slash","Poisoned Stab","Acrobatics","Deflect","Deflect","Slice","Underhanded Strike","Poisoned Stab"],"relics":["Empty Cage","Juzu Bracelet","Gremlin Horn","Pear","Mummified Hand","Paper Crane"],"acts_visited":["Exordium"],"potions_floor_usage":[6,8,11,16],"damage_taken":[{"damage":7,"enemies":"Cultist","floor":1,"turns":5},{"damage":4,"enemies":"Jaw Worm","floor":2,"turns":5},{"damage":0,"enemies":"2 Louse","floor":3,"turns":2},{"damage":22,"enemies":"Lagavulin","floor":6,"turns":5},{"damage":1,"enemies":"Exordium Wildlife","floor":7,"turns":4},{"damage":28,"enemies":"3 Sentries","floor":8,"turns":10},{"damage":18,"enemies":"Lagavulin","floor":11,"turns":8},{"damage":0,"enemies":"3 Louse","floor":12,"turns":5},{"damage":1,"enemies":"Exordium Thugs","floor":14,"turns":5},{"damage":16,"enemies":"Slime Boss","floor":16,"turns":8}],"seed_played":"7295388225430043374","potions_obtained":[{"floor":1,"key":"Fruit Juice"},{"floor":2,"key":"CunningPotion"},{"floor":8,"key":"SkillPotion"},{"floor":14,"key":"Fire Potion"}],"is_trial":false,"path_per_floor":["M","M","M","$","T","E","M","E","T","R","E","M","?","M","R","B"],"character_chosen":"THE_SILENT","items_purchased":[],"campfire_rested":2,"item_purchase_floors":[],"current_hp_per_floor":[52,48,48,48,48,26,25,12,12,36,18,18,11,10,34,18,18],"gold":310,"neow_bonus":"BOSS_RELIC","is_daily":false,"chose_seed":false,"campfire_upgraded":0,"win_rate":0.0,"timestamp":1608588946,"path_taken":["M","?","M","$","?","E","M","E","T","R","E","M","?","M","R","BOSS"],"items_purchased_type":[],"build_version":"2020-12-13","purchased_purges":1,"victory":false,"max_hp_per_floor":[66,66,66,66,66,66,66,81,81,81,81,81,81,81,81,81,81],"relic_stats":{"Gremlin Horn":[6,6],"counters":[10,57],"Mummified Hand":[0],"Juzu Bracelet":0,"obtain_stats":[{"Pear":8,"Gremlin Horn":6,"Mummified Hand":9,"Juzu Bracelet":5,"Paper Crane":11,"Empty Cage":0,"Ring of the Snake":0},{"Pear":6,"Gremlin Horn":4,"Mummified Hand":6,"Juzu Bracelet":3,"Paper Crane":7,"Empty Cage":0,"Ring of the Snake":0},{"Pear":31,"Gremlin Horn":17,"Mummified Hand":31,"Juzu Bracelet":12,"Paper Crane":39,"Empty Cage":0,"Ring of the Snake":0}]},"card_choices":[{"not_picked":["Flechettes","Bane"],"picked":"Crippling Poison","floor":1},{"not_picked":["Deflect","Distraction"],"picked":"Quick Slash","floor":2},{"not_picked":["Blade Dance","Slice"],"picked":"Poisoned Stab","floor":3},{"not_picked":["Backflip","Flechettes"],"picked":"Acrobatics","floor":6},{"not_picked":["Distraction","Flying Knee"],"picked":"Deflect","floor":7},{"not_picked":["Underhanded Strike","Sucker Punch"],"picked":"Deflect","floor":8},{"not_picked":["Night Terror","Tools of the Trade"],"picked":"Slice","floor":11},{"not_picked":["Backflip","Setup"],"picked":"Underhanded Strike","floor":12},{"not_picked":["Dash","Accuracy"],"picked":"Poisoned Stab","floor":14}],"player_experience":1931067,"relics_obtained":[{"floor":5,"key":"Juzu Bracelet"},{"floor":6,"key":"Gremlin Horn"},{"floor":8,"key":"Pear"},{"floor":9,"key":"Mummified Hand"},{"floor":11,"key":"Paper Crane"}],"event_choices":[{"cards_removed":["Strike_G"],"damage_healed":0,"gold_gain":0,"player_choice":"Card Removal","damage_taken":7,"max_hp_gain":0,"max_hp_loss":0,"event_name":"Golden Wing","floor":13,"gold_loss":0}],"is_beta":false,"boss_relics":[],"items_purged_floors":[4],"is_endless":false,"potions_floor_spawned":[1,2,8,14],"killed_by":"Slime Boss","ascension_level":14}}