{"host":"Jean","time":1608563277,"event":{"mods":["BaseMod","Custom Start","Hubris","Minty Spire (QoL Compilation)","Replay The Spire","StSLib"],"gold_per_floor":[117,135,6,23,23,23,23,40,40,67,81,112,129,129,129,232,232,246,256,283,69,69,102,102,122,122,175,175,75,108,138,138,138,138],"floor_reached":33,"playtime":1723,"items_purged":["Strike_B","hubris:Disease"],"score":377,"play_id":"f67bdb3e-621e-4178-a1a8-6997bd426686","local_time":"20201221230757","is_ascension_mode":true,"campfire_choices":[{"data":"Zap","floor":6,"key":"SMITH"},{"data":"1","floor":15,"key":"LIFT"},{"floor":24,"key":"REST"},{"data":"2","floor":28,"key":"LIFT"},{"data":"Coolheaded","floor":32,"key":"SMITH"}],"circlet_count":0,"master_deck":["Strike_B","Strike_B","Strike_B","Defend_B","Defend_B","Defend_B","Zap+1","Dualcast","Sweeping Beam","Conserve Battery","Gash","Gash","Conserve Battery","Streamline","Gash","BasicCrystalCard","Core Surge","Redo","ReplayTheSpireMod:GoodbyeWorld+1","Machine Learning","FTL","Rebound","Glacier+1","hubris:Greed","Gash","Coolheaded+1","hubris:Greed","FIFO Queue","hubris:Greed","hubris:Greed","Gash+1","BootSequence","Go for the Eyes+1"],"relics":["Cracked Core","hubris:Towel","Onion Ring","Girya","Garlic","Black Star","Red Mask","ReplayTheSpireMod:CursedCoin","Torii","Lizard Tail","Eternal Feather","Unceasing Top","ReplayTheSpireMod:Ninjato","hubris:SphereOfDissonance"],"acts_visited":["Exordium","TheCity"],"potions_floor_usage":[12,20,23,23,27,33,33],"damage_taken":[{"damage":3,"enemies":"Small Slimes","floor":1,"turns":3},{"damage":0,"enemies":"Cultist","floor":2,"turns":4},{"damage":0,"enemies":"Jaw Worm","floor":4,"turns":3},{"damage":1,"enemies":"Looter","floor":8,"turns":3},{"damage":2,"enemies":"Lagavulin","floor":10,"turns":5},{"damage":2,"enemies":"Red Slaver","floor":11,"turns":2},{"damage":4,"enemies":"3 Sentries","floor":12,"turns":3},{"damage":2,"enemies":"Large Slime","floor":13,"turns":3},{"damage":48,"enemies":"Fading Forest","floor":16,"turns":11},{"damage":16,"enemies":"3 Byrds","floor":18,"turns":4},{"damage":18,"enemies":"2 Thieves","floor":19,"turns":4},{"damage":32,"enemies":"Masked Bandits","floor":20,"turns":4},{"damage":31,"enemies":"Gremlin Leader","floor":23,"turns":7},{"damage":29,"enemies":"Chosen and Byrds","floor":25,"turns":7},{"damage":22,"enemies":"Slavers","floor":27,"turns":7},{"damage":0,"enemies":"3 Cultists","floor":30,"turns":4},{"damage":18,"enemies":"Snake Plant","floor":31,"turns":5},{"damage":45,"enemies":"Collector","floor":33,"turns":5}],"seed_played":"7691777940733570970","potions_obtained":[{"floor":4,"key":"Elixir"},{"floor":8,"key":"Explosive Potion"},{"floor":10,"key":"Block Potion"},{"floor":12,"key":"PotionOfCapacity"},{"floor":18,"key":"FocusPotion"},{"floor":23,"key":"FocusPotion"},{"floor":25,"key":"Strength Potion"},{"floor":27,"key":"Explosive Potion"}],"is_trial":false,"path_per_floor":["M","M","$","M","?","R","?","M","T","E","M","E","M","?","R","B",null,"M","M","?","$","?","E","R","M","T","E","R","$","M","M","R","B"],"character_chosen":"DEFECT","items_purchased":["Gash","ReplayTheSpireMod:CursedCoin","Gash","Torii"],"campfire_rested":1,"item_purchase_floors":[3,21,21,21],"current_hp_per_floor":[72,72,72,72,72,72,72,71,71,69,67,63,61,61,61,23,75,59,41,9,9,9,22,59,30,30,8,26,26,26,8,26,0,0],"gold":138,"neow_bonus":"RANDOM_EVENT","is_daily":false,"chose_seed":false,"campfire_upgraded":2,"win_rate":0.0,"timestamp":1608563277,"path_taken":["M","M","$","M","?","R","?","?","T","E","?","E","M","?","R","BOSS","M","M","?","$","?","E","R","M","T","E","R","$","M","?","R","BOSS"],"items_purchased_type":["Card","Relic","Card","Relic"],"build_version":"2020-12-18","purchased_purges":2,"victory":false,"max_hp_per_floor":[75,75,75,75,75,75,75,75,75,75,75,75,75,75,75,75,75,75,75,75,75,75,75,75,75,75,75,75,75,75,75,75,75,75],"card_choices":[{"not_picked":["Panic Button","Steam"],"picked":"Conserve Battery","floor":1},{"not_picked":["Skim","ReplaySolidLightProjector"],"picked":"Gash","floor":2},{"not_picked":["Storm","Leap"],"picked":"Conserve Battery","floor":4},{"not_picked":["Loop","Beam Cell"],"picked":"Streamline","floor":8},{"not_picked":["Panic Button","Leap"],"picked":"Gash","floor":10},{"not_picked":["Lockon","Coolheaded"],"picked":"BasicCrystalCard","floor":11},{"not_picked":["Sweeping Beam","Coolheaded"],"picked":"Core Surge","floor":12},{"not_picked":["hubris:Ukulele","Doom and Gloom"],"picked":"Redo","floor":13},{"not_picked":["hubris:SpecializedCircuitry","Core Surge"],"picked":"Machine Learning","floor":16},{"not_picked":["Go for the Eyes","Turbo"],"picked":"FTL","floor":18},{"not_picked":["Doom and Gloom","Streamline"],"picked":"Rebound","floor":19},{"not_picked":["Gash+1","Rainbow"],"picked":"Glacier+1","floor":20},{"not_picked":["Go for the Eyes","White Noise+1"],"picked":"Coolheaded","floor":23},{"not_picked":["Hello World","Melter+1"],"picked":"FIFO Queue","floor":25},{"not_picked":["Leap","Barrage"],"picked":"Gash+1","floor":27},{"not_picked":["Static Discharge","Hello World"],"picked":"BootSequence","floor":30},{"not_picked":["Go for the Eyes+1","Panic Button+1","Beam Cell"],"picked":"SKIP","floor":31},{"not_picked":["Panic Button+1","Beam Cell"],"picked":"Go for the Eyes+1","floor":31}],"player_experience":183890,"relics_obtained":[{"floor":9,"key":"Onion Ring"},{"floor":10,"key":"Girya"},{"floor":12,"key":"Garlic"},{"floor":20,"key":"Red Mask"},{"floor":23,"key":"Eternal Feather"},{"floor":26,"key":"Unceasing Top"},{"floor":27,"key":"ReplayTheSpireMod:Ninjato"},{"floor":27,"key":"hubris:SphereOfDissonance"}],"event_choices":[{"damage_healed":0,"gold_gain":0,"player_choice":"Ignored","damage_taken":0,"max_hp_gain":0,"max_hp_loss":0,"event_name":"NoteForYourself","floor":7,"gold_loss":0},{"damage_healed":0,"gold_gain":0,"player_choice":"Fought Bandits","damage_taken":0,"max_hp_gain":0,"max_hp_loss":0,"event_name":"Masked Bandits","floor":20,"gold_loss":0}],"is_beta":true,"boss_relics":[{"not_picked":["hubris:CrackedHourglass","Philosopher\u0027s Stone"],"picked":"Black Star"}],"items_purged_floors":[3,29],"is_endless":false,"potions_floor_spawned":[4,8,10,12,18,23,25,27],"killed_by":"Collector","ascension_level":2}}