{"host":"ssviq0y9yg8c9gbe","time":1608531841,"event":{"mods":["AchievementEnabler","Act Like it!","BaseMod","Colored Map","Colored Powertips","Downfall","Hallownest","Highlight Path","Hubris","Minty Spire (QoL Compilation)","Replay The Spire","StSLib"],"gold_per_floor":[118,131,131,131,141,141,175,175,175,200,200,200,221,242,294,398,398,426,446,469,469,488,488,488,488],"floor_reached":24,"playtime":1105,"items_purged":[],"score":297,"play_id":"b4d4bf03-7d8e-4837-9657-7b2473859686","local_time":"20201221012401","is_ascension_mode":true,"campfire_choices":[{"data":"FollowUp","floor":6,"key":"SMITH"},{"data":"Halt","floor":8,"key":"SMITH"},{"floor":23,"key":"REST"}],"circlet_count":0,"master_deck":["Strike_P+1","Strike_P","Strike_P","Strike_P","Defend_P","Defend_P","Defend_P","Defend_P","Eruption+1","Vigilance","FollowUp+1","Halt+1","CutThroughFate","JustLucky","Prostrate","Replay:ManipulateFuture","Judgement","EmptyBody","EmptyFist","WindmillStrike+1","ThirdEye"],"relics":["PureWater","Whetstone","hubris:GlazedTorus","hubris:DeckOfHolding","CeramicFish","hubris:HollowSoul"],"acts_visited":["Exordium","TheCity"],"potions_floor_usage":[16,19,24,24],"damage_taken":[{"damage":0,"enemies":"2 Louse","floor":1,"turns":2},{"damage":0,"enemies":"Small Slimes","floor":2,"turns":2},{"damage":3,"enemies":"Jaw Worm","floor":5,"turns":3},{"damage":0,"enemies":"Gremlin Nob","floor":7,"turns":2},{"damage":9,"enemies":"Lagavulin","floor":10,"turns":4},{"damage":11,"enemies":"Lots of Slimes","floor":13,"turns":3},{"damage":0,"enemies":"3 Louse","floor":14,"turns":3},{"damage":0,"enemies":"Slime Boss","floor":16,"turns":3},{"damage":0,"enemies":"Spheric Guardian","floor":18,"turns":2},{"damage":0,"enemies":"3 Byrds","floor":19,"turns":3},{"damage":47,"enemies":"Snake Plant","floor":20,"turns":6},{"damage":0,"enemies":"Sentry and Sphere","floor":22,"turns":2},{"damage":0,"enemies":"Replay:Snechameleon","floor":24,"turns":1}],"seed_played":"-3823700315136892651","potions_obtained":[{"floor":1,"key":"champ:CounterPotion"},{"floor":13,"key":"Swift Potion"},{"floor":14,"key":"champ:CounterPotion"},{"floor":16,"key":"BlessingOfTheForge"},{"floor":20,"key":"Reflective Coating"}],"is_trial":false,"path_per_floor":["M","M","?","?","M","R","E","R","T","E","?","?","M","M","R_BF","B",null,"M","M","M","?","M","R","E"],"character_chosen":"WATCHER","items_purchased":[],"campfire_rested":1,"item_purchase_floors":[],"current_hp_per_floor":[72,72,72,72,69,69,69,69,69,60,53,56,45,45,45,45,75,75,75,28,28,28,50,15,15],"gold":488,"neow_bonus":"RANDOM_COMMON_RELIC","is_daily":false,"chose_seed":false,"campfire_upgraded":2,"win_rate":0.0,"timestamp":1608531841,"path_taken":["M","M","?","?","M","R","E","R","T","E","?","?","M","?","R_BF","BOSS","M","M","?","?","M","R","E"],"items_purchased_type":[],"build_version":"2020-12-13","purchased_purges":0,"victory":false,"max_hp_per_floor":[72,72,72,72,72,72,72,72,72,72,72,75,75,75,75,75,75,75,75,75,75,75,75,15,15],"card_choices":[{"not_picked":["SandsOfTime","ThirdEye"],"picked":"FollowUp","floor":1},{"not_picked":["Worship","CarveReality"],"picked":"Halt","floor":2},{"not_picked":["Evaluate","SashWhip"],"picked":"CutThroughFate","floor":5},{"not_picked":["Evaluate","CarveReality","Ragnarok"],"picked":"SKIP","floor":7},{"not_picked":["Protect","CarveReality"],"picked":"JustLucky","floor":10},{"not_picked":["Protect","EmptyFist"],"picked":"Prostrate","floor":13},{"not_picked":["InnerPeace","Prostrate"],"picked":"Replay:ManipulateFuture","floor":14},{"not_picked":["Replay:LoomingThreat","Scrawl"],"picked":"Judgement","floor":16},{"not_picked":["Replay:AtTheReady+1","Halt"],"picked":"EmptyBody","floor":18},{"not_picked":["CrushJoints+1","Replay:ManipulateFuture+1"],"picked":"EmptyFist","floor":19},{"not_picked":["SashWhip","Brilliance"],"picked":"WindmillStrike+1","floor":20},{"not_picked":["Prostrate","Evaluate+1"],"picked":"ThirdEye","floor":22}],"player_experience":129409,"relics_obtained":[{"floor":7,"key":"hubris:GlazedTorus"},{"floor":10,"key":"hubris:DeckOfHolding"}],"event_choices":[{"damage_healed":0,"gold_gain":0,"player_choice":"Ignored","damage_taken":0,"max_hp_gain":0,"max_hp_loss":0,"event_name":"Golden Wing","floor":3,"gold_loss":0},{"damage_healed":0,"gold_gain":0,"player_choice":"Ignored","damage_taken":0,"max_hp_gain":0,"max_hp_loss":0,"event_name":"Liars Game","floor":4,"gold_loss":0},{"damage_healed":0,"gold_gain":0,"player_choice":"Success","damage_taken":7,"relics_obtained":["CeramicFish"],"max_hp_gain":0,"max_hp_loss":0,"event_name":"Scrap Ooze","floor":11,"gold_loss":0},{"damage_healed":0,"gold_gain":0,"player_choice":"Ignored","damage_taken":0,"max_hp_gain":0,"max_hp_loss":0,"event_name":"Beggar","floor":21,"gold_loss":0}],"is_beta":false,"boss_relics":[{"not_picked":["VioletLotus","Ring of Chaos"],"picked":"hubris:HollowSoul"}],"items_purged_floors":[],"is_endless":false,"potions_floor_spawned":[1,13,14,16,20],"killed_by":"Replay:Snechameleon","ascension_level":1}}