{"host":"o3b7ow6d1xe49css","time":1608536631,"event":{"mods":["Act Like it!","Aspiration","BaseMod","Bestiary","Better Altar","Better Match","Better Note","Better Sensory Stone","Better Skull","Better Third Choice","Colored Powertips","Conspire","Energized Spire","Force Act Four","GifTheSpireLib","Halation","Hermit","Hubris","Infinite Spire","Lobotomy","Minty Spire (QoL Compilation)","Quick Restart","Replay The Spire","Spicy Shops","Spikes Relics","StSLib","Stuff the Spire","The Blue Laboratory","Wandering Minibosses","vexMod"],"gold_per_floor":[119,130,147,222,234,264,264,292,315,344,6,37,63,63,63,63,63],"floor_reached":16,"playtime":575,"items_purged":[],"score":254,"play_id":"7e3b83f7-b93e-43aa-a59c-4f4092746d2b","local_time":"20201220224351","daily_mods":["Heirloom","Flight"],"is_ascension_mode":true,"campfire_choices":[{"data":"BlessedFruit","floor":7,"key":"SMITH"},{"data":"Eruption","floor":15,"key":"SMITH"}],"circlet_count":0,"master_deck":["Strike_P","Strike_P","Strike_P","Strike_P","Defend_P","Defend_P","Defend_P","Defend_P","Eruption+1","Vigilance","BlessedFruit+1","BlessedFruit+1","Replay:AtTheReady","FlyingSleeves","Consecrate","BowlingBash","FlyingSleeves","Halt","ThirdEye","Fasting2"],"relics":["PureWater","Ring of Chaos","HeavenlyBonsai","Replay:WaspNest","Yang","Bag of Marbles","Strawberry","infinitespire:EmpoweringShard","Pear","Damaru"],"acts_visited":["Exordium"],"potions_floor_usage":[6,12,12,12,16],"damage_taken":[{"damage":1,"enemies":"2 Louse","floor":1,"turns":3},{"damage":2,"enemies":"Cultist","floor":2,"turns":4},{"damage":5,"enemies":"Small Slimes","floor":3,"turns":5},{"damage":10,"enemies":"Red Slaver","floor":5,"turns":5},{"damage":20,"enemies":"Gremlin Nob","floor":6,"turns":3},{"damage":2,"enemies":"3 Sentries","floor":8,"turns":4},{"damage":5,"enemies":"Lagavulin","floor":10,"turns":7},{"damage":0,"enemies":"3 Sentries","floor":12,"turns":2},{"damage":36,"enemies":"Gremlin Nob","floor":13,"turns":3},{"damage":28,"enemies":"Hexaghost","floor":16,"turns":8}],"seed_played":"-4323190932671419440","potions_obtained":[{"floor":1,"key":"blueLaboratory:MidnightOil"},{"floor":6,"key":"BottledMiracle"},{"floor":10,"key":"Swift Potion"},{"floor":13,"key":"blueLaboratory:EpiphanyPotion"}],"is_trial":true,"path_per_floor":["M","M","M","?","M","E","R","E","T","E","$","E","E","?","R","B"],"character_chosen":"WATCHER","items_purchased":["infinitespire:EmpoweringShard","Fruit Juice"],"campfire_rested":0,"item_purchase_floors":[11,11],"current_hp_per_floor":[73,73,70,63,55,36,36,36,36,41,41,59,23,23,23,0,0],"gold":63,"neow_bonus":"","is_daily":false,"chose_seed":false,"campfire_upgraded":2,"win_rate":0.0,"timestamp":1608536631,"path_taken":["M","M","M","?","?","E","R","E","T","E","$","E","E","?","R","BOSS"],"items_purchased_type":["Relic","Potion"],"build_version":"2020-12-13","purchased_purges":0,"victory":false,"max_hp_per_floor":[74,76,78,78,80,81,81,83,83,93,93,111,111,111,111,115,115],"card_choices":[{"not_picked":["LikeWater","Replay:Anticipation"],"picked":"Replay:AtTheReady","floor":1},{"not_picked":["InnerPeace","ThirdEye"],"picked":"FlyingSleeves","floor":2},{"not_picked":["BowlingBash","Replay:BluntJabs","CutThroughFate"],"picked":"SKIP","floor":3},{"not_picked":["Prostrate","WreathOfFlame"],"picked":"Consecrate","floor":5},{"not_picked":["Replay:Vibes","InnerPeace"],"picked":"BowlingBash","floor":6},{"not_picked":["DeceiveReality","Halt"],"picked":"FlyingSleeves","floor":8},{"not_picked":["CrushJoints","EmptyFist"],"picked":"Halt","floor":10},{"not_picked":["Replay:AllIn","FollowUp"],"picked":"ThirdEye","floor":12},{"not_picked":["ThirdEye","Replay:ManipulateFuture"],"picked":"Fasting2","floor":13}],"player_experience":1788664,"relics_obtained":[{"floor":6,"key":"Replay:WaspNest"},{"floor":8,"key":"Yang"},{"floor":9,"key":"Bag of Marbles"},{"floor":10,"key":"Strawberry"},{"floor":12,"key":"Pear"},{"floor":13,"key":"Damaru"}],"event_choices":[{"damage_healed":0,"gold_gain":75,"player_choice":"Touch","damage_taken":7,"max_hp_gain":0,"max_hp_loss":0,"event_name":"FaceTrader","floor":4,"gold_loss":0},{"damage_healed":0,"gold_gain":0,"player_choice":"Forge","damage_taken":0,"max_hp_gain":0,"max_hp_loss":0,"event_name":"Accursed Blacksmith","floor":14,"gold_loss":0,"cards_upgraded":["BlessedFruit"]}],"is_beta":false,"boss_relics":[],"items_purged_floors":[],"is_endless":false,"potions_floor_spawned":[1,6,10,13],"killed_by":"Hexaghost","ascension_level":5}}