{"host":"q6rs3in4l29iepap","time":1608583129,"event":{"mods":["Aspiration","BaseMod","Colored Map","Downfall","Hermit","Hubris","Infinite Spire","Jorbs\u0027s Wanderer Trilogy","Minty Spire (QoL Compilation)","Replay The Spire","Shade Mod","StSLib","The Construct","The Cursed","The Servant 0.9.4"],"gold_per_floor":[113,113,125,145,165,165,165,165,165],"floor_reached":8,"playtime":388,"items_purged":[],"score":48,"play_id":"d39cdec4-574b-45c5-a3cb-edb43c77fdbb","local_time":"20201221123849","is_ascension_mode":false,"campfire_choices":[],"circlet_count":0,"master_deck":["Strike_S","Strike_S","Strike_S","Strike_S","Defend_S","Defend_S","Defend_S","Defend_S","KidneyShot","Exchange","Potential","ShatteredReality","FanOfKnives","Revamp"],"relics":["Uniform","NeowsBlessing"],"acts_visited":["Exordium"],"potions_floor_usage":[],"damage_taken":[{"damage":0,"enemies":"2 Louse","floor":1,"turns":1},{"damage":0,"enemies":"Cultist","floor":3,"turns":1},{"damage":0,"enemies":"Jaw Worm","floor":4,"turns":1},{"damage":11,"enemies":"Lots of Slimes","floor":5,"turns":5},{"damage":26,"enemies":"Lagavulin","floor":8,"turns":5}],"seed_played":"8073426205009827366","potions_obtained":[{"floor":3,"key":"SmokeBomb"},{"floor":4,"key":"Languid Potion"},{"floor":5,"key":"Dexterity Potion"}],"is_trial":false,"path_per_floor":["M","?","M","M","M","PTL","PTL","E"],"character_chosen":"THE_SERVANT","items_purchased":[],"campfire_rested":0,"item_purchase_floors":[],"current_hp_per_floor":[65,65,65,65,54,54,54,28,28],"gold":165,"neow_bonus":"THREE_ENEMY_KILL","is_daily":false,"chose_seed":false,"campfire_upgraded":0,"win_rate":0.0,"timestamp":1608583129,"path_taken":["M","?","M","M","?","PTL","PTL","E"],"items_purchased_type":[],"build_version":"2020-12-13","purchased_purges":0,"victory":false,"max_hp_per_floor":[65,65,65,65,65,65,65,65,65],"card_choices":[{"not_picked":["Shuttle","BottledTime"],"picked":"Potential","floor":1},{"not_picked":["Potential","Gouge"],"picked":"ShatteredReality","floor":3},{"not_picked":["TimeWarp","Gouge"],"picked":"FanOfKnives","floor":4},{"not_picked":["DualDimension","Read"],"picked":"Revamp","floor":5}],"player_experience":66367,"relics_obtained":[],"event_choices":[{"damage_healed":0,"gold_gain":0,"player_choice":"Ignored","damage_taken":0,"max_hp_gain":0,"max_hp_loss":0,"event_name":"Purifier","floor":2,"gold_loss":0}],"is_beta":false,"boss_relics":[],"items_purged_floors":[],"is_endless":false,"potions_floor_spawned":[3,4,5],"killed_by":"Lagavulin","ascension_level":0}}