{"host":"flm17o2q7bfjyna6","time":1608589079,"event":{"mods":["2.2 Compatiblity","Act Like it!","BaseMod","Better Altar","Better Match","Better Note","Better Sensory Stone","Better Skull","Better Third Choice","Better Vampires","Colored Map","Colored Powertips","DeckTracker","Hermit","Minty Spire (QoL Compilation)","Quick Restart","Replay The Spire","Reworked Bosses","Spicy Shops","StSLib","Wandering Minibosses"],"gold_per_floor":[115,96,111,286,91,119,119,157,181,181,197,10,10,26,26,156,156,180,180,200,200,18,53,53,94,121,95,95,110,110,133,133,133,133],"floor_reached":33,"playtime":4687,"items_purged":["Doubt","Strike_G"],"score":483,"play_id":"b19be215-c044-4b4a-8ccc-00df9da9976d","local_time":"20201221171759","is_ascension_mode":true,"campfire_choices":[{"data":"ReplayTheSpireMod:Scrap Shanks","floor":10,"key":"SMITH"},{"data":"Neutralize","floor":13,"key":"SMITH"},{"data":"Calculated Gamble","floor":15,"key":"SMITH"},{"data":"ReplayTheSpireMod:Scrap Shanks","floor":24,"key":"SMITH"},{"floor":28,"key":"REST"},{"floor":32,"key":"REST"}],"circlet_count":0,"master_deck":["AscendersBane","Strike_G","Strike_G+1","Defend_G","Defend_G","Defend_G+1","Defend_G","Defend_G+1","Survivor","Neutralize+1","Prepared","Dash+1","Good Instincts","All Out Attack","Cloak And Dagger","ReplayTheSpireMod:Scrap Shanks+1","Deflect","Injury","Calculated Gamble+1","Prepared","Cloak And Dagger","Cloak And Dagger","Hidden Blade","Unload","ReplayTheSpireMod:Scrap Shanks+1","Acrobatics","Acrobatics","Burst","Terror"],"relics":["Busted Crown","Boot","Golden Idol","Strawberry","Simple Rune","Empty Cage","Nloth\u0027s Gift","Ornamental Fan","Byrd Skull","Gremlin Food"],"acts_visited":["Exordium","TheCity"],"potions_floor_usage":[20,25,30,33,33],"damage_taken":[{"damage":1,"enemies":"Cultist","floor":1,"turns":5},{"damage":4,"enemies":"Small Slimes","floor":2,"turns":7},{"damage":5,"enemies":"2 Louse","floor":3,"turns":3},{"damage":35,"enemies":"Gremlin Nob","floor":6,"turns":5},{"damage":5,"enemies":"Replay:BlueRogue","floor":8,"turns":8},{"damage":0,"enemies":"Exordium Wildlife","floor":11,"turns":4},{"damage":0,"enemies":"3 Louse","floor":14,"turns":2},{"damage":42,"enemies":"Hexaghost","floor":16,"turns":12},{"damage":7,"enemies":"Shell Parasite","floor":18,"turns":6},{"damage":8,"enemies":"2 Thieves","floor":20,"turns":3},{"damage":13,"enemies":"Gremlin Leader","floor":23,"turns":6},{"damage":6,"enemies":"Replay:Snechameleon","floor":25,"turns":6},{"damage":21,"enemies":"Shelled Parasite and Fungi","floor":27,"turns":6},{"damage":9,"enemies":"Snake Plant","floor":29,"turns":4},{"damage":0,"enemies":"Centurion and Healer","floor":30,"turns":1},{"damage":9,"enemies":"Snecko","floor":31,"turns":4},{"damage":39,"enemies":"bossMod:newCollector","floor":33,"turns":8}],"seed_played":"-4635691176139175675","potions_obtained":[{"floor":2,"key":"FairyPotion"},{"floor":3,"key":"Cursed Concoction"},{"floor":11,"key":"SmokeBomb"},{"floor":20,"key":"LifebloodPotion"},{"floor":29,"key":"EssenceOfSteel"}],"is_trial":false,"path_per_floor":["M","M","M","?","$","E","?","E","T","R","M","$","R","M","R","B",null,"M","?","M","T","$","E","R","E","T","M","R","M","M","M","R","B"],"character_chosen":"THE_SILENT","items_purchased":["BargainBundle","Good Instincts","All Out Attack","Cloak And Dagger","ReplayTheSpireMod:Scrap Shanks","Explosive Potion","Cloak And Dagger","Hidden Blade","ReplayTheSpireMod:Scrap Shanks","Explosive Potion","Acrobatics"],"campfire_rested":2,"item_purchase_floors":[5,5,5,5,5,5,12,12,22,22,22],"current_hp_per_floor":[62,58,53,53,53,18,18,20,20,20,20,20,20,20,20,3,59,52,52,44,44,44,31,31,25,25,4,27,18,18,9,32,0,0],"gold":133,"neow_bonus":"BOSS_RELIC","is_daily":false,"chose_seed":false,"campfire_upgraded":4,"win_rate":0.0,"timestamp":1608589079,"path_taken":["M","?","M","?","$","E","?","E","T","R","M","?","R","M","R","BOSS","M","?","M","?","$","E","R","E","T","?","R","M","M","?","R","BOSS"],"items_purchased_type":["Relic","Card","Card","Card","Card","Potion","Card","Card","Card","Potion","Card"],"build_version":"2020-12-13","purchased_purges":2,"victory":false,"max_hp_per_floor":[70,70,70,70,70,70,70,77,77,77,77,77,77,77,77,77,77,77,77,77,77,77,77,77,77,77,77,77,77,77,77,77,77,77],"card_choices":[{"not_picked":[],"picked":"Prepared","floor":1},{"not_picked":[],"picked":"Dash","floor":2},{"not_picked":["Reflex"],"picked":"SKIP","floor":3},{"not_picked":[],"picked":"Deflect","floor":6},{"not_picked":[],"picked":"Calculated Gamble","floor":8},{"not_picked":[],"picked":"Prepared","floor":11},{"not_picked":["Sucker Punch"],"picked":"SKIP","floor":14},{"not_picked":[],"picked":"Unload","floor":16},{"not_picked":["Deadly Poison"],"picked":"SKIP","floor":18},{"not_picked":["Bane+1"],"picked":"SKIP","floor":20},{"not_picked":[],"picked":"Burst","floor":23},{"not_picked":[],"picked":"Terror","floor":25},{"not_picked":["Backflip"],"picked":"SKIP","floor":27},{"not_picked":["Bouncing Flask"],"picked":"SKIP","floor":29},{"not_picked":["Masterful Stab"],"picked":"SKIP","floor":31}],"player_experience":1594955,"relics_obtained":[{"floor":6,"key":"Boot"},{"floor":8,"key":"Strawberry"},{"floor":9,"key":"Simple Rune"},{"floor":21,"key":"Ornamental Fan"},{"floor":23,"key":"Byrd Skull"},{"floor":25,"key":"Gremlin Food"},{"floor":26,"key":"Snake Skull"}],"event_choices":[{"damage_healed":0,"gold_gain":175,"player_choice":"AGREE","damage_taken":111,"max_hp_gain":0,"max_hp_loss":0,"event_name":"betterThird:BetterSerpent","floor":4,"gold_loss":0},{"damage_healed":0,"gold_gain":0,"player_choice":"Take Wound","damage_taken":0,"relics_obtained":["Golden Idol"],"max_hp_gain":0,"max_hp_loss":0,"event_name":"Golden Idol","floor":7,"gold_loss":0,"cards_obtained":["Injury"]},{"damage_healed":0,"gold_gain":0,"player_choice":"Traded Relic","damage_taken":0,"relics_obtained":["Nloth\u0027s Gift"],"max_hp_gain":0,"max_hp_loss":0,"event_name":"N\u0027loth","floor":19,"relics_lost":["BargainBundle"],"gold_loss":0}],"is_beta":false,"boss_relics":[{"not_picked":["Fusion Hammer","Abe\u0027s Treasure"],"picked":"Empty Cage"}],"items_purged_floors":[5,12],"is_endless":false,"potions_floor_spawned":[2,3,8,11,20,23,29,30],"killed_by":"bossMod:newCollector","ascension_level":10}}