{"host":"ds28d883r3sz42zs","time":1608593626,"event":{"mods":["2.2 Compatiblity","AchievementEnabler","Act Like it!","Aspiration","BaseMod","Bestiary","Better Match","Better Sensory Stone","Better Silent Start","Better Third Choice","Better-Laid Plans","BetterRewards","Block Reminder","Challenge The Spire","Clawfect","Colored Map","Colored Powertips","Conspire","DeckTracker","Defuse TimeMaze Blight","Disable Question Mark Monsters","Displayed Cursed Tome","Emptier Cage","GifTheSpireLib","Gold Saver","Hallownest","Hubris","Infinite Spire","Minty Spire (QoL Compilation)","Permanent Neow","Practice Mode","Quick Restart","Random Character Button","Rare Cards Sparkle","Relic Filter","Relic Sorter","Relic Stats","Replay The Spire","SacredBarkPlus","StSLib","Stuff the Spire","SuperFastMode","The Bug Knight","The Jungle","Uncapped","Unknown Chances"],"gold_per_floor":[116,136,148,148,148,176,223,258,258,286,28,90,121,141,141,246,246,256,256,256,299,337,337,367,409,409,434,60,89,89,135,135,234,234,280,280,329,329,409,439,439,494,494,504,520,532,590,590,590,721,721,721],"floor_reached":51,"playtime":3075,"items_purged":["Gash"],"score":1210,"play_id":"6264d238-f908-42de-a121-377e2365ed82","local_time":"20201221183346","is_ascension_mode":true,"campfire_choices":[{"data":"infinitespire:Collect","floor":15,"key":"SMITH"},{"data":"Wish","floor":23,"key":"SMITH"},{"data":"Machine Learning","floor":30,"key":"SMITH"},{"data":"Evaluate","floor":32,"key":"SMITH"},{"data":"Machine Learning","floor":41,"key":"SMITH"},{"data":"WheelKick","floor":49,"key":"SMITH"}],"circlet_count":0,"master_deck":["Gash","Gash","Gash","Gash","Defend_B","Defend_B","Defend_B","Defend_B","Defend_B","Gash","Evaluate+1","Conclude+1","infinitespire:Collect+1","Clawfect:ClawAndTear","Gash","WheelKick+1","ConjureBlade","Wish+1","Clawfect:ClawSnap","Clawfect:ClawAndTear","Machine Learning+1","Machine Learning+1","Coolheaded+1","Loop+1","Heatsinks+1","Gash"],"relics":["aspiration:WatcherSkillbook","PreservedInsect","conspire:DecoderRing","infinitespire:Golems Mask","infinitespire:EmpoweringShard","Lizard Tail","Bottled Lightning","Replay:Antivirus Software","Du-Vu Doll","hubris:Towel","Vajra","Mango","Meat on the Bone","Lee\u0027s Waffle","Replay:Baseball","Kunai","hubris:RunicObelisk","TungstenRod","Counterbalance","infinitespire:BottledMercury","Orichalcum","Letter Opener","conspire:BottledYoYo","hubris:Backtick","ReplayTheSpireMod:Ninjato"],"acts_visited":["Exordium","Exordium","TheBeyond","TheBeyond"],"potions_floor_usage":[27],"damage_taken":[{"damage":0,"enemies":"Cultist","floor":1,"turns":4},{"damage":2,"enemies":"Jaw Worm","floor":2,"turns":4},{"damage":3,"enemies":"Small Slimes","floor":3,"turns":4},{"damage":9,"enemies":"Gremlin Nob","floor":6,"turns":3},{"damage":4,"enemies":"Lagavulin","floor":8,"turns":3},{"damage":2,"enemies":"Gremlin Nob","floor":10,"turns":3},{"damage":12,"enemies":"Lagavulin Event","floor":12,"turns":3},{"damage":0,"enemies":"3 Sentries","floor":13,"turns":2},{"damage":0,"enemies":"Looter","floor":14,"turns":2},{"damage":11,"enemies":"Fading Forest","floor":16,"turns":10},{"damage":0,"enemies":"theJungle:Flameango_and_Byrd","floor":18,"turns":2},{"damage":14,"enemies":"theJungle:5_Spyders","floor":21,"turns":4},{"damage":0,"enemies":"theJungle:2_Snecko_Cultists","floor":22,"turns":2},{"damage":4,"enemies":"theJungle:MamaSnecko","floor":24,"turns":4},{"damage":11,"enemies":"theJungle:Lyon","floor":25,"turns":3},{"damage":32,"enemies":"Nightmare","floor":27,"turns":5},{"damage":0,"enemies":"theJungle:MamaSnecko","floor":29,"turns":2},{"damage":27,"enemies":"theJungle:2_Flameangoes","floor":31,"turns":4},{"damage":18,"enemies":"theJungle:FunGuy","floor":33,"turns":5},{"damage":8,"enemies":"3 Shapes","floor":35,"turns":2},{"damage":11,"enemies":"3 Darklings","floor":37,"turns":3},{"damage":11,"enemies":"Mind Bloom Boss Battle","floor":39,"turns":4},{"damage":0,"enemies":"Giant Head","floor":40,"turns":4},{"damage":34,"enemies":"Reptomancer","floor":42,"turns":4},{"damage":18,"enemies":"Spire Growth","floor":44,"turns":3},{"damage":18,"enemies":"Maw","floor":45,"turns":5},{"damage":15,"enemies":"Jaw Worm Horde","floor":46,"turns":3},{"damage":0,"enemies":"Giant Head","floor":47,"turns":4},{"damage":1,"enemies":"Replay:Hell Engine","floor":50,"turns":4}],"seed_played":"4349635065062309848","potions_obtained":[{"floor":1,"key":"conspire:TimeTravelPotion"},{"floor":6,"key":"GamblersBrew"},{"floor":7,"key":"FairyPotion"},{"floor":12,"key":"LiquidMemories"},{"floor":27,"key":"CultistPotion"}],"is_trial":false,"path_per_floor":["M","M","M","?","?","E","?","E","T","E","$","?","E","M","R","B",null,"M","?","?","M","M","R","E","M","T","NM","$","E","R","M","R","B",null,"M","?","M","T","?","E","R","E","T","M","M","M","E","?","R","B",null],"character_chosen":"DEFECT","items_purchased":["Bottled Lightning","Lee\u0027s Waffle","Replay:Baseball"],"campfire_rested":0,"item_purchase_floors":[11,28,28],"current_hp_per_floor":[68,66,63,63,44,35,17,13,13,11,11,40,40,40,40,43,67,67,67,67,53,53,53,49,38,52,39,96,96,96,69,69,51,85,77,77,66,66,55,55,55,33,33,27,21,18,30,30,30,41,79,79],"gold":721,"neow_bonus":"BOSS_RELIC","is_daily":false,"chose_seed":false,"campfire_upgraded":6,"win_rate":0.0,"timestamp":1608593626,"path_taken":["M","?","M","?","?","E","?","E","T","E","$","?","E","M","R","BOSS","M","?","?","M","M","R","E","M","T","NM","$","E","R","M","R","BOSS","M","?","M","?","?","E","R","E","T","M","?","M","E","?","R","BOSS"],"items_purchased_type":["Relic","Relic","Relic"],"build_version":"2020-12-13","purchased_purges":1,"victory":false,"max_hp_per_floor":[75,75,75,75,75,75,75,75,75,75,75,75,75,75,75,75,75,75,75,75,75,75,75,75,75,89,89,96,96,96,96,96,96,96,96,91,91,91,91,91,91,91,91,91,91,91,91,91,91,91,91,91],"relic_stats":{"Lizard Tail":0,"Lee\u0027s Waffle":57,"counters":[29,105],"PreservedInsect":565,"Kunai":[38],"Letter Opener":[26],"Orichalcum":[24],"obtain_stats":[{"infinitespire:BottledMercury":40,"Vajra":24,"Mango":26,"hubris:RunicObelisk":34,"Lizard Tail":10,"hubris:Backtick":51,"conspire:DecoderRing":7,"infinitespire:Golems Mask":8,"Kunai":29,"Replay:Antivirus Software":12,"Clawfect:DRClaw":0,"Lee\u0027s Waffle":28,"ReplayTheSpireMod:Ninjato":51,"Counterbalance":39,"PreservedInsect":6,"Letter Opener":43,"hubris:Towel":19,"Orichalcum":42,"Du-Vu Doll":13,"Replay:Baseball":28,"aspiration:WatcherSkillbook":0,"infinitespire:EmpoweringShard":9,"conspire:BottledYoYo":47,"Bottled Lightning":11,"TungstenRod":38,"Meat on the Bone":27},{"infinitespire:BottledMercury":23,"Vajra":14,"Mango":15,"hubris:RunicObelisk":19,"Lizard Tail":6,"hubris:Backtick":29,"conspire:DecoderRing":4,"infinitespire:Golems Mask":5,"Kunai":17,"Replay:Antivirus Software":6,"Clawfect:DRClaw":0,"Lee\u0027s Waffle":16,"ReplayTheSpireMod:Ninjato":29,"Counterbalance":22,"PreservedInsect":4,"Letter Opener":24,"hubris:Towel":11,"Orichalcum":24,"Du-Vu Doll":8,"Replay:Baseball":16,"aspiration:WatcherSkillbook":0,"infinitespire:EmpoweringShard":5,"conspire:BottledYoYo":28,"Bottled Lightning":6,"TungstenRod":21,"Meat on the Bone":16},{"infinitespire:BottledMercury":82,"Vajra":50,"Mango":53,"hubris:RunicObelisk":69,"Lizard Tail":21,"hubris:Backtick":105,"conspire:DecoderRing":15,"infinitespire:Golems Mask":18,"Kunai":60,"Replay:Antivirus Software":21,"Clawfect:DRClaw":0,"Lee\u0027s Waffle":58,"ReplayTheSpireMod:Ninjato":105,"Counterbalance":78,"PreservedInsect":15,"Letter Opener":86,"hubris:Towel":40,"Orichalcum":86,"Du-Vu Doll":26,"Replay:Baseball":58,"aspiration:WatcherSkillbook":0,"infinitespire:EmpoweringShard":18,"conspire:BottledYoYo":101,"Bottled Lightning":21,"TungstenRod":74,"Meat on the Bone":58}],"TungstenRod":12,"Meat on the Bone":72},"card_choices":[{"not_picked":["Leap","BowlingBash","Replay:Anticipation"],"picked":"Gash","floor":1},{"not_picked":["Halt","Clawfect:Clawter","Prostrate"],"picked":"Evaluate","floor":2},{"not_picked":["Panic Button","Halt","Creative AI"],"picked":"Conclude","floor":3},{"not_picked":["infinitespire:Oblivion","ReplayTheSpireMod:Black Plague"],"picked":"infinitespire:Collect","floor":5},{"not_picked":["Heatsinks","Mirror Shield","Consecrate"],"picked":"Clawfect:ClawAndTear","floor":6},{"not_picked":["LikeWater","Capacitor","Genetic Algorithm"],"picked":"Gash","floor":8},{"not_picked":["ForeignInfluence","Conclude","Protect"],"picked":"WheelKick","floor":10},{"not_picked":["FearNoEvil","ReplayGash","Steam"],"picked":"ConjureBlade","floor":13},{"not_picked":["Lockon","FlyingSleeves","Darkness","CrushJoints"],"picked":"SKIP","floor":14},{"not_picked":["Judgement","StuffTheSpire:Purify","hubris:Prefetch"],"picked":"Wish","floor":16},{"not_picked":["Clawfect:Clawrage","Pray","Stack","Leap+1"],"picked":"SKIP","floor":18},{"not_picked":["ForeignInfluence+1","Defragment","Conclude+1"],"picked":"Clawfect:ClawSnap","floor":21},{"not_picked":["SashWhip","Double Energy+1","Panic Button","Meditate+1"],"picked":"SKIP","floor":22},{"not_picked":["StuffTheSpire:Synthwave","Heatsinks","Clawfect:Clawline","FTL"],"picked":"SKIP","floor":24},{"not_picked":["Stack+1","InnerPeace","Conserve Battery"],"picked":"Clawfect:ClawAndTear","floor":25},{"not_picked":["Replay:Battleflow","FlyingSleeves","StuffTheSpire:ForEach","Replay:Cycle"],"picked":"SKIP","floor":27},{"not_picked":["Clawfect:Clawrage","ReplayTheSpireMod:Calculation Training","StuffTheSpire:LoadUp"],"picked":"Machine Learning","floor":29},{"not_picked":["EmptyFist+1","SashWhip","Clawfect:ClawForTheEyes","FlyingSleeves"],"picked":"SKIP","floor":31},{"not_picked":["Omniscience","Core Surge","LessonLearned"],"picked":"Machine Learning","floor":33},{"not_picked":["Chill","Machine Learning","FollowUp"],"picked":"Coolheaded+1","floor":35},{"not_picked":["Double Energy+1","Prostrate+1","Replay:Anticipation+1","Replay:AtTheReady"],"picked":"SKIP","floor":37},{"not_picked":["Prostrate","Halt+1","Tempest","Leap"],"picked":"SKIP","floor":40},{"not_picked":["Coolheaded","ThirdEye","Vengeance+1"],"picked":"Loop+1","floor":42},{"not_picked":["hubris:Ukulele+1","Redo","Crystallizer+1","Adaptation+1"],"picked":"SKIP","floor":44},{"not_picked":["StuffTheSpire:SnapShoot+1","Clawfect:ClawAndTear+1","Turbo+1"],"picked":"Heatsinks+1","floor":45},{"not_picked":["Panic Button+1","Adaptation+1","Creative AI","Aggregate+1"],"picked":"SKIP","floor":46},{"not_picked":["Clawfect:ScrapingClaw","ThirdEye","Crystallizer+1"],"picked":"Gash","floor":47}],"player_experience":740784,"relics_obtained":[{"floor":6,"key":"PreservedInsect"},{"floor":7,"key":"conspire:DecoderRing"},{"floor":8,"key":"infinitespire:Golems Mask"},{"floor":9,"key":"infinitespire:EmpoweringShard"},{"floor":10,"key":"Lizard Tail"},{"floor":13,"key":"Du-Vu Doll"},{"floor":24,"key":"Vajra"},{"floor":26,"key":"Mango"},{"floor":27,"key":"Meat on the Bone"},{"floor":29,"key":"Kunai"},{"floor":38,"key":"TungstenRod"},{"floor":39,"key":"Counterbalance"},{"floor":40,"key":"infinitespire:BottledMercury"},{"floor":42,"key":"Orichalcum"},{"floor":43,"key":"Letter Opener"},{"floor":47,"key":"conspire:BottledYoYo"}],"event_choices":[{"damage_healed":0,"gold_gain":0,"player_choice":"Searched \u00272\u0027 times","damage_taken":0,"relics_obtained":["Replay:Antivirus Software"],"max_hp_gain":0,"max_hp_loss":0,"event_name":"Dead Adventurer","floor":12,"gold_loss":0},{"damage_healed":0,"gold_gain":0,"player_choice":"Max HP","damage_taken":0,"max_hp_gain":0,"max_hp_loss":5,"event_name":"Winding Halls","floor":36,"gold_loss":0},{"damage_healed":0,"gold_gain":0,"player_choice":"Fight","damage_taken":0,"max_hp_gain":0,"max_hp_loss":0,"event_name":"MindBloom","floor":39,"gold_loss":0},{"damage_healed":0,"gold_gain":0,"player_choice":"Leave","damage_taken":0,"max_hp_gain":0,"max_hp_loss":0,"event_name":"conspire:Investor","floor":48,"gold_loss":0}],"is_beta":false,"boss_relics":[{"not_picked":["hubris:GrandSneckoEye","Snecko Eye","Abe\u0027s Treasure"]},{"not_picked":["Astrolabe","aspiration:RandomNobGenerator"],"picked":"hubris:RunicObelisk"},{"not_picked":["Painkiller Herb","conspire:RunicOctahedron"],"picked":"hubris:Backtick"}],"items_purged_floors":[28],"is_endless":true,"potions_floor_spawned":[1,6,12,14,21,27,29,37,40,42,45,47],"ascension_level":9}}