{"host":"qwv9nni2x0umspiu","time":1608594576,"event":{"mods":["BaseMod","Downfall","Minty Spire (QoL Compilation)","Replay The Spire","StSLib","The Hierophant","Wandering Minibosses"],"gold_per_floor":[118,206,131,149,160,160,174,174,197,197,197,221,221,221,221,191,191],"floor_reached":16,"playtime":703,"items_purged":["hierophant:Strike_Hierophant"],"score":216,"play_id":"e9d82ceb-3d99-41e4-ab01-8a88d89ffd36","local_time":"20201221154936","is_ascension_mode":true,"campfire_choices":[{"data":"hierophant:ChurchCoffers","floor":6,"key":"SMITH"},{"data":"hierophant:Punish","floor":8,"key":"SMITH"},{"data":"hierophant:Exaltation","floor":11,"key":"SMITH"},{"data":"hierophant:Alms","floor":13,"key":"SMITH"},{"data":"hierophant:Upheaval","floor":15,"key":"SMITH"}],"circlet_count":0,"master_deck":["AscendersBane","hierophant:Strike_Hierophant","hierophant:Strike_Hierophant","hierophant:Strike_Hierophant","hierophant:Punish+1","hierophant:Defend_Hierophant","hierophant:Defend_Hierophant","hierophant:Defend_Hierophant","hierophant:Defend_Hierophant","hierophant:ChurchCoffers+1","hierophant:Exaltation+1","hierophant:Smite","hierophant:Zeal","hierophant:Alms+1","hierophant:SealAway","hierophant:Upheaval+1"],"relics":["hierophant:PropheticMaskRelic","NeowsBlessing","Pet Ghost","Simple Rune","Bag of Marbles"],"acts_visited":["Exordium"],"potions_floor_usage":[10],"damage_taken":[{"damage":0,"enemies":"Small Slimes","floor":1,"turns":1},{"damage":0,"enemies":"Cultist","floor":4,"turns":1},{"damage":0,"enemies":"Jaw Worm","floor":5,"turns":1},{"damage":0,"enemies":"Lots of Slimes","floor":7,"turns":2},{"damage":8,"enemies":"Gremlin Nob","floor":10,"turns":3},{"damage":14,"enemies":"3 Sentries","floor":12,"turns":6},{"damage":41,"enemies":"Fading Forest","floor":16,"turns":12}],"seed_played":"107832831383641328","potions_obtained":[{"floor":1,"key":"Weak Potion"},{"floor":7,"key":"sneckomod:MuddlingPotion"}],"is_trial":false,"path_per_floor":["M","?","$","M","M","R","M","R","T","E","R","E","R","?","R","B"],"character_chosen":"HIEROPHANT","items_purchased":[],"campfire_rested":0,"item_purchase_floors":[],"current_hp_per_floor":[68,44,44,44,44,44,44,44,44,36,36,22,22,22,22,5,5],"gold":191,"neow_bonus":"THREE_ENEMY_KILL","is_daily":false,"chose_seed":false,"campfire_upgraded":5,"win_rate":0.0,"timestamp":1608594576,"path_taken":["M","?","$","?","M","R","M","R","T","E","R","E","R","?","R","BOSS"],"items_purchased_type":[],"build_version":"2020-12-13","purchased_purges":1,"victory":false,"max_hp_per_floor":[75,75,75,75,75,75,75,75,75,75,75,75,75,75,75,75,75],"card_choices":[{"not_picked":["hierophant:EyeForCoin","hierophant:OrnateBuckler","hierophant:Prophecy"],"picked":"SKIP","floor":1},{"not_picked":["hierophant:Prophecy","hierophant:PassingBell"],"picked":"hierophant:Exaltation","floor":2},{"not_picked":["hierophant:Empathy","hierophant:Doubloon"],"picked":"hierophant:Smite","floor":2},{"not_picked":["hierophant:SolarFlare","hierophant:Doomsaying"],"picked":"hierophant:Zeal","floor":4},{"not_picked":["hierophant:DisplayOfPower","hierophant:Blessing","hierophant:Mercenaries"],"picked":"SKIP","floor":5},{"not_picked":["hierophant:Encroach","hierophant:ConvertCurrency"],"picked":"hierophant:Alms","floor":7},{"not_picked":["hierophant:Endure","hierophant:Encroach"],"picked":"hierophant:SealAway","floor":10},{"not_picked":["hierophant:OrnateBuckler","hierophant:AuricBeam","hierophant:FieryStrike"],"picked":"SKIP","floor":12}],"player_experience":1292816,"relics_obtained":[{"floor":9,"key":"Pet Ghost"},{"floor":10,"key":"Simple Rune"},{"floor":12,"key":"Bag of Marbles"}],"event_choices":[{"damage_healed":0,"gold_gain":0,"player_choice":"1 cards matched","damage_taken":0,"max_hp_gain":0,"max_hp_loss":0,"event_name":"Match and Keep!","floor":14,"gold_loss":0,"cards_obtained":["hierophant:Upheaval"]}],"is_beta":false,"boss_relics":[],"items_purged_floors":[3],"is_endless":false,"potions_floor_spawned":[1,7],"killed_by":"Fading Forest","ascension_level":20}}