{"host":"lytueob6x0yvfkof","time":1608519892,"event":{"mods":["Act Like it!","Aspiration","Bard","BaseMod","Beaked The Cultist","Colored Map","Conspire","Downfall","Glutton Mod","Halation","Hallownest","HololiveMod","Hubris","Infinite Spire","Jedi Mod","Mad Scientist","Marisa????????","Mimic Mod","Minty Spire (QoL Compilation)","Potionbrewer","Reimu??????","Remilia??????","Replay The Spire","Somnambulant","StSLib","The Bug Knight","The Clintock","The Construct","The Cursed","The Disciple","The Elementalist","The Exalted","The Forsaken","The Hierophant","The Jungle","The Mystic","The Runesmith","The Servant 0.9.4","TheArtist","TheBandit","Yuyuko","vexMod"],"gold_per_floor":[99,119,131,131,150,164,164,164,14,41,58,58,43,43,60,60,60,60],"floor_reached":16,"playtime":1496,"items_purged":[],"score":102,"play_id":"42f86be7-0e87-4206-afa0-c55824f955b9","local_time":"20201221030452","is_ascension_mode":false,"campfire_choices":[{"floor":1,"key":"RECALL"},{"data":"Guardian:BronzeOrb","floor":9,"key":"SMITH"}],"circlet_count":0,"master_deck":["Guardian:Strike_Guardian","Guardian:Strike_Guardian","Guardian:Strike_Guardian","Guardian:Strike_Guardian","Guardian:Defend_Guardian","Guardian:Defend_Guardian","Guardian:Defend_Guardian","Guardian:Defend_Guardian","Guardian:CurlUp","Guardian:TwinSlam","Guardian:ShieldSpikes","Guardian:PiercingHide","Guardian:BronzeOrb+1","Hallucinations","Guardian:Preprogram","theForsaken:PlagueCurse","Guardian:ShieldCharger","Guardian:VentSteam","Guardian:TemporalStrike","Guardian:TemporalShield"],"relics":["Guardian:ModeShifter","Ring of Hypnosis","theForsaken:PlagueMask","downfall:HeartBlessingRed","downfall:HeartBlessingBlue","Quantum Egg"],"acts_visited":["Exordium"],"potions_floor_usage":[],"damage_taken":[{"damage":1,"enemies":"Cultist","floor":2,"turns":4},{"damage":0,"enemies":"conspire:RoseBush","floor":3,"turns":4},{"damage":0,"enemies":"Small Slimes","floor":5,"turns":4},{"damage":0,"enemies":"Exordium Thugs","floor":6,"turns":5},{"damage":48,"enemies":"Lagavulin","floor":10,"turns":9},{"damage":0,"enemies":"Lots of Slimes","floor":11,"turns":3},{"damage":4,"enemies":"downfall:FleeingMerchant","floor":13,"turns":4},{"damage":13,"enemies":"Gremlin Gang","floor":15,"turns":6},{"damage":24,"enemies":"downfall:Defect","floor":16,"turns":6}],"seed_played":"779374526170560627","potions_obtained":[{"floor":2,"key":"potionbrewer:AcidPotion"},{"floor":10,"key":"jedi:StrikingPotion"},{"floor":15,"key":"jedi:holywater"}],"is_trial":false,"path_per_floor":["R","M","M","?","M","M","T","?","R","E","M","?","$","?","M","B"],"character_chosen":"GUARDIAN","items_purchased":[],"campfire_rested":0,"item_purchase_floors":[],"current_hp_per_floor":[80,79,79,79,79,79,79,79,89,41,41,41,37,37,24,0,0,0],"gold":60,"neow_bonus":"THREE_CARDS","is_daily":false,"chose_seed":false,"campfire_upgraded":1,"win_rate":0.0,"timestamp":1608519892,"path_taken":["R","M","M","?","M","M","T","?","R","E","M","?","$","?","M","BOSS"],"items_purchased_type":[],"build_version":"2020-12-13","purchased_purges":0,"victory":false,"max_hp_per_floor":[80,80,80,80,80,80,80,80,90,90,90,90,90,90,90,90,90,90],"card_choices":[{"not_picked":["Guardian:Repulse","Guardian:Clone"],"picked":"Guardian:ShieldSpikes","floor":0},{"not_picked":["Guardian:Incinerate","Guardian:TimeBomb"],"picked":"Guardian:PiercingHide","floor":2},{"not_picked":["Guardian:Planning","Guardian:Emergency"],"picked":"Guardian:BronzeOrb","floor":3},{"not_picked":["Guardian:TemporalShield","Guardian:Orbwalk"],"picked":"Guardian:Gem_Crimson","floor":5},{"not_picked":["Guardian:Gem_Green","Guardian:Recover"],"picked":"Guardian:Preprogram","floor":6},{"not_picked":["Guardian:ShieldSpikes","Guardian:Gem_Lightblue"],"picked":"Guardian:ShieldCharger","floor":10},{"not_picked":["Guardian:CrystalBeam","Guardian:ConstructionForm"],"picked":"Guardian:VentSteam","floor":11},{"not_picked":["Guardian:VentSteam","Guardian:PolyBeam"],"picked":"Guardian:TemporalStrike","floor":13},{"not_picked":["Guardian:Gem_Lightblue","Guardian:Reroute"],"picked":"Guardian:TemporalShield","floor":15}],"player_experience":182925,"relics_obtained":[{"floor":4,"key":"Ring of Hypnosis"},{"floor":10,"key":"Quantum Egg"}],"event_choices":[{"damage_healed":0,"gold_gain":0,"player_choice":"Obtain Plague Curse","damage_taken":0,"max_hp_gain":0,"max_hp_loss":0,"event_name":"Plague Doctor","floor":8,"gold_loss":0,"cards_obtained":["theForsaken:PlagueCurse"]}],"is_beta":false,"boss_relics":[],"items_purged_floors":[],"is_endless":false,"potions_floor_spawned":[2,10,15],"killed_by":"downfall:Defect","ascension_level":0}}