{"host":"foq4mrde4mssg7vt","time":1608566201,"event":{"mods":["AchievementEnabler","BaseMod","Colored Map","Colored Powertips","Highlight Path","Minty Spire (QoL Compilation)","Relic Stats","everything is the same but u backflip on backflip"],"gold_per_floor":[111,125,125,146,166,166,166,189,189,44,88,39,39,57,57,176,176,155,155,178,31,54,54,54,80,80,109,109,126,126,144,144,242,242,258,258,141,141,141,141,168,184,184,184,184,210,221,235,235,235,235,235,64,93,93],"floor_reached":56,"playtime":3214,"items_purged":["Pain"],"score":1903,"play_id":"3b5e91b8-4b55-4763-8feb-7d4b4ca9c86b","local_time":"20201221235641","is_ascension_mode":true,"campfire_choices":[{"data":"Streamline","floor":6.0,"key":"SMITH"},{"data":"Hologram","floor":13.0,"key":"SMITH"},{"data":"Multi-Cast","floor":15.0,"key":"SMITH"},{"data":"Biased Cognition","floor":23.0,"key":"SMITH"},{"floor":32,"key":"REST"},{"data":"Coolheaded","floor":40,"key":"SMITH"},{"floor":44,"key":"RECALL"},{"floor":49,"key":"REST"},{"data":"Defragment","floor":52,"key":"SMITH"}],"circlet_count":0,"master_deck":["Zap","Dualcast+1","Multi-Cast+1","Rebound","Echo Form","Creative AI","Compile Driver","Multi-Cast+1","Streamline+1","Hologram+1","Conserve Battery","Leap","Stack","Conserve Battery","Coolheaded+1","Reinforced Body","Biased Cognition+1","Genetic Algorithm","Consume","Ball Lightning","Reboot+1","Compile Driver+1","Glacier","Sweeping Beam+1","Defragment+1","Defragment+1","Loop+1","Undo+1","Coolheaded"],"relics":["Pandora\u0027s Box","Bloody Idol","Kunai","Runic Capacitor","Bag of Preparation","Nuclear Battery","ClockworkSouvenir","Letter Opener","Bag of Marbles","Inserter","Ancient Tea Set","Ice Cream","WarpedTongs","Prayer Wheel","War Paint"],"acts_visited":["Exordium","TheCity","TheBeyond","TheEnding"],"potions_floor_usage":[27,29,41,41,41,41,55],"damage_taken":[{"damage":0.0,"enemies":"Small Slimes","floor":1.0,"turns":2.0},{"damage":12.0,"enemies":"Jaw Worm","floor":2.0,"turns":2.0},{"damage":0.0,"enemies":"Cultist","floor":4.0,"turns":4.0},{"damage":16.0,"enemies":"Red Slaver","floor":5.0,"turns":4.0},{"damage":7.0,"enemies":"Exordium Thugs","floor":8.0,"turns":5.0},{"damage":11.0,"enemies":"Gremlin Nob","floor":11.0,"turns":3.0},{"damage":0.0,"enemies":"2 Fungi Beasts","floor":14.0,"turns":4.0},{"damage":0.0,"enemies":"Hexaghost","floor":16.0,"turns":9.0},{"damage":7.0,"enemies":"2 Thieves","floor":18.0,"turns":5.0},{"damage":0.0,"enemies":"Shell Parasite","floor":20.0,"turns":6.0},{"damage":6.0,"enemies":"Sentry and Sphere","floor":22.0,"turns":5.0},{"damage":35.0,"enemies":"Gremlin Leader","floor":25.0,"turns":8.0},{"damage":16,"enemies":"Slavers","floor":27,"turns":9},{"damage":16,"enemies":"Centurion and Healer","floor":29,"turns":5},{"damage":2,"enemies":"Snake Plant","floor":31,"turns":6},{"damage":0,"enemies":"Automaton","floor":33,"turns":9},{"damage":0,"enemies":"3 Shapes","floor":35,"turns":6},{"damage":15,"enemies":"Reptomancer","floor":41,"turns":11},{"damage":2,"enemies":"3 Darklings","floor":42,"turns":6},{"damage":10,"enemies":"Nemesis","floor":46,"turns":9},{"damage":8,"enemies":"Writhing Mass","floor":47,"turns":9},{"damage":21,"enemies":"Sphere and 2 Shapes","floor":48,"turns":4},{"damage":5,"enemies":"Time Eater","floor":50,"turns":15},{"damage":3,"enemies":"Shield and Spear","floor":54,"turns":10},{"damage":14,"enemies":"The Heart","floor":55,"turns":11}],"seed_played":"-7804516334086840502","potions_obtained":[{"floor":1.0,"key":"SpeedPotion"},{"floor":4.0,"key":"LiquidBronze"},{"floor":5.0,"key":"Regen Potion"},{"floor":11.0,"key":"DistilledChaos"},{"floor":14.0,"key":"Dexterity Potion"},{"floor":22.0,"key":"EssenceOfDarkness"},{"floor":25.0,"key":"Strength Potion"},{"floor":27,"key":"Energy Potion"},{"floor":31,"key":"Weak Potion"},{"floor":33,"key":"EntropicBrew"},{"floor":41,"key":"Strength Potion"},{"floor":46,"key":"PotionOfCapacity"},{"floor":54,"key":"EntropicBrew"}],"is_trial":false,"path_per_floor":["M","M","?","M","M","R","?","M","T","$","E","$","R","M","R","B",null,"M","?","M","$","M","R","?","E","T","E","?","M","$","M","R","B",null,"M","?","$","?","?","R","E","M","T","R","?","E","M","M","R","B",null,"R","$","E","B",null],"character_chosen":"DEFECT","items_purchased":["Runic Capacitor","Coolheaded","ClockworkSouvenir","Glacier","FocusPotion","Coolheaded","FocusPotion"],"campfire_rested":2,"item_purchase_floors":[10,12,21,37,37,53,53],"current_hp_per_floor":[68,56,56,56,40,40,40,33,33,33,31,31,31,31,31,31,60,53,69,69,69,63,63,63,33,33,22,22,11,11,14,34,39,62,67,67,67,67,67,67,57,60,60,60,60,55,52,36,56,51,65,65,65,67,53],"gold":93,"neow_bonus":"BOSS_RELIC","is_daily":false,"chose_seed":false,"campfire_upgraded":6,"win_rate":0.0,"timestamp":1608566201,"path_taken":["M","M","?","M","M","R","?","?","T","?","E","$","R","M","R","BOSS","M","?","M","?","M","R","?","E","T","E","?","?","$","M","R","BOSS","M","?","$","?","?","R","E","?","T","R","?","E","M","?","R","BOSS","R","$","E","BOSS"],"items_purchased_type":["Relic","Card","Relic","Card","Potion","Card","Potion"],"build_version":"2020-12-13","purchased_purges":1,"victory":true,"max_hp_per_floor":[75,75,69,69,69,69,69,69,69,69,69,69,69,69,69,69,69,69,69,69,69,69,69,69,69,69,69,69,69,69,69,69,69,69,69,69,69,69,69,69,69,69,69,69,69,69,69,69,69,69,69,69,69,69,69],"relic_stats":{"Inserter":[35],"counters":[25,165],"Bloody Idol":60,"Pandora\u0027s Box":["Multi-Cast","Rebound","Echo Form","Creative AI","Compile Driver","Multi-Cast","Creative AI","Streamline"],"Prayer Wheel":2,"Bag of Preparation":[38],"Kunai":[15],"Letter Opener":[322],"War Paint":["Dualcast","Reboot"],"obtain_stats":[{"Ice Cream":43,"Inserter":34,"Golden Idol":3,"Runic Capacitor":10,"Bag of Preparation":11,"Letter Opener":25,"War Paint":54,"Ancient Tea Set":41,"Nuclear Battery":17,"ClockworkSouvenir":21,"WarpedTongs":45,"Bloody Idol":24,"Pandora\u0027s Box":0,"Prayer Wheel":46,"Bag of Marbles":27,"Kunai":9,"Cracked Core":0},{"Ice Cream":19,"Inserter":16,"Golden Idol":2,"Runic Capacitor":5,"Bag of Preparation":6,"Letter Opener":12,"War Paint":24,"Ancient Tea Set":18,"Nuclear Battery":8,"ClockworkSouvenir":10,"WarpedTongs":19,"Bloody Idol":11,"Pandora\u0027s Box":0,"Prayer Wheel":20,"Bag of Marbles":13,"Kunai":5,"Cracked Core":0},{"Ice Cream":108,"Inserter":85,"Golden Idol":4,"Runic Capacitor":17,"Bag of Preparation":20,"Letter Opener":57,"War Paint":155,"Ancient Tea Set":102,"Nuclear Battery":33,"ClockworkSouvenir":44,"WarpedTongs":108,"Bloody Idol":49,"Pandora\u0027s Box":0,"Prayer Wheel":117,"Bag of Marbles":65,"Kunai":17,"Cracked Core":0}],"WarpedTongs":[56]},"card_choices":[{"not_picked":["Doom and Gloom","Barrage"],"picked":"Hologram","floor":1.0},{"not_picked":["Redo","Coolheaded"],"picked":"Conserve Battery","floor":2.0},{"not_picked":["Beam Cell","Turbo"],"picked":"Leap","floor":4.0},{"not_picked":["Redo","Go for the Eyes"],"picked":"Stack","floor":5.0},{"not_picked":["Beam Cell","Turbo"],"picked":"Rip and Tear","floor":8.0},{"not_picked":["Rebound","Fusion"],"picked":"Conserve Battery","floor":11.0},{"not_picked":["Sweeping Beam","Hologram"],"picked":"Reinforced Body","floor":14.0},{"not_picked":["Thunder Strike","Hyperbeam"],"picked":"Biased Cognition","floor":16.0},{"not_picked":["Hologram","Blizzard","Stack"],"picked":"SKIP","floor":18.0},{"not_picked":["Reinforced Body+1","Stack","Beam Cell"],"picked":"SKIP","floor":20.0},{"not_picked":["Reinforced Body+1","Conserve Battery"],"picked":"Genetic Algorithm","floor":22.0},{"not_picked":["Blizzard","Steam"],"picked":"Consume","floor":25.0},{"not_picked":["Conserve Battery","Creative AI","Stack"],"picked":"SKIP","floor":27},{"not_picked":["Conserve Battery","Redo","Consume"],"picked":"SKIP","floor":29},{"not_picked":["Multi-Cast","Barrage"],"picked":"Ball Lightning","floor":31},{"not_picked":["Meteor Strike","Hyperbeam"],"picked":"Reboot","floor":33},{"not_picked":["Recycle","Redo"],"picked":"Compile Driver+1","floor":35},{"not_picked":["Storm","Streamline+1"],"picked":"Sweeping Beam+1","floor":41},{"not_picked":["Recycle","Gash"],"picked":"Defragment+1","floor":42},{"not_picked":["Turbo+1","Streamline+1"],"picked":"Defragment","floor":46},{"not_picked":["Conserve Battery+1","Sweeping Beam"],"picked":"Loop+1","floor":47},{"not_picked":["Machine Learning","Beam Cell","Capacitor"],"picked":"SKIP","floor":47},{"not_picked":["Beam Cell+1","Redo"],"picked":"Undo+1","floor":48},{"not_picked":["Loop","Rip and Tear","Hologram"],"picked":"SKIP","floor":48},{"not_picked":["Stack+1","Doom and Gloom","Streamline"],"picked":"SKIP","floor":54}],"player_experience":224000,"relics_obtained":[{"floor":9.0,"key":"Kunai"},{"floor":11.0,"key":"Bag of Preparation"},{"floor":25.0,"key":"Letter Opener"},{"floor":27,"key":"Bag of Marbles"},{"floor":41,"key":"Ancient Tea Set"},{"floor":43,"key":"Ice Cream"},{"floor":46,"key":"Prayer Wheel"},{"floor":54,"key":"War Paint"}],"event_choices":[{"damage_healed":0.0,"max_hp_gain":0.0,"max_hp_loss":6.0,"gold_gain":0.0,"event_name":"Golden Idol","player_choice":"Lose Max HP","floor":3.0,"gold_loss":0.0,"damage_taken":0.0,"relics_obtained":["Golden Idol"]},{"cards_removed":["Creative AI"],"damage_healed":0.0,"max_hp_gain":0.0,"max_hp_loss":0.0,"gold_gain":0.0,"event_name":"Wheel of Change","player_choice":"Card Removal","floor":7.0,"gold_loss":0.0,"damage_taken":0.0},{"cards_removed":["Rip and Tear"],"damage_healed":16.0,"max_hp_gain":0.0,"max_hp_loss":0.0,"gold_gain":0.0,"event_name":"Bonfire Elementals","player_choice":"Offered Uncommon","floor":19.0,"gold_loss":0.0,"damage_taken":0.0},{"damage_healed":0.0,"max_hp_gain":0.0,"max_hp_loss":0.0,"gold_gain":0.0,"event_name":"Forgotten Altar","player_choice":"Gave Idol","floor":24.0,"relics_lost":["Golden Idol"],"gold_loss":0.0,"damage_taken":0.0,"relics_obtained":["Bloody Idol"]},{"damage_healed":0,"gold_gain":0,"player_choice":"Upgraded","damage_taken":0,"max_hp_gain":0,"max_hp_loss":0,"event_name":"Upgrade Shrine","floor":28,"gold_loss":0,"cards_upgraded":["Multi-Cast"]},{"damage_healed":0,"gold_gain":0,"player_choice":"Ignored","damage_taken":0,"max_hp_gain":0,"max_hp_loss":0,"event_name":"Tomb of Lord Red Mask","floor":36,"gold_loss":0},{"damage_healed":0,"gold_gain":0,"player_choice":"Memory 1","damage_taken":0,"max_hp_gain":0,"max_hp_loss":0,"event_name":"SensoryStone","floor":38,"gold_loss":0},{"damage_healed":0,"gold_gain":0,"player_choice":"0 cards matched","damage_taken":0,"max_hp_gain":0,"max_hp_loss":0,"event_name":"Match and Keep!","floor":39,"gold_loss":0,"cards_obtained":[]},{"damage_healed":0,"gold_gain":0,"player_choice":"Rummage","damage_taken":0,"relics_obtained":["WarpedTongs"],"max_hp_gain":0,"max_hp_loss":0,"event_name":"Accursed Blacksmith","floor":45,"gold_loss":0,"cards_obtained":["Pain"]}],"is_beta":false,"boss_relics":[{"not_picked":["Cursed Key","Empty Cage"],"picked":"Nuclear Battery"},{"not_picked":["Philosopher\u0027s Stone","Velvet Choker"],"picked":"Inserter"}],"items_purged_floors":[53],"is_endless":false,"potions_floor_spawned":[1,4,5,11,14,22,25,27,31,33,35,41,46,48,54],"ascension_level":8}}