{"host":"ÇïÍ¥»¨¿ªÃÎÀïÏã","time":1608546396,"event":{"mods":["ATMod(°¢èªMod)","Ascension Reborn","BaseMod","Colored Powertips","Custom Start","DeckTracker","Highlight Path","Minty Spire (QoL Compilation)","Relic Stats","Replay The Spire","StSLib","Waifu the Spire","¡¾ÒÅÎï¿¨ÅÆ¡¿REMEMod"],"gold_per_floor":[122,142,27,27,27,27,27,27,27],"floor_reached":8,"playtime":234,"items_purged":[],"score":0,"play_id":"03a44822-8055-4ec6-b445-28edc4210cda","local_time":"20201221182636","is_ascension_mode":true,"campfire_choices":[{"data":"AT_FamilyPortrait","floor":6,"key":"SMITH"}],"circlet_count":0,"master_deck":["Strike_G+1","Strike_G+1","Strike_G+1","Strike_G+1","Defend_G+1","Defend_G+1","Defend_G+1","Defend_G+1","Defend_G+1","Survivor+1","Neutralize+1","Feed+1","AT_FamilyPortrait+1","Acrobatics+1","Flechettes+1"],"relics":["REME_ComplimentaryCards","AT_ATBox","Runic Dome","Prayer Wheel","Pet Ghost","Prayer Wheel"],"acts_visited":["Exordium"],"potions_floor_usage":[],"damage_taken":[{"damage":0,"enemies":"2 Louse","floor":1,"turns":2},{"damage":0,"enemies":"Small Slimes","floor":2,"turns":1},{"damage":1,"enemies":"3 Sentries","floor":8,"turns":3}],"seed_played":"3670695401074964245","potions_obtained":[{"floor":1,"key":"FearPotion"},{"floor":1,"key":"Swift Potion"},{"floor":2,"key":"Strength Potion"}],"is_trial":false,"path_per_floor":["M","M","$","?","?","R","$","E"],"character_chosen":"THE_SILENT","items_purchased":["Pet Ghost"],"campfire_rested":0,"item_purchase_floors":[3],"current_hp_per_floor":[77,77,77,77,62,62,62,67,67],"gold":27,"neow_bonus":"BOSS_RELIC","is_daily":false,"chose_seed":false,"campfire_upgraded":1,"win_rate":0.0,"timestamp":1608546396,"path_taken":["M","M","$","?","?","R","$","E"],"items_purchased_type":["Relic"],"build_version":"2020-12-18","purchased_purges":0,"victory":false,"max_hp_per_floor":[77,77,77,77,77,77,77,81,81],"relic_stats":{"counters":[3,6],"Prayer Wheel":2,"obtain_stats":[{"Runic Dome":0,"AT_ATBox":0,"Prayer Wheel":1,"Pet Ghost":3,"Ring of the Snake":0,"REME_ComplimentaryCards":0},{"Runic Dome":0,"AT_ATBox":0,"Prayer Wheel":1,"Pet Ghost":2,"Ring of the Snake":0,"REME_ComplimentaryCards":0},{"Runic Dome":0,"AT_ATBox":0,"Prayer Wheel":1,"Pet Ghost":3,"Ring of the Snake":0,"REME_ComplimentaryCards":0}]},"card_choices":[{"not_picked":["AT_KneejerkReflex","Skewer"],"picked":"Acrobatics","floor":1},{"not_picked":["PiercingWail+1","AT_WomanClash","Slice+1"],"picked":"SKIP","floor":1},{"not_picked":["Prepared","Predator","Endless Agony+1"],"picked":"SKIP","floor":2},{"not_picked":["Deadly Poison","Flying Knee","Masterful Stab+1"],"picked":"SKIP","floor":2}],"player_experience":445437,"relics_obtained":[],"event_choices":[{"damage_healed":0,"gold_gain":0,"player_choice":"Entered Light","damage_taken":15,"max_hp_gain":0,"max_hp_loss":0,"event_name":"Shining Light","floor":5,"gold_loss":0,"cards_upgraded":["Feed","Acrobatics"]}],"is_beta":true,"boss_relics":[],"items_purged_floors":[],"is_endless":false,"potions_floor_spawned":[1],"killed_by":"3 Sentries","ascension_level":-20}}