{"host":"627up2rvtmm0cf0r","time":1608550590,"event":{"mods":["ATMod(阿瑾Mod)","Act Like it!","BaseMod","CapriCore","Card Filter","Card Forge","DeckTracker","Dota2Spire","Friendly Minions","Highlight Path","Minty Spire (QoL Compilation)","MostiFishMod","Permanent Neow","Quick Restart","Relic Stats","Shop Mod","Spicy Shops","StSLib","SuperFastMode","TestMod","[地精首领爬塔]The Maniac","【遗物卡牌】REMEMod","篝火指南"],"gold_per_floor":[110,110,110,125,125,143,159,159,184,184,199,199,212,239,239,342,342,359,386,204,204,218,218,243,243,243,10,21,34,34,64,64,160,160,172,190,240,640,862,862,895,343,368,378,392,410,25,112,112,162],"floor_reached":51,"playtime":1479,"items_purged":["Strike_P","Vigilance+1","Strike_P"],"score":1092,"play_id":"d6fdd242-c54b-4581-9caf-c292406c2788","local_time":"20201221193630","is_ascension_mode":false,"campfire_choices":[{"data":"MostiFishMod:UniPurple","floor":8,"key":"SMITH"},{"data":"Eruption","floor":10,"key":"SMITH"},{"data":"REME_Repentance","floor":15,"key":"SMITH"},{"data":"MostiFishMod:StarOceanP","floor":32,"key":"SMITH"},{"data":"DevaForm","floor":40,"key":"SMITH"},{"data":"Offering","floor":49,"key":"SMITH"}],"circlet_count":0,"master_deck":["Strike_P+1","Strike_P","Defend_P","Defend_P","Defend_P","Defend_P","Eruption+1","AT_Dispersion+1","Offering+1","MostiFishMod:UniPurple+1","REME_Repentance+1","MostiFishMod:StarOceanP+1","DevaForm+1"],"relics":["PureWater","Hammer of Thor","Seething Fire","Anvil of the Gods","DaveBox","testmod-TestBox","AT_ATBox","testmod-Muramasa","ImprovedEquipment","NeowsBlessing","Question Card","Bag of Preparation","testmod-LifeArmor","ImportantClient","BirthdayGift-Icosahedron","Red Mask","SynthV:C4","MutagenicStrength","Strawberry","REME_PuzzleBoxRelic","AT_GoldPhoenixTree","AT_BellDemon","Medical Kit","Dota2Spire:BlackKingBar","Dota2Spire:UrnOfShadows","Potion Belt","testmod-ConstraintPeriapt","VioletLotus","AT_ArchangelStaff","Damaru","testmod-HeartOfStrike","Eternal Feather","testmod-Brilliant","Lantern","Dota2Spire:HeartOfTarrasque","SynthV","ClockworkSouvenir","Dota2Spire:Vanguard","AT_SilverBalance","Bronze Scales","Dota2Spire:OrchidMalevolence","Membership Card","Happy Flower","AT_MibuBalloonWealth","Bottled Tornado","GoldenEye"],"acts_visited":["Exordium","TheCity","TheBeyond"],"potions_floor_usage":[31,33],"damage_taken":[{"damage":0,"enemies":"2 Louse","floor":1,"turns":1},{"damage":0,"enemies":"Jaw Worm","floor":4,"turns":1},{"damage":0,"enemies":"Small Slimes","floor":6,"turns":1},{"damage":8,"enemies":"Looter","floor":7,"turns":4},{"damage":0,"enemies":"Blue Slaver","floor":11,"turns":3},{"damage":0,"enemies":"2 Fungi Beasts","floor":13,"turns":2},{"damage":11,"enemies":"Gremlin Nob","floor":14,"turns":3},{"damage":14,"enemies":"Hexaghost","floor":16,"turns":7},{"damage":0,"enemies":"Chosen","floor":18,"turns":3},{"damage":0,"enemies":"Masked Bandits","floor":19,"turns":2},{"damage":0,"enemies":"3 Byrds","floor":22,"turns":1},{"damage":0,"enemies":"REME_1_Revenger","floor":24,"turns":2},{"damage":0,"enemies":"Shelled Parasite and Fungi","floor":28,"turns":1},{"damage":0,"enemies":"Cultist and Chosen","floor":29,"turns":2},{"damage":0,"enemies":"Slavers","floor":31,"turns":1},{"damage":0,"enemies":"Collector","floor":33,"turns":4},{"damage":0,"enemies":"3 Shapes","floor":35,"turns":1},{"damage":0,"enemies":"3 Darklings","floor":36,"turns":2},{"damage":25,"enemies":"Mind Bloom Boss Battle","floor":37,"turns":4},{"damage":0,"enemies":"Reptomancer","floor":41,"turns":2},{"damage":7,"enemies":"Spire Growth","floor":44,"turns":2},{"damage":0,"enemies":"Maw","floor":45,"turns":2},{"damage":0,"enemies":"Writhing Mass","floor":46,"turns":1},{"damage":0,"enemies":"Sphere and 2 Shapes","floor":48,"turns":1},{"damage":0,"enemies":"Donu and Deca","floor":50,"turns":3}],"seed_played":"-2973926472401886756","potions_obtained":[{"floor":4,"key":"BlessingOfTheForge"},{"floor":6,"key":"testmod-TestPotion"},{"floor":14,"key":"BlessingOfTheForge"},{"floor":31,"key":"StancePotion"},{"floor":33,"key":"SteroidPotion"},{"floor":37,"key":"BlessingOfTheForge"},{"floor":41,"key":"FearPotion"}],"is_trial":false,"path_per_floor":["M","?","$","M","?","M","M","R","T","R","M","?","M","E","R","B",null,"M","?","$","?","M","?","E","T","T","$","M","M","?","E","R","B",null,"M","M","?","?","?","R","E","$","T","M","M","M","$","M","R","B",null],"character_chosen":"WATCHER","items_purchased":["SynthV:C4","AT_BellDemon","Medical Kit","Lantern","Dota2Spire:HeartOfTarrasque","SynthV","ClockworkSouvenir","Membership Card","Happy Flower","AT_MibuBalloonWealth","Bottled Tornado"],"campfire_rested":0,"item_purchase_floors":[20,27,27,42,42,42,42,47,47,47,47],"current_hp_per_floor":[72,58,58,58,58,58,50,50,50,50,50,50,50,39,39,25,72,72,72,72,72,72,72,79,79,79,79,79,79,79,79,79,79,79,79,79,55,55,55,55,56,64,64,58,44,44,44,44,50,44],"gold":162,"neow_bonus":"THREE_ENEMY_KILL","is_daily":false,"chose_seed":false,"campfire_upgraded":6,"win_rate":0.0,"timestamp":1608550590,"path_taken":["M","?","$","M","?","M","M","R","T","R","M","?","M","E","R","BOSS","M","?","$","?","M","?","E","?","T","$","M","?","?","E","R","BOSS","M","M","?","?","?","R","E","$","T","M","?","M","$","M","R","BOSS"],"items_purchased_type":["Relic","Relic","Relic","Relic","Relic","Relic","Relic","Relic","Relic","Relic","Relic"],"build_version":"2020-12-13","purchased_purges":3,"victory":true,"max_hp_per_floor":[72,72,72,72,72,72,72,72,72,72,72,72,72,72,72,72,72,72,72,72,72,72,72,79,79,79,79,79,79,79,79,79,79,79,79,79,79,79,79,79,79,87,87,87,87,87,87,87,87,87],"relic_stats":{"Happy Flower":[1],"counters":[25,55],"Bronze Scales":[6],"Eternal Feather":6,"VioletLotus":[0],"Bag of Preparation":[42],"Question Card":23,"Medical Kit":[9],"GoldenEye":[0],"obtain_stats":[{"AT_BellDemon":27,"testmod-HeartOfStrike":37,"Lantern":42,"AT_ATBox":0,"DaveBox":0,"SynthV":42,"Dota2Spire:OrchidMalevolence":46,"AT_MibuBalloonWealth":47,"Hammer of Thor":0,"testmod-LifeArmor":14,"Dota2Spire:Vanguard":43,"Bag of Preparation":9,"BirthdayGift-Icosahedron":17,"Bottled Tornado":47,"AT_ArchangelStaff":35,"SynthV:C4":20,"ClockworkSouvenir":42,"testmod-Brilliant":41,"Strawberry":24,"VioletLotus":34,"Red Mask":19,"ImportantClient":16,"Potion Belt":31,"testmod-Muramasa":0,"testmod-TestBox":0,"Dota2Spire:UrnOfShadows":31,"NeowsBlessing":0,"Dota2Spire:BlackKingBar":29,"Happy Flower":47,"ImprovedEquipment":0,"AT_GoldPhoenixTree":26,"Damaru":36,"Eternal Feather":41,"AT_SilverBalance":44,"Dota2Spire:HeartOfTarrasque":42,"Seething Fire":0,"testmod-ConstraintPeriapt":33,"Question Card":1,"Medical Kit":27,"GoldenEye":48,"Anvil of the Gods":0,"MutagenicStrength":21,"Bronze Scales":45,"Membership Card":47,"PureWater":0,"REME_PuzzleBoxRelic":25,"REME_ComplimentaryCards":0},{"AT_BellDemon":12,"testmod-HeartOfStrike":19,"Lantern":20,"AT_ATBox":0,"DaveBox":0,"SynthV":20,"Dota2Spire:OrchidMalevolence":23,"AT_MibuBalloonWealth":23,"Hammer of Thor":0,"testmod-LifeArmor":7,"Dota2Spire:Vanguard":20,"Bag of Preparation":4,"BirthdayGift-Icosahedron":8,"Bottled Tornado":23,"AT_ArchangelStaff":17,"SynthV:C4":10,"ClockworkSouvenir":20,"testmod-Brilliant":20,"Strawberry":12,"VioletLotus":16,"Red Mask":10,"ImportantClient":8,"Potion Belt":15,"testmod-Muramasa":0,"testmod-TestBox":0,"Dota2Spire:UrnOfShadows":15,"NeowsBlessing":0,"Dota2Spire:BlackKingBar":14,"Happy Flower":23,"ImprovedEquipment":0,"AT_GoldPhoenixTree":12,"Damaru":18,"Eternal Feather":20,"AT_SilverBalance":21,"Dota2Spire:HeartOfTarrasque":20,"Seething Fire":0,"testmod-ConstraintPeriapt":16,"Question Card":1,"Medical Kit":12,"GoldenEye":24,"Anvil of the Gods":0,"MutagenicStrength":10,"Bronze Scales":22,"Membership Card":23,"PureWater":0,"REME_PuzzleBoxRelic":12,"REME_ComplimentaryCards":0},{"AT_BellDemon":30,"testmod-HeartOfStrike":44,"Lantern":46,"AT_ATBox":0,"DaveBox":0,"SynthV":46,"Dota2Spire:OrchidMalevolence":51,"AT_MibuBalloonWealth":51,"Hammer of Thor":0,"testmod-LifeArmor":15,"Dota2Spire:Vanguard":46,"Bag of Preparation":7,"BirthdayGift-Icosahedron":22,"Bottled Tornado":51,"AT_ArchangelStaff":38,"SynthV:C4":27,"ClockworkSouvenir":46,"testmod-Brilliant":46,"Strawberry":30,"VioletLotus":37,"Red Mask":27,"ImportantClient":22,"Potion Belt":34,"testmod-Muramasa":0,"testmod-TestBox":0,"Dota2Spire:UrnOfShadows":34,"NeowsBlessing":0,"Dota2Spire:BlackKingBar":33,"Happy Flower":51,"ImprovedEquipment":0,"AT_GoldPhoenixTree":30,"Damaru":40,"Eternal Feather":46,"AT_SilverBalance":48,"Dota2Spire:HeartOfTarrasque":46,"Seething Fire":0,"testmod-ConstraintPeriapt":37,"Question Card":1,"Medical Kit":30,"GoldenEye":52,"Anvil of the Gods":0,"MutagenicStrength":27,"Bronze Scales":50,"Membership Card":51,"PureWater":0,"REME_PuzzleBoxRelic":30,"REME_ComplimentaryCards":0}]},"card_choices":[{"not_picked":["ThirdEye","WaveOfTheHand","EmptyBody"],"picked":"SKIP","floor":1},{"not_picked":["EmptyMind","ThirdEye","BowlingBash","AT_ChampionStep"],"picked":"SKIP","floor":4},{"not_picked":["ThirdEye","WheelKick","BowlingBash","ClearTheMind"],"picked":"SKIP","floor":6},{"not_picked":["CutThroughFate","ClearTheMind","Halt"],"picked":"MostiFishMod:UniPurple","floor":7},{"not_picked":["FlurryOfBlows","Evaluate","Consecrate"],"picked":"REME_Repentance","floor":11},{"not_picked":["WreathOfFlame","CutThroughFate","FlurryOfBlows","Swivel"],"picked":"SKIP","floor":13},{"not_picked":["BowlingBash","Halt","JustLucky","Tantrum"],"picked":"SKIP","floor":14},{"not_picked":["MostiFishMod:Nomercy","MostiFishMod:FlowState","Scrawl"],"picked":"MostiFishMod:StarOceanP","floor":16},{"not_picked":["Sanctity","EmptyBody","BowlingBash","EmptyMind","Protect"],"picked":"SKIP","floor":18},{"not_picked":["SignatureMove","FearNoEvil+1","Halt","Sanctity"],"picked":"SKIP","floor":22},{"not_picked":["BowlingBash","SashWhip","EmptyBody+1","Pray"],"picked":"SKIP","floor":24},{"not_picked":["CutThroughFate","PathToVictory","Pray","Nirvana+1"],"picked":"SKIP","floor":28},{"not_picked":["Nirvana","REME_Repentance","PathToVictory","Tantrum"],"picked":"SKIP","floor":29},{"not_picked":["AT_MachinaRedman","FollowUp","PathToVictory+1","Protect"],"picked":"SKIP","floor":31},{"not_picked":["FollowUp","CrushJoints","Crescendo","EmptyFist+1"],"picked":"SKIP","floor":35},{"not_picked":["FollowUp","Perseverance+1","Evaluate+1","BowlingBash+1"],"picked":"SKIP","floor":36},{"not_picked":["Weave+1","FollowUp","AT_SoftenMuscles+1"],"picked":"DevaForm","floor":37},{"not_picked":["TalkToTheHand","REME_Repentance+1","Evaluate+1","FlyingSleeves+1"],"picked":"SKIP","floor":41},{"not_picked":["BowlingBash+1","WheelKick","Nirvana+1","FollowUp+1"],"picked":"SKIP","floor":44},{"not_picked":["ThirdEye","FlyingSleeves","REME_MusicOfDeath+1","JustLucky+1"],"picked":"SKIP","floor":45},{"not_picked":["ClearTheMind","REME_Repentance","AT_RealFormLess","Evaluate"],"picked":"SKIP","floor":46},{"not_picked":["SashWhip","REME_MusicOfDeath+1","JustLucky","Crescendo+1"],"picked":"SKIP","floor":48}],"player_experience":9938,"relics_obtained":[{"floor":1,"key":"Question Card"},{"floor":9,"key":"Bag of Preparation"},{"floor":14,"key":"testmod-LifeArmor"},{"floor":16,"key":"ImportantClient"},{"floor":19,"key":"Red Mask"},{"floor":24,"key":"Strawberry"},{"floor":25,"key":"REME_PuzzleBoxRelic"},{"floor":26,"key":"AT_GoldPhoenixTree"},{"floor":29,"key":"Dota2Spire:BlackKingBar"},{"floor":31,"key":"Dota2Spire:UrnOfShadows"},{"floor":31,"key":"Potion Belt"},{"floor":33,"key":"testmod-ConstraintPeriapt"},{"floor":35,"key":"AT_ArchangelStaff"},{"floor":36,"key":"Damaru"},{"floor":37,"key":"testmod-HeartOfStrike"},{"floor":41,"key":"Eternal Feather"},{"floor":41,"key":"testmod-Brilliant"},{"floor":43,"key":"Dota2Spire:Vanguard"},{"floor":44,"key":"AT_SilverBalance"},{"floor":45,"key":"Bronze Scales"},{"floor":46,"key":"Dota2Spire:OrchidMalevolence"},{"floor":48,"key":"GoldenEye"}],"event_choices":[{"damage_healed":0,"gold_gain":0,"player_choice":"Entered Light","damage_taken":14,"max_hp_gain":0,"max_hp_loss":0,"event_name":"Shining Light","floor":2,"gold_loss":0,"cards_upgraded":["Strike_P","Vigilance"]},{"damage_healed":0,"gold_gain":0,"player_choice":"Grow","damage_taken":0,"max_hp_gain":0,"max_hp_loss":0,"event_name":"Living Wall","floor":5,"gold_loss":0,"cards_upgraded":["AT_Dispersion"]},{"damage_healed":0,"gold_gain":0,"player_choice":"Ignored","damage_taken":0,"max_hp_gain":0,"max_hp_loss":0,"event_name":"给自己的盒子","floor":12,"gold_loss":0},{"damage_healed":0,"gold_gain":0,"player_choice":"Fought Bandits","damage_taken":0,"max_hp_gain":0,"max_hp_loss":0,"event_name":"Masked Bandits","floor":19,"gold_loss":0},{"damage_healed":0,"gold_gain":0,"player_choice":"Inject Mutagens","damage_taken":0,"relics_obtained":["MutagenicStrength"],"max_hp_gain":0,"max_hp_loss":0,"event_name":"Drug Dealer","floor":21,"gold_loss":0},{"damage_healed":0,"gold_gain":0,"player_choice":"Ignored","damage_taken":0,"max_hp_gain":0,"max_hp_loss":0,"event_name":"Ghosts","floor":23,"gold_loss":0},{"damage_healed":0,"gold_gain":0,"player_choice":"Ignored","damage_taken":0,"max_hp_gain":0,"max_hp_loss":0,"event_name":"The Mausoleum","floor":30,"gold_loss":0},{"damage_healed":0,"gold_gain":0,"player_choice":"Fight","damage_taken":0,"max_hp_gain":0,"max_hp_loss":0,"event_name":"MindBloom","floor":37,"gold_loss":0},{"damage_healed":0,"gold_gain":400,"player_choice":"Sell","damage_taken":0,"max_hp_gain":0,"max_hp_loss":0,"event_name":"恩洛斯的盘子","floor":38,"relics_lost":["REME_ComplimentaryCards"],"gold_loss":0},{"damage_healed":0,"gold_gain":222,"player_choice":"Wore Mask","damage_taken":0,"max_hp_gain":0,"max_hp_loss":0,"event_name":"Tomb of Lord Red Mask","floor":39,"gold_loss":0}],"is_beta":false,"boss_relics":[{"not_picked":["testmod-EnergyCheck","GuanYuAspect"],"picked":"BirthdayGift-Icosahedron"},{"not_picked":["TimeKeys","FixedStarFall"],"picked":"VioletLotus"}],"items_purged_floors":[20,42,47],"is_endless":false,"potions_floor_spawned":[4,6,14,18,24,29,31,33,37,41,44,45,48],"ascension_level":0}}