{"host":"m6aaltr68g9tvoay","time":1608593037,"event":{"mods":["AchievementEnabler","BaseMod","Colored Map","Minty Spire (QoL Compilation)","StSLib"],"gold_per_floor":[111,122,172,44,57,91,101,101,151,151,71,86,105,115,115,187,187,201,251,261,276,56,56,56],"floor_reached":23,"playtime":760,"items_purged":[],"score":361,"play_id":"28d93262-b78c-4a0e-9702-8ac24d0a6c3b","local_time":"20201221152357","is_ascension_mode":true,"campfire_choices":[{"floor":8,"key":"REST"},{"data":"Defragment","floor":10,"key":"SMITH"},{"floor":15,"key":"REST"}],"circlet_count":0,"master_deck":["AscendersBane","Strike_B","Strike_B","Strike_B","Strike_B","Defend_B","Defend_B","Defend_B","Defend_B","Zap","Dualcast","Ball Lightning","Defragment+1","Melter","Cold Snap","Biased Cognition","FTL","Beam Cell","Static Discharge","Redo","Lockon","Fission","Electrodynamics","Steam","Coolheaded","Leap","Cold Snap"],"relics":["Cracked Core","Art of War","Meat on the Bone","Toy Ornithopter","Inserter","Medical Kit"],"acts_visited":["Exordium","TheCity"],"potions_floor_usage":[13,16,20],"damage_taken":[{"damage":6,"enemies":"Cultist","floor":1,"turns":3},{"damage":0,"enemies":"2 Louse","floor":2,"turns":3},{"damage":0,"enemies":"Small Slimes","floor":5,"turns":2},{"damage":30,"enemies":"Gremlin Nob","floor":6,"turns":4},{"damage":8,"enemies":"Blue Slaver","floor":7,"turns":2},{"damage":12,"enemies":"Looter","floor":12,"turns":2},{"damage":30,"enemies":"Gremlin Gang","floor":13,"turns":3},{"damage":24,"enemies":"Exordium Thugs","floor":14,"turns":3},{"damage":38,"enemies":"The Guardian","floor":16,"turns":7},{"damage":31,"enemies":"2 Thieves","floor":18,"turns":2},{"damage":20,"enemies":"3 Byrds","floor":20,"turns":5},{"damage":10,"enemies":"Cultist and Chosen","floor":21,"turns":5},{"damage":39,"enemies":"Book of Stabbing","floor":23,"turns":3}],"seed_played":"-3239536709146923652","potions_obtained":[{"floor":2,"key":"Swift Potion"},{"floor":6,"key":"DistilledChaos"},{"floor":12,"key":"PowerPotion"},{"floor":18,"key":"Energy Potion"}],"is_trial":false,"path_per_floor":["M","M","?","$","M","E","M","R","T","R","$","M","M","M","R","B",null,"M","?","M","M","$","E"],"character_chosen":"DEFECT","items_purchased":["Melter","Cold Snap","Static Discharge","Medical Kit","Cold Snap"],"campfire_rested":2,"item_purchase_floors":[4,4,11,22,22],"current_hp_per_floor":[58,58,58,58,58,28,32,53,53,53,53,41,28,16,37,16,57,38,38,35,37,37,0,0],"gold":56,"neow_bonus":"RANDOM_COMMON_RELIC","is_daily":false,"chose_seed":false,"campfire_upgraded":1,"win_rate":0.0,"timestamp":1608593037,"path_taken":["M","M","?","$","M","E","M","R","T","R","$","M","?","M","R","BOSS","M","?","M","?","$","E"],"items_purchased_type":["Card","Card","Card","Relic","Card"],"build_version":"2020-12-13","purchased_purges":0,"victory":false,"max_hp_per_floor":[71,71,71,71,71,71,71,71,71,71,71,71,71,71,71,71,71,71,71,71,71,71,71,71],"card_choices":[{"not_picked":["Cold Snap","Redo"],"picked":"Ball Lightning","floor":1},{"not_picked":["Gash","Conserve Battery"],"picked":"Defragment","floor":2},{"not_picked":["Streamline","Sweeping Beam"],"picked":"Biased Cognition","floor":5},{"not_picked":["Meteor Strike","Beam Cell"],"picked":"FTL","floor":6},{"not_picked":["FTL","Stack"],"picked":"Beam Cell","floor":7},{"not_picked":["Cold Snap","Reprogram"],"picked":"Redo","floor":12},{"not_picked":["Undo","Recycle"],"picked":"Lockon","floor":13},{"not_picked":["Recycle","Beam Cell"],"picked":"Fission","floor":14},{"not_picked":["Rainbow","Thunder Strike"],"picked":"Electrodynamics","floor":16},{"not_picked":["Reprogram","Go for the Eyes"],"picked":"Steam","floor":18},{"not_picked":["Lockon","Static Discharge"],"picked":"Coolheaded","floor":20},{"not_picked":["Compile Driver","Genetic Algorithm"],"picked":"Leap","floor":21}],"player_experience":1277564,"relics_obtained":[{"floor":6,"key":"Meat on the Bone"},{"floor":9,"key":"Toy Ornithopter"}],"event_choices":[{"damage_healed":0,"gold_gain":50,"player_choice":"Pray","damage_taken":0,"max_hp_gain":0,"max_hp_loss":0,"event_name":"Golden Shrine","floor":3,"gold_loss":0},{"damage_healed":0,"gold_gain":100,"player_choice":"Bet on Murderer","damage_taken":0,"max_hp_gain":0,"max_hp_loss":0,"event_name":"The Joust","floor":19,"gold_loss":50}],"is_beta":false,"boss_relics":[{"not_picked":["SlaversCollar","Pandora\u0027s Box"],"picked":"Inserter"}],"items_purged_floors":[],"is_endless":false,"potions_floor_spawned":[2,6,7,12,18],"killed_by":"Book of Stabbing","ascension_level":17}}