{"host":"pqhwp6kmk3x070f7","time":1608539164,"event":{"mods":["Act Like it!","BaseMod","Better Altar","Better Match","Better Note","Better Sensory Stone","Better Skull","Better Third Choice","ChefMod","Downfall","Energized Spire","Hallownest","Hermit","Hubris","Infinite Spire","Jorbs\u0027s Wanderer Trilogy","Minty Spire (QoL Compilation)","Replay The Spire","Shade Mod","StSLib","The Alterego","The Animator","The Bug Knight","The Dragon Tamer","The Elementalist","The Hayseed","The Runesmith"],"gold_per_floor":[110,133,153,153,182,182,213,213,213,223,223],"floor_reached":10,"playtime":3858,"items_purged":[],"score":71,"play_id":"56060de3-0f26-4c22-bc11-6ddaf3e6c998","local_time":"20201221002604","is_ascension_mode":true,"campfire_choices":[{"data":"animator:Strike_MadokaMagica","floor":6,"key":"SMITH"},{"data":"animator:MadokaKaname","floor":8,"key":"SMITH"}],"circlet_count":0,"master_deck":["animator:Strike_MadokaMagica+1","animator:Defend_MadokaMagica","animator:Strike","animator:Strike","animator:Strike","animator:Defend","animator:Defend","animator:Defend","animator:IrohaTamaki","animator:YuiTsuruno","animator:Verdia","Decay","animator:YachiyoNanami","animator:MadokaKaname+1"],"relics":["animator:LivingPicture","animator:TheMissingPiece","NeowsBlessing","Replay:Bandana","Replay:WaspNest"],"acts_visited":["Exordium"],"potions_floor_usage":[5,7],"damage_taken":[{"damage":0,"enemies":"2 Louse","floor":1,"turns":1},{"damage":0,"enemies":"Cultist","floor":2,"turns":1},{"damage":0,"enemies":"Jaw Worm","floor":3,"turns":1},{"damage":13,"enemies":"Gremlin Gang","floor":5,"turns":7},{"damage":3,"enemies":"Replay:BlueRogue","floor":7,"turns":10},{"damage":0,"enemies":"HollowMod:MossKnight","floor":10,"turns":7}],"seed_played":"-6609366706467473467","potions_obtained":[{"floor":2,"key":"SpeedPotion"},{"floor":3,"key":"Strength Potion"},{"floor":7,"key":"Weak Potion"}],"is_trial":false,"path_per_floor":["M","M","M","?","M","R","E","R","T","E"],"character_chosen":"THE_ANIMATOR","items_purchased":[],"campfire_rested":0,"item_purchase_floors":[],"current_hp_per_floor":[66,66,66,66,53,53,51,51,51,51,51],"gold":223,"neow_bonus":"THREE_ENEMY_KILL","is_daily":false,"chose_seed":false,"campfire_upgraded":2,"win_rate":0.0,"timestamp":1608539164,"path_taken":["M","M","M","?","?","R","E","R","T","E"],"items_purchased_type":[],"build_version":"2020-12-13","purchased_purges":0,"victory":false,"max_hp_per_floor":[66,66,66,66,66,66,67,67,67,67,67],"card_choices":[{"not_picked":["animator:Evileye","animator:Tatsumaki","animator:MumenRider"],"picked":"SKIP","floor":1},{"not_picked":["animator:LizardPriest","animator:Priestess"],"picked":"animator:Verdia","floor":2},{"not_picked":["animator:Evileye","animator:LizardPriest","animator:Fredrika"],"picked":"SKIP","floor":3},{"not_picked":["animator:NagisaMomoe","animator:IrohaTamaki"],"picked":"animator:YachiyoNanami","floor":5},{"not_picked":["animator:HighElfArcher","animator:Tatsumaki"],"picked":"animator:MadokaKaname","floor":7}],"player_experience":2378808,"relics_obtained":[{"floor":7,"key":"Replay:Bandana"},{"floor":9,"key":"Replay:WaspNest"}],"event_choices":[{"damage_healed":0,"gold_gain":0,"player_choice":"Cursed","damage_taken":0,"max_hp_gain":0,"max_hp_loss":0,"event_name":"Wheel of Change","floor":4,"gold_loss":0,"cards_obtained":["Decay"]}],"is_beta":false,"boss_relics":[],"items_purged_floors":[],"is_endless":false,"potions_floor_spawned":[2,3,7],"killed_by":"HollowMod:MossKnight","ascension_level":1}}