{"host":"mmvmlqmvbrlj5jge","time":1608543228,"event":{"mods":["ATMod(阿瑾Mod)","Act Like it!","BaseMod","Dota2Spire","Gensokyo","Hallownest","Koishi","Lobotomy","Mari Mod (Legacy)","Mari\u0027s V1 Patch","Minty Spire (QoL Compilation)","MostiFishMod","Pale of the Ancients","Prisma Mod","Quick Restart","Remilia（蕾米莉亚）","RumiaBox-露米娅的神秘盒子","Spicy Shops","StSLib","TestMod","The Bug Knight","【功能Mod】混沌之环修复补丁","【遗物卡牌】REMEMod","篝火指南"],"gold_per_floor":[117,135,135,135,162,162,197,213,213,224,250,262,287,287,287,387,387,402,402,402,415,340,340,366,381,381,416,416,429,463,482,482,582,582,598,758,770,787,806,806,825,133,133,133,150,163,189,207,207,311,311,311],"floor_reached":51,"playtime":2257,"items_purged":["Strike_RM","Defend_RM+1"],"score":1142,"play_id":"0bdff543-3372-4bf4-ab75-eaa0e7166e89","local_time":"20201221173348","is_ascension_mode":true,"campfire_choices":[{"data":"MostiFishMod:WinterMarkForm","floor":6.0,"key":"SMITH"},{"data":"MastersStateliness","floor":15.0,"key":"SMITH"},{"data":"MostiFishMod:FrostNova","floor":23.0,"key":"SMITH"},{"data":"MastersStateliness","floor":28.0,"key":"SMITH"},{"data":"ScarletCoffin","floor":32.0,"key":"SMITH"},{"data":"MastersStateliness","floor":40.0,"key":"SMITH"},{"data":"Adrenaline","floor":49.0,"key":"SMITH"}],"circlet_count":0,"master_deck":["Strike_RM+1","Strike_RM+1","Strike_RM+1","Defend_RM+1","Defend_RM+1","RedMoon+1","ScarletShoot+1","MostiFishMod:FrostNova+1","MostiFishMod:WinterMarkForm+1","AT_ShrugMaster+1","Adrenaline+1","MastersStateliness+1","ScarletCoffin+1","MastersStateliness+1","MastersStateliness+1","MastersStateliness+1","ScarletCoffin"],"relics":["DaveBox","testmod-TestBox","REME_ComplimentaryCards","AT_ATBox","FrostBlade","testmod-ArcanaOfDestiny","GreenFoldingFan","Question Card","AddBug","SecretRecord","SecretRecord","SecretRecord","SecretRecord","SecretRecord","SecretRecord"],"acts_visited":["Exordium","TheCity","Hallownest:KingdomsEdge","paleoftheancients:PaleOfTheAncients"],"potions_floor_usage":[],"damage_taken":[{"damage":4.0,"enemies":"Small Slimes","floor":1.0,"turns":2.0},{"damage":4.0,"enemies":"Jaw Worm","floor":2.0,"turns":2.0},{"damage":2.0,"enemies":"Gremlin Nob","floor":7.0,"turns":1.0},{"damage":4.0,"enemies":"Cultist","floor":8.0,"turns":2.0},{"damage":4.0,"enemies":"2 Fungi Beasts","floor":10.0,"turns":2.0},{"damage":4.0,"enemies":"Lagavulin","floor":11.0,"turns":2.0},{"damage":2.0,"enemies":"Blue Slaver","floor":12.0,"turns":1.0},{"damage":6.0,"enemies":"3 Sentries","floor":13.0,"turns":2.0},{"damage":33.0,"enemies":"The Guardian","floor":16.0,"turns":3.0},{"damage":9.0,"enemies":"Chosen","floor":18.0,"turns":3.0},{"damage":8.0,"enemies":"3 Byrds","floor":21.0,"turns":3.0},{"damage":7.0,"enemies":"HollowMod:Nosk","floor":24.0,"turns":3.0},{"damage":6.0,"enemies":"Sentry and Sphere","floor":25.0,"turns":3.0},{"damage":2.0,"enemies":"Masked Bandits","floor":27.0,"turns":1.0},{"damage":2.0,"enemies":"Snake Plant","floor":29.0,"turns":1.0},{"damage":4.0,"enemies":"Book of Stabbing","floor":30.0,"turns":2.0},{"damage":6.0,"enemies":"3 Cultists","floor":31.0,"turns":3.0},{"damage":4.0,"enemies":"Champ","floor":33.0,"turns":2.0},{"damage":6.0,"enemies":"Hallownest:3_Siblings","floor":35.0,"turns":3.0},{"damage":6.0,"enemies":"Hallownest:3_Siblings","floor":36.0,"turns":2.0},{"damage":4.0,"enemies":"Hallownest:3_Siblings","floor":36.0,"turns":2.0},{"damage":6.0,"enemies":"Hallownest:3_Siblings","floor":36.0,"turns":3.0},{"damage":4.0,"enemies":"Hallownest:3_Siblings","floor":36.0,"turns":2.0},{"damage":2.0,"enemies":"Hallownest:2_Littles","floor":37.0,"turns":1.0},{"damage":2.0,"enemies":"Hallownest:2_Soldiers_and_1_Guardian","floor":38.0,"turns":1.0},{"damage":4.0,"enemies":"Hallownest:monsterPrimalAspid","floor":39.0,"turns":2.0},{"damage":8.0,"enemies":"Hallownest:2_Wing_and_1_Kings","floor":41.0,"turns":3.0},{"damage":6.0,"enemies":"Hallownest:2_Soldiers_and_1_Guardian","floor":45.0,"turns":3.0},{"damage":15.0,"enemies":"Hallownest:monsterPrimalAspid","floor":46.0,"turns":2.0},{"damage":4.0,"enemies":"Hallownest:eliteCollector","floor":47.0,"turns":2.0},{"damage":6.0,"enemies":"Hallownest:Xero_Hu_Marmu","floor":48.0,"turns":3.0},{"damage":10.0,"enemies":"Hallownest:BossHollowKnight","floor":50.0,"turns":2.0},{"damage":26,"enemies":"Hallownest:BossHollowKnight","floor":51,"turns":2}],"seed_played":"-7511760622417272675","potions_obtained":[{"floor":2.0,"key":"Dota2Spire:HealingSalve"},{"floor":8.0,"key":"Strength Potion"},{"floor":16.0,"key":"SteroidPotion"}],"is_trial":false,"path_per_floor":["M","M","?","?","T","R","E","M","T","M","E","M","E","?","R","B",null,"M","?","T","M","$","R","E","M","T","?","R","M","E","M","R","B",null,"M","?","M","M","M","R","M","R","T","$","M","M","E","M","R","B","M"],"character_chosen":"REMILIA","items_purchased":["Dota2Spire:EchoSabre","Dota2Spire:UrnOfShadows","AT_BellDemon","testmod-Register"],"campfire_rested":0,"item_purchase_floors":[42,42,42,42],"current_hp_per_floor":[74,75,60,60,60,60,68,74,74,75,75,75,75,75,75,57,71,75,75,75,75,75,75,75,75,75,75,75,75,75,75,75,75,75,75,75,75,75,75,75,75,75,75,75,75,72,75,75,75,75,49,49],"gold":311,"neow_bonus":"BOSS_RELIC","is_daily":false,"chose_seed":false,"campfire_upgraded":7,"win_rate":0.0,"timestamp":1608543228,"path_taken":["M","M","?","?","?","R","E","M","T","?","E","M","E","?","R","BOSS","M","?","?","M","$","R","E","M","T","?","R","M","E","M","R","BOSS","M","?","M","M","M","R","M","R","T","?","M","M","E","?","R","BOSS","M"],"items_purchased_type":["Relic","Relic","Relic","Relic"],"build_version":"2020-12-13","purchased_purges":2,"victory":false,"max_hp_per_floor":[75,75,75,75,75,75,75,75,75,75,75,75,75,75,75,75,75,75,75,75,75,75,75,75,75,75,75,75,75,75,75,75,75,75,75,75,75,75,75,75,75,75,75,75,75,75,75,75,75,75,75,75],"card_choices":[{"not_picked":["ScarletGensokyo","RedRainbow","BloodHunter"],"picked":"SKIP","floor":1.0},{"not_picked":["BloodHunter","Ultimatum","StarOfDavid","GlobalNightmare"],"picked":"SKIP","floor":2.0},{"not_picked":["StarOfDavid","ScarletDevil","ForbiddenFruit","HunterOfTheNight"],"picked":"SKIP","floor":7.0},{"not_picked":["BombardNight","EndlessAdversity","EmergencyRegeneration"],"picked":"MastersStateliness","floor":8.0},{"not_picked":["ScarletNetherworld","Septette","MillenniumVampire","ScarletDevil"],"picked":"SKIP","floor":10.0},{"not_picked":["VampireFantasy","BloodyCatastrophe","BloodyHallows","VampirishNight"],"picked":"SKIP","floor":11.0},{"not_picked":["ScarletDevilSign","Maim","VampirishNight","BombardNight"],"picked":"SKIP","floor":12.0},{"not_picked":["HunterOfTheNight","ScarletImprint","VampireKiss","DevilSight"],"picked":"SKIP","floor":13.0},{"not_picked":["CeilingFear","EquivalentExchange","TransientEternity"],"picked":"ScarletCoffin","floor":16.0},{"not_picked":["DiffusionOfMisfortune+1","NightDance","EternalNight","MiserableFate"],"picked":"SKIP","floor":18.0},{"not_picked":["DiffusionOfMisfortune+1","CharismaGuard+1","MiserableFate","NightDance+1"],"picked":"SKIP","floor":21.0},{"not_picked":["Stigmanizer+1","VampirishNight+1","Maim"],"picked":"MastersStateliness+1","floor":24.0},{"not_picked":["ChainGang","BloodyHallows","StarOfDavid"],"picked":"MastersStateliness","floor":25.0},{"not_picked":["BloodAndWine","ScarletNetherworld","VampireFantasy"],"picked":"MastersStateliness","floor":27.0},{"not_picked":["BombardNight+1","HellCatastrophe","ScarletSymphony+1","Septette"],"picked":"SKIP","floor":29.0},{"not_picked":["BombardNight","Stigmanizer+1","ScarletDevil+1","RedRainbow+1"],"picked":"SKIP","floor":30.0},{"not_picked":["NightDance","VampireKiss","EndlessAdversity","BloodyHallows"],"picked":"SKIP","floor":31.0},{"not_picked":["CharismaGuard+1","UnstableMagic+1","MiserableFate+1","ScarletDevilSign+1"],"picked":"SKIP","floor":35.0},{"not_picked":["ForbiddenFruit","ScarletDevil+1","EndlessAdversity","Stigmanizer"],"picked":"SKIP","floor":37.0},{"not_picked":["CharismaGuard+1","FitfulNightmare+1","Stigmanizer","TwelveNightmare+1"],"picked":"SKIP","floor":38.0},{"not_picked":["BombardNight+1","HunterOfTheNight","EmergencyRegeneration","SuperhumanBloodyKnife+1"],"picked":"SKIP","floor":39.0},{"not_picked":["UnderTheZenith+1","RedNightlessCastle","NightDance","FavorOfDestiny+1"],"picked":"SKIP","floor":41.0},{"not_picked":["EndlessAdversity","RedMagic","Stigmanizer","StarOfDavid+1"],"picked":"SKIP","floor":45.0},{"not_picked":["EndlessAdversity","RedMagic","Stigmanizer","StarOfDavid+1"],"picked":"SKIP","floor":45.0},{"not_picked":["StarOfDavid+1","EndlessAdversity","BombardNight+1"],"picked":"ScarletCoffin","floor":46.0},{"not_picked":["BloodyTrap","MastersStateliness","FitfulNightmare","DiffusionOfMisfortune+1"],"picked":"SKIP","floor":47.0},{"not_picked":["DiffusionOfMisfortune+1","BloodHunter","ScarletNetherworld","Stigmanizer"],"picked":"SKIP","floor":48.0}],"player_experience":121719,"relics_obtained":[{"floor":1.0,"key":"Question Card"},{"floor":1.0,"key":"AddBug"},{"floor":1.0,"key":"PrismaticShard"},{"floor":5.0,"key":"Lantern"},{"floor":7.0,"key":"HollowMod:StagPassRelic"},{"floor":9.0,"key":"testmod-OneHitWonder"},{"floor":11.0,"key":"MawBank"},{"floor":13.0,"key":"SecretRecord"},{"floor":13.0,"key":"REME_HandOfSuture"},{"floor":16.0,"key":"ImportantClient"},{"floor":18.0,"key":"SecretRecord"},{"floor":20.0,"key":"Pocketwatch"},{"floor":24.0,"key":"Dota2Spire:Vanguard"},{"floor":26.0,"key":"CombinedTypeHook"},{"floor":27.0,"key":"Red Mask"},{"floor":30.0,"key":"Strawberry"},{"floor":31.0,"key":"Dota2Spire:PowerTreads"},{"floor":31.0,"key":"SecretRecord"},{"floor":35.0,"key":"Orichalcum"},{"floor":41.0,"key":"The Courier"},{"floor":41.0,"key":"SecretRecord"},{"floor":43.0,"key":"Dota2Spire:Dagon"},{"floor":46.0,"key":"SecretRecord"},{"floor":47.0,"key":"Kunai"},{"floor":47.0,"key":"Prayer Wheel"},{"floor":48.0,"key":"SumBook"}],"event_choices":[{"damage_healed":0.0,"max_hp_gain":0.0,"max_hp_loss":0.0,"gold_gain":0.0,"event_name":"Shining Light","player_choice":"Entered Light","floor":3.0,"gold_loss":0.0,"damage_taken":15.0,"cards_upgraded":["Strike_RM","Defend_RM"]},{"cards_removed":["Defend_RM"],"damage_healed":0.0,"max_hp_gain":0.0,"max_hp_loss":0.0,"gold_gain":0.0,"event_name":"Living Wall","player_choice":"Forget","floor":4.0,"gold_loss":0.0,"damage_taken":0.0},{"damage_healed":0.0,"max_hp_gain":0.0,"max_hp_loss":0.0,"gold_gain":0.0,"event_name":"Liars Game","player_choice":"Ignored","floor":14.0,"gold_loss":0.0,"damage_taken":0.0},{"damage_healed":0.0,"max_hp_gain":0.0,"max_hp_loss":0.0,"gold_gain":0.0,"event_name":"The Mausoleum","player_choice":"Opened","floor":19.0,"gold_loss":0.0,"damage_taken":0.0,"relics_obtained":["testmod-InfectionSource"]},{"damage_healed":0.0,"max_hp_gain":0.0,"max_hp_loss":0.0,"gold_gain":0.0,"event_name":"Masked Bandits","player_choice":"Fought Bandits","floor":27.0,"gold_loss":0.0,"damage_taken":0.0}],"is_beta":false,"boss_relics":[{"not_picked":["Velvet Choker","testmod-KeyOfTheVoid"],"picked":"AT_TrinityForce"},{"not_picked":["OneHitWonderSystem","Empty Cage"],"picked":"testmod-NegativeEmotionEnhancer"}],"items_purged_floors":[22,42],"is_endless":false,"potions_floor_spawned":[2,8,16,18,24,25,29,31,35,36,36,37,39,48,50],"killed_by":"Hallownest:BossHollowKnight","ascension_level":6}}