{"host":"rboopjqmv70p1gpw","time":1608562421,"event":{"mods":["Act Like it!","BaseMod","CapriCore","Colored Map","Emptier Cage","Friendly Minions","Gensokyo","Gold Saver","Minty Spire (QoL Compilation)","Quick Restart","READ ME - Guardian Mod","Spicy Shops","StSLib","The Alterego","Transform Curses","Waifu the Spire","WarShipGirlsR/战舰少女R mod","[IsaacMod]以撒尖塔","【东方二次创作】八云紫mod"],"gold_per_floor":[112,124,136,159,188,232,244,256,256],"floor_reached":8,"playtime":570,"items_purged":[],"score":141,"play_id":"75142498-b676-47ef-8da8-510c9d615fd8","local_time":"20201221225341","is_ascension_mode":true,"campfire_choices":[{"data":"Gensokyo:CrescentMoonSlash","floor":7,"key":"SMITH"}],"circlet_count":0,"master_deck":["AscendersBane","Strike_B","Strike_B","Defend_B","Defend_B","Defend_B","Zap","Dualcast","Auto Shields+1","Gash+1","Defragment+1","Gensokyo:CrescentMoonSlash+1","Sweeping Beam"],"relics":["HushsDoor","Astrolabe","Damocles","MawBank","Gensokyo:YoukaiFlower","Damocles","Juzu Bracelet","BelialBook","Singing Bowl","Eternal Feather","Gambling Chip"],"acts_visited":["Gensokyo:Gensokyo"],"potions_floor_usage":[],"damage_taken":[{"damage":0.0,"enemies":"Gensokyo:3_Fairies","floor":1.0,"turns":7.0},{"damage":3.0,"enemies":"Gensokyo:Gryphon","floor":4.0,"turns":4.0},{"damage":0.0,"enemies":"Gensokyo:2_Kodama","floor":5.0,"turns":3.0},{"damage":0.0,"enemies":"Gensokyo:Cirno","floor":6.0,"turns":6.0},{"damage":10,"enemies":"Gensokyo:Mamizou","floor":8,"turns":4}],"seed_played":"-8032338950713824730","potions_obtained":[],"is_trial":false,"path_per_floor":["M","?","?","M","M","E","R","E"],"character_chosen":"DEFECT","items_purchased":[],"campfire_rested":0,"item_purchase_floors":[],"current_hp_per_floor":[64,55,55,52,52,54,60,0,0],"gold":256,"neow_bonus":"BOSS_RELIC","is_daily":false,"chose_seed":false,"campfire_upgraded":1,"win_rate":0.0,"timestamp":1608562421,"path_taken":["M","?","?","M","?","E","R","E"],"items_purchased_type":[],"build_version":"2020-12-13","purchased_purges":0,"victory":false,"max_hp_per_floor":[71,71,71,71,71,73,73,73,73],"card_choices":[{"not_picked":[],"picked":"BettingIsNotGood","floor":0.0},{"not_picked":["Rebound","Turbo","Sunder"],"picked":"SKIP","floor":1.0},{"not_picked":["Steam","Rip and Tear"],"picked":"Sweeping Beam","floor":4.0},{"not_picked":["Ball Lightning","Steam","Redo"],"picked":"SKIP","floor":5.0},{"not_picked":["Tempest","Turbo","Amplify"],"picked":"Singing Bowl","floor":6.0}],"player_experience":271523,"relics_obtained":[{"floor":1.0,"key":"MawBank"},{"floor":4.0,"key":"Diplopia"},{"floor":5.0,"key":"Juzu Bracelet"},{"floor":5.0,"key":"BelialBook"},{"floor":6.0,"key":"Singing Bowl"},{"floor":6.0,"key":"Eternal Feather"},{"floor":6.0,"key":"Gambling Chip"}],"event_choices":[],"is_beta":false,"boss_relics":[],"items_purged_floors":[],"is_endless":false,"potions_floor_spawned":[],"killed_by":"Gensokyo:Mamizou","ascension_level":17}}