{"host":"b2gck3v68i09pmif","time":1608518610,"event":{"mods":["BaseMod","Block Reminder","Minty Spire (QoL Compilation)","StSLib"],"gold_per_floor":[119,194,204,56,69,96,96,116,140,140,140,140,140,240,240,336,336,336,336,276,176,176,176,176,176,176,176,51,51,51,51,51,51,51,51,51,51,51,51,51,51,51,51,51,1,1,1,1,1,1],"floor_reached":51,"playtime":1822,"items_purged":["Strike_R","Strike_R","Defend_R","Strike_R"],"score":1018,"play_id":"a4f65b67-e2ed-4009-b314-ec6f6303dd8a","local_time":"20201221104330","is_ascension_mode":true,"campfire_choices":[{"data":"Uppercut","floor":7,"key":"SMITH"},{"data":"Armaments","floor":13,"key":"SMITH"},{"data":"Flex","floor":15,"key":"SMITH"},{"data":"Demon Form","floor":25,"key":"SMITH"},{"data":"Shrug It Off","floor":30,"key":"SMITH"},{"floor":32,"key":"REST"},{"data":"Shockwave","floor":40,"key":"SMITH"},{"data":"Bash","floor":42,"key":"SMITH"},{"data":"Defend_R","floor":46,"key":"SMITH"},{"floor":49,"key":"REST"}],"circlet_count":0,"master_deck":["AscendersBane","Strike_R+1","Defend_R+1","Defend_R","Defend_R","Bash+1","Flex+1","Thunderclap+1","Uppercut+1","Armaments+1","Shockwave+1","Demon Form+1","Shrug It Off+1","Iron Wave+1","Ghostly Armor+1","Whirlwind+1","Feed","Iron Wave+1","Shrug It Off+1","Parasite","Body Slam+1"],"relics":["Burning Blood","NeowsBlessing","Orichalcum","Vajra","Mummified Hand","Ectoplasm","MutagenicStrength","Oddly Smooth Stone","Shuriken","Philosopher\u0027s Stone","Mango","Smiling Mask","Juzu Bracelet"],"acts_visited":["Exordium","TheCity","TheBeyond"],"potions_floor_usage":[23,33,50,50],"damage_taken":[{"damage":0,"enemies":"Jaw Worm","floor":1,"turns":1},{"damage":0,"enemies":"Cultist","floor":3,"turns":1},{"damage":0,"enemies":"2 Louse","floor":5,"turns":1},{"damage":46,"enemies":"Lagavulin","floor":6,"turns":7},{"damage":2,"enemies":"Blue Slaver","floor":8,"turns":5},{"damage":24,"enemies":"The Guardian","floor":16,"turns":11},{"damage":15,"enemies":"Shell Parasite","floor":18,"turns":6},{"damage":11,"enemies":"2 Thieves","floor":20,"turns":5},{"damage":36,"enemies":"Book of Stabbing","floor":23,"turns":5},{"damage":4,"enemies":"Chosen and Byrds","floor":24,"turns":5},{"damage":9,"enemies":"Snake Plant","floor":27,"turns":5},{"damage":9,"enemies":"Centurion and Healer","floor":29,"turns":5},{"damage":0,"enemies":"Snecko","floor":31,"turns":4},{"damage":9,"enemies":"Champ","floor":33,"turns":8},{"damage":0,"enemies":"Orb Walker","floor":35,"turns":3},{"damage":8,"enemies":"3 Darklings","floor":37,"turns":4},{"damage":5,"enemies":"Writhing Mass","floor":38,"turns":8},{"damage":0,"enemies":"Mind Bloom Boss Battle","floor":39,"turns":6},{"damage":28,"enemies":"Sphere and 2 Shapes","floor":44,"turns":4},{"damage":52,"enemies":"Nemesis","floor":47,"turns":7},{"damage":0,"enemies":"3 Darklings","floor":48,"turns":1},{"damage":60,"enemies":"Time Eater","floor":50,"turns":10}],"seed_played":"2117725733664319619","potions_obtained":[{"floor":5,"key":"LiquidBronze"},{"floor":6,"key":"Strength Potion"},{"floor":8,"key":"AttackPotion"},{"floor":20,"key":"Regen Potion"},{"floor":24,"key":"SkillPotion"},{"floor":37,"key":"ColorlessPotion"},{"floor":44,"key":"FairyPotion"},{"floor":47,"key":"Dexterity Potion"}],"is_trial":false,"path_per_floor":["M","?","M","$","M","E","R","M","T","?","?","T","R","?","R","B",null,"M","?","M","$","?","E","M","R","T","M","$","M","R","M","R","B",null,"M","?","M","M","?","R","?","R","T","M","$","R","E","M","R","B",null],"character_chosen":"IRONCLAD","items_purchased":["Uppercut"],"campfire_rested":2,"item_purchase_floors":[4],"current_hp_per_floor":[78,70,76,76,80,40,40,44,44,28,48,48,48,48,48,30,68,59,59,54,54,54,36,38,38,38,35,35,32,32,38,61,58,72,77,77,75,76,91,91,91,91,91,72,72,72,26,32,60,34],"gold":1,"neow_bonus":"THREE_ENEMY_KILL","is_daily":false,"chose_seed":false,"campfire_upgraded":8,"win_rate":0.0,"timestamp":1608518610,"path_taken":["M","?","M","$","?","E","R","M","T","?","?","?","R","?","R","BOSS","M","?","M","?","?","E","M","R","T","M","$","M","R","M","R","BOSS","M","?","?","M","?","R","?","R","T","?","$","R","E","M","R","BOSS"],"items_purchased_type":["Card"],"build_version":"2020-12-13","purchased_purges":4,"victory":true,"max_hp_per_floor":[80,80,80,80,80,80,80,80,80,80,80,80,80,80,80,80,80,80,77,77,77,77,77,77,77,77,77,77,77,77,77,77,77,77,77,77,77,77,91,91,91,91,91,94,94,94,94,94,94,94],"card_choices":[{"not_picked":["Havoc","Rupture"],"picked":"Flex","floor":1},{"not_picked":["Iron Wave","Clothesline"],"picked":"Thunderclap","floor":3},{"not_picked":["Pummel","Power Through"],"picked":"Armaments","floor":5},{"not_picked":["Evolve","Warcry"],"picked":"Shockwave","floor":6},{"not_picked":["Headbutt","Uppercut","Power Through"],"picked":"SKIP","floor":8},{"not_picked":["Berserk","Feed"],"picked":"Demon Form","floor":16},{"not_picked":["Flex","Anger","Body Slam"],"picked":"SKIP","floor":18},{"not_picked":["Heavy Blade","Hemokinesis+1"],"picked":"Shrug It Off","floor":20},{"not_picked":["Shrug It Off","Sentinel+1"],"picked":"Iron Wave+1","floor":23},{"not_picked":["Burning Pact+1","Perfected Strike","Intimidate"],"picked":"SKIP","floor":24},{"not_picked":["Uppercut","Warcry"],"picked":"Ghostly Armor+1","floor":27},{"not_picked":["Clothesline+1","Rupture","Feel No Pain"],"picked":"SKIP","floor":29},{"not_picked":["Twin Strike","Clash+1"],"picked":"Whirlwind","floor":31},{"not_picked":["Impervious","Brutality"],"picked":"Feed","floor":33},{"not_picked":["Rupture","Anger+1"],"picked":"Iron Wave+1","floor":35},{"not_picked":["Hemokinesis+1","Second Wind"],"picked":"Shrug It Off+1","floor":37},{"not_picked":["Flex","Reckless Charge+1","Perfected Strike"],"picked":"SKIP","floor":38},{"not_picked":["Perfected Strike","Wild Strike"],"picked":"Body Slam+1","floor":39},{"not_picked":["Intimidate","Anger+1","Dark Embrace+1"],"picked":"SKIP","floor":44},{"not_picked":["Second Wind","Offering","Brutality"],"picked":"SKIP","floor":47},{"not_picked":["Twin Strike","Anger+1","Fire Breathing+1"],"picked":"SKIP","floor":48}],"player_experience":236500,"relics_obtained":[{"floor":6,"key":"Orichalcum"},{"floor":9,"key":"Vajra"},{"floor":12,"key":"Mummified Hand"},{"floor":23,"key":"Oddly Smooth Stone"},{"floor":26,"key":"Shuriken"},{"floor":39,"key":"Mango"},{"floor":43,"key":"Smiling Mask"},{"floor":47,"key":"Juzu Bracelet"}],"event_choices":[{"damage_healed":0,"gold_gain":75,"player_choice":"Touch","damage_taken":8,"max_hp_gain":0,"max_hp_loss":0,"event_name":"FaceTrader","floor":2,"gold_loss":0},{"damage_healed":0,"gold_gain":0,"player_choice":"Entered Light","damage_taken":16,"max_hp_gain":0,"max_hp_loss":0,"event_name":"Shining Light","floor":10,"gold_loss":0,"cards_upgraded":["Strike_R","Thunderclap"]},{"damage_healed":20,"gold_gain":0,"player_choice":"Healed and dodged fight","damage_taken":0,"max_hp_gain":0,"max_hp_loss":0,"event_name":"Mushrooms","floor":11,"gold_loss":0,"cards_obtained":["Parasite"]},{"damage_healed":0,"gold_gain":100,"player_choice":"Gold","damage_taken":0,"max_hp_gain":0,"max_hp_loss":0,"event_name":"Wheel of Change","floor":14,"gold_loss":0},{"cards_removed":["Parasite"],"damage_healed":0,"gold_gain":0,"player_choice":"Removed Curses","damage_taken":0,"max_hp_gain":0,"max_hp_loss":0,"event_name":"Fountain of Cleansing","floor":19,"gold_loss":0},{"damage_healed":0,"gold_gain":0,"player_choice":"Inject Mutagens","damage_taken":0,"relics_obtained":["MutagenicStrength"],"max_hp_gain":0,"max_hp_loss":0,"event_name":"Drug Dealer","floor":22,"gold_loss":0},{"cards_removed":["Strike_R"],"damage_healed":0,"gold_gain":0,"player_choice":"Offered Basic","damage_taken":0,"max_hp_gain":0,"max_hp_loss":0,"event_name":"Bonfire Elementals","floor":36,"gold_loss":0},{"damage_healed":0,"gold_gain":0,"player_choice":"Fight","damage_taken":0,"max_hp_gain":0,"max_hp_loss":0,"event_name":"MindBloom","floor":39,"gold_loss":0},{"damage_healed":0,"gold_gain":0,"player_choice":"Upgraded","damage_taken":0,"max_hp_gain":0,"max_hp_loss":0,"event_name":"Upgrade Shrine","floor":41,"gold_loss":0,"cards_upgraded":["Whirlwind"]}],"is_beta":false,"boss_relics":[{"not_picked":["Fusion Hammer","Cursed Key"],"picked":"Ectoplasm"},{"not_picked":["Coffee Dripper","Snecko Eye"],"picked":"Philosopher\u0027s Stone"}],"items_purged_floors":[4,21,28,45],"is_endless":false,"potions_floor_spawned":[5,6,8,18,20,24,37,39,44,47],"ascension_level":10}}