{"host":"cz3p2o9n3b1gdmkz","time":1608566992,"event":{"mods":["AchievementEnabler","BaseMod","CapriCore","GungeonMod","Hermit","Lobotomy","Minty Spire (QoL Compilation)","Replay The Spire","Shop Mod","StSLib","SuperFastMode","The Cursed","The Dragon Tamer","The Gatherer","The Jungle","The Poker Player","The Runesmith"],"gold_per_floor":[115,195,195,213,223,251,251,278,278,278,293,293,312,312,312,409,409,420,432,270,290,307,307,335,355,355,355,46,64,78,92,92,197,197,214,214,71,90,108,108,134,134,157,0,0,11,11,23,23,3,3],"floor_reached":52,"playtime":2606,"items_purged":[],"score":878,"play_id":"6720dc1f-b550-4f07-b71c-e49b81b21912","local_time":"20201222010952","is_ascension_mode":true,"campfire_choices":[],"circlet_count":0,"master_deck":["SpecialBullet","SpecialBullet","SpecialBullet","SpecialBullet","SpecialBullet","SpecialBullet","SpecialBullet","SpecialBullet","InformationCode","TrainingCode","SecurityCode","Twilight","VoidDream","Harmony+1","ShyLook","WristCuter","MHz","Bloodbath","ShedSkin","Wellcheers","LifeForTheDareDevil","MeatLantern","CrumblingArmor","ExtractionCode","Adoration","SpiderBud","NothingThere","Justitia","PunishingBird","Mercenary","Horn+1","OldLady","Murderer","BodiesMountain","ScreamingWedge","Scarecrow","Beak","OSAHOGD","Tough+1","CherryBlossoms","Beak+1","RecordCode","Justitia","GreedKing","CENSORED_ego","BlueScar+1","Galaxy+1","Apotheosis+1","CENSORED","Pain","Variant","ScreamingWedge+1","UniverseFragment","InTheNameOfLoveAndHate","Freischutz","Harvest+1","WristCuter+1","ControlCode","Beak","TT2Protocol","BigBird","Diffraction","ScreamingWedge+1","SnowQueen","TodaysExpression","Beak+1"],"relics":["CogitoBucket","RabbitCall","DemoMod:PinkGuonStone","Bird Faced Urn","Replay:Ringing Soul","SkinProphecy","Ring of Chaos","BehaviorAdjustment","ReplayTheSpireMod:Lightbulb","Runesmith:Nanobots","PreservedInsect","Sling","AdjustmentMirror","AtMidnight","Astrolabe","WarpedTongs","Membership Card","Lizard Tail","Replay:Rubber Ducky","Red Mask","Bottled Tornado"],"acts_visited":["Exordium","TheCity","TheBeyond"],"potions_floor_usage":[50,50,50],"damage_taken":[{"damage":12.0,"enemies":"Jaw Worm","floor":1.0,"turns":3.0},{"damage":17.0,"enemies":"Small Slimes","floor":4.0,"turns":2.0},{"damage":6.0,"enemies":"Cultist","floor":5.0,"turns":3.0},{"damage":25.0,"enemies":"Gremlin Nob","floor":6.0,"turns":4.0},{"damage":27.0,"enemies":"3 Sentries","floor":8.0,"turns":5.0},{"damage":7.0,"enemies":"Large Slime","floor":11.0,"turns":5.0},{"damage":0.0,"enemies":"Looter","floor":13.0,"turns":2.0},{"damage":46.0,"enemies":"Fading Forest","floor":16.0,"turns":11.0},{"damage":0.0,"enemies":"Spheric Guardian","floor":18.0,"turns":3.0},{"damage":92.0,"enemies":"2 Thieves","floor":19.0,"turns":4.0},{"damage":21.0,"enemies":"Snecko","floor":21.0,"turns":5.0},{"damage":2,"enemies":"Shelled Parasite and Fungi","floor":22,"turns":2},{"damage":13,"enemies":"Book of Stabbing","floor":24,"turns":3},{"damage":35,"enemies":"Centurion and Healer","floor":25,"turns":3},{"damage":14,"enemies":"Chosen and Byrds","floor":29,"turns":3},{"damage":4,"enemies":"Snake Plant","floor":30,"turns":3},{"damage":52,"enemies":"Sentry and Sphere","floor":31,"turns":2},{"damage":9,"enemies":"Automaton","floor":33,"turns":4},{"damage":0,"enemies":"3 Darklings","floor":35,"turns":1},{"damage":1,"enemies":"Orb Walker","floor":38,"turns":1},{"damage":1,"enemies":"Jaw Worm Horde","floor":39,"turns":1},{"damage":7,"enemies":"Nemesis","floor":41,"turns":3},{"damage":73,"enemies":"3 Darklings","floor":46,"turns":4},{"damage":97,"enemies":"Writhing Mass","floor":48,"turns":1},{"damage":101,"enemies":"Replay:Hell Engine","floor":50,"turns":10}],"seed_played":"1790932366312099344","potions_obtained":[{"floor":4.0,"key":"DistilledChaos"},{"floor":25,"key":"Fire Potion"},{"floor":29,"key":"BlessingOfTheForge"},{"floor":31,"key":"Weak Potion"},{"floor":39,"key":"Weak Potion"}],"is_trial":false,"path_per_floor":["M","?","?","M","M","E","?","E","T","R","M","R","M","?","R","B",null,"M","M","$","M","M","R","E","M","T","R","$","M","M","M","R","B",null,"M","?","$","M","M","R","E","R","T","?","R","M","T","M","R","B",null,null],"character_chosen":"Angela","items_purchased":["ReplayTheSpireMod:Necrogeddon","PreservedInsect","Sling","Membership Card"],"campfire_rested":0,"item_purchase_floors":[20,28,28,37],"current_hp_per_floor":[59,59,59,50,52,42,42,25,25,25,43,43,57,57,60,38,88,104,45,48,44,67,67,91,89,89,89,89,117,178,156,159,205,208,217,220,220,229,238,238,247,250,250,250,500,500,500,493,493,520,520],"gold":3,"neow_bonus":"ONE_RANDOM_RARE_CARD","is_daily":false,"chose_seed":false,"campfire_upgraded":0,"win_rate":0.0,"timestamp":1608566992,"path_taken":["M","?","?","M","?","E","?","E","T","R","M","R","M","?","R","BOSS","M","?","$","M","M","R","E","M","T","R","$","M","M","M","R","BOSS","M","?","$","M","?","R","E","R","T","?","R","M","?","M","R","BOSS"],"items_purchased_type":["Card","Relic","Relic","Relic"],"build_version":"2020-12-13","purchased_purges":0,"victory":true,"max_hp_per_floor":[70,70,70,70,70,77,77,77,77,77,84,84,93,93,96,105,105,114,123,126,137,146,146,155,164,164,164,164,173,184,193,196,205,208,217,220,220,229,238,238,247,250,250,250,500,509,509,518,518,520,520],"card_choices":[{"not_picked":["MeatLantern","CherryBlossoms"],"picked":"VoidDream","floor":1.0},{"not_picked":["Beak"],"picked":"Harmony","floor":1.0},{"not_picked":["CherryBlossoms","OSAHOGD"],"picked":"ShyLook","floor":4.0},{"not_picked":["Regret_ego"],"picked":"WristCuter","floor":4.0},{"not_picked":["RedShoes","Scarecrow"],"picked":"MHz","floor":5.0},{"not_picked":["GreenStem"],"picked":"DaCapo","floor":5.0},{"not_picked":["BeautyBeast","HeroicMonk"],"picked":"Bloodbath","floor":6.0},{"not_picked":["CrimsonScar"],"picked":"ShedSkin","floor":6.0},{"not_picked":["Scorched","WallGazer"],"picked":"Wellcheers","floor":8.0},{"not_picked":["Noise"],"picked":"LifeForTheDareDevil","floor":8.0},{"not_picked":["Murderer","LittleHelper"],"picked":"MeatLantern","floor":11.0},{"not_picked":["TodaysExpression","CherryBlossom"],"picked":"SKIP","floor":11.0},{"not_picked":["FairyFestival","BeautyBeast"],"picked":"CrumblingArmor","floor":13.0},{"not_picked":["GreenStem","RapturousDream"],"picked":"SKIP","floor":13.0},{"not_picked":["CENSORED_ego"],"picked":"Mimicry","floor":16.0},{"not_picked":["DaCapo"],"picked":"Adoration","floor":16.0},{"not_picked":["RedShoes","Scorched"],"picked":"SpiderBud","floor":16.0},{"not_picked":["Murderer","OSAHOGD"],"picked":"NothingThere","floor":18.0},{"not_picked":["Lantern","Penitence+1"],"picked":"Justitia","floor":18.0},{"not_picked":["RedShoes","Scorched"],"picked":"PunishingBird","floor":19.0},{"not_picked":["SomewhereSpear","Hornet","CUTE+1"],"picked":"SKIP","floor":19.0},{"not_picked":["Wingbeat","Christmas","Beak+1"],"picked":"SKIP","floor":19.0},{"not_picked":["WallGazer","FairyFestival","Murderer"],"picked":"Singing Bowl","floor":21.0},{"not_picked":["RedShoes","FairyFestival"],"picked":"Mercenary","floor":21.0},{"not_picked":["CherryBlossom+1","Penitence+1","Mimicry"],"picked":"SKIP","floor":21.0},{"not_picked":["BloodyDesire","Gaze+1","RedEyes"],"picked":"SKIP","floor":21.0},{"not_picked":["WristCuter","SomewhereSpear"],"picked":"Horn+1","floor":22},{"not_picked":["WhiteNight","WallGazer"],"picked":"OldLady","floor":22},{"not_picked":["BlackSwan_ego","TodaysExpression","CUTE"],"picked":"SKIP","floor":22},{"not_picked":["BlueStar","GalaxyChild"],"picked":"Murderer","floor":24},{"not_picked":["Harmony+1","Diffraction+1","BearPaw"],"picked":"SKIP","floor":24},{"not_picked":["Woodsman","BigBadWolf"],"picked":"BodiesMountain","floor":25},{"not_picked":["BloodyDesire","Amita"],"picked":"ScreamingWedge","floor":25},{"not_picked":["HappyTeddy","BeautyBeast","DespairKnight"],"picked":"Singing Bowl","floor":29},{"not_picked":["FairyFestival","HeroicMonk"],"picked":"Scarecrow","floor":29},{"not_picked":["Penitence","Wingbeat"],"picked":"Beak","floor":29},{"not_picked":["FairyFestival","Funeral","WallGazer"],"picked":"Singing Bowl","floor":30},{"not_picked":["Scorched","MeltingLove"],"picked":"OSAHOGD","floor":30},{"not_picked":["CUTE","WristCuter"],"picked":"Tough+1","floor":30},{"not_picked":["BigBadWolf","HeroicMonk"],"picked":"CherryBlossoms","floor":31},{"not_picked":["Spore+1","Wingbeat+1"],"picked":"Beak+1","floor":31},{"not_picked":["Mimicry","Pinks"],"picked":"Justitia","floor":33},{"not_picked":["FairyFestival","BlackSwan","HeroicMonk"],"picked":"Singing Bowl","floor":33},{"not_picked":["RedShoes","Scorched"],"picked":"GreedKing","floor":33},{"not_picked":["Twilight","Pinks"],"picked":"CENSORED_ego","floor":33},{"not_picked":["HappyTeddy","SnowQueen"],"picked":"CENSORED","floor":35},{"not_picked":["Discord+1","TodaysExpression+1","Wingbeat+1"],"picked":"SKIP","floor":35},{"not_picked":["BigBadWolf","BeautyBeast"],"picked":"Variant","floor":38},{"not_picked":["Ecstasy","Galaxy+1"],"picked":"ScreamingWedge+1","floor":38},{"not_picked":["Porccubus","NakedNest"],"picked":"UniverseFragment","floor":39},{"not_picked":["WristCuter","Heaven+1"],"picked":"InTheNameOfLoveAndHate","floor":39},{"not_picked":["NakedNest","FieryBird"],"picked":"Freischutz","floor":41},{"not_picked":["Tough","Penitence"],"picked":"Harvest+1","floor":41},{"not_picked":["FeatherOfHonor","Christmas"],"picked":"WristCuter+1","floor":41},{"not_picked":["FourthMatchFlame","SwordSharpenedByTears+1"],"picked":"Beak","floor":46},{"not_picked":["LaLuna","FairyFestival","LittleHelper"],"picked":"Singing Bowl","floor":46},{"not_picked":["QueenOfHatred","Scorched"],"picked":"BigBird","floor":46},{"not_picked":["FrostShard","Christmas+1"],"picked":"Diffraction","floor":46},{"not_picked":["Noise","InTheNameOfLoveAndHate"],"picked":"ScreamingWedge+1","floor":46},{"not_picked":["WallGazer","DespairKnight","Funeral"],"picked":"Singing Bowl","floor":48},{"not_picked":["Laetitia","WhiteNight"],"picked":"SnowQueen","floor":48},{"not_picked":["Amita+1","Regret_ego+1"],"picked":"TodaysExpression","floor":48},{"not_picked":["Heaven+1","ParadiseLost"],"picked":"Beak+1","floor":48}],"player_experience":1011230,"relics_obtained":[{"floor":6.0,"key":"DemoMod:PinkGuonStone"},{"floor":8.0,"key":"Bird Faced Urn"},{"floor":9.0,"key":"Replay:Ringing Soul"},{"floor":24,"key":"ReplayTheSpireMod:Lightbulb"},{"floor":26,"key":"Runesmith:Nanobots"},{"floor":30,"key":"AtMidnight"},{"floor":41,"key":"Lizard Tail"},{"floor":43,"key":"Replay:Rubber Ducky"},{"floor":47,"key":"Bottled Tornado"}],"event_choices":[{"damage_healed":0.0,"max_hp_gain":0.0,"max_hp_loss":0.0,"gold_gain":0.0,"cards_transformed":["Delirium"],"event_name":"Transmorgrifier","player_choice":"Transformed","floor":3.0,"gold_loss":0.0,"damage_taken":0.0,"cards_obtained":["Hallucinations"]},{"cards_removed":["Hallucinations"],"damage_healed":0.0,"max_hp_gain":0.0,"max_hp_loss":0.0,"gold_gain":0.0,"event_name":"Fountain of Cleansing","player_choice":"Removed Curses","floor":14.0,"gold_loss":0.0,"damage_taken":0.0},{"damage_healed":0,"gold_gain":0,"player_choice":"Rummage","damage_taken":0,"relics_obtained":["WarpedTongs"],"max_hp_gain":0,"max_hp_loss":0,"event_name":"Accursed Blacksmith","floor":36,"gold_loss":0,"cards_obtained":["Pain"]},{"damage_healed":0,"gold_gain":0,"player_choice":"Paid","damage_taken":0,"relics_obtained":["Red Mask"],"max_hp_gain":0,"max_hp_loss":0,"event_name":"Tomb of Lord Red Mask","floor":44,"gold_loss":157}],"is_beta":false,"boss_relics":[{"not_picked":["SacredBark","Replay:Bronze Core"],"picked":"Ring of Chaos"},{"not_picked":["Honey Jar","Painkiller Herb"],"picked":"Astrolabe"}],"items_purged_floors":[],"is_endless":false,"potions_floor_spawned":[4,25,29,31,39],"ascension_level":6}}