{"host":"pletss163z7s8pvv","time":1608514885,"event":{"mods":["AchievementEnabler","BaseMod","Colored Map","Colored Powertips","Minty Spire (QoL Compilation)"],"gold_per_floor":[144,189,189,284,329,419,476,533,545,652,664,26,26,71,71,371,371,416,31,76,121,166,166,256,256,281,331,421,471,33,78,78,378,378,423,468,518,63,138,228,273,473,473,523,648,648,693,1043,1043,1043],"floor_reached":51,"playtime":1282,"items_purged":["Barricade"],"score":944,"play_id":"a0df0e57-f344-4dfb-9f0a-666bf043329e","local_time":"20201220194125","daily_mods":["Shiny","Vintage","Midas"],"is_ascension_mode":false,"campfire_choices":[{"floor":11,"key":"REST"},{"floor":13,"key":"REST"},{"floor":15,"key":"REST"},{"floor":23,"key":"REST"},{"floor":25,"key":"REST"},{"floor":32,"key":"REST"},{"floor":46,"key":"REST"},{"floor":49,"key":"REST"}],"circlet_count":0,"master_deck":["Double Tap","Demon Form","Bludgeon","Feed","Limit Break","Corruption","Fiend Fire","Berserk","Impervious","Juggernaut","Brutality","Reaper","Exhume","Offering+1","Immolate","Inflame","Limit Break+1","CurseOfTheBell","Demon Form","Pummel+1","Thunderclap+1","Rage+1","Mind Blast+1","Inflame+1","Exhume+1","Havoc+1","Inflame+1","Heavy Blade+1","Seeing Red+1"],"relics":["Burning Blood","Bottled Flame","Pen Nib","SsserpentHead","Tiny Chest","Singing Bowl","MawBank","StoneCalendar","Anchor","Bag of Preparation","Torii","Molten Egg 2","Strange Spoon","Letter Opener","PreservedInsect","Calling Bell","Bronze Scales","Ornamental Fan","Charon\u0027s Ashes","Juzu Bracelet","DollysMirror","Blood Vial","MealTicket","Paper Frog","Frozen Egg 2","Toxic Egg 2","Art of War","Strawberry","Mummified Hand","Mercury Hourglass","Regal Pillow","Philosopher\u0027s Stone","Omamori","Meat on the Bone","Bottled Lightning","Lee\u0027s Waffle","Bag of Marbles","Orichalcum","Centennial Puzzle","War Paint","Prayer Wheel","White Beast Statue","Gremlin Horn","Thread and Needle"],"acts_visited":["Exordium","TheCity","TheBeyond"],"potions_floor_usage":[16,16,16,33,33,50,50],"damage_taken":[{"damage":17,"enemies":"Jaw Worm","floor":1,"turns":2},{"damage":6,"enemies":"Cultist","floor":2,"turns":2},{"damage":33,"enemies":"Small Slimes","floor":4,"turns":3},{"damage":39,"enemies":"Exordium Thugs","floor":5,"turns":4},{"damage":0,"enemies":"3 Sentries","floor":6,"turns":1},{"damage":6,"enemies":"Looter","floor":7,"turns":2},{"damage":18,"enemies":"2 Fungi Beasts","floor":8,"turns":2},{"damage":0,"enemies":"3 Louse","floor":10,"turns":1},{"damage":6,"enemies":"Red Slaver","floor":14,"turns":2},{"damage":20,"enemies":"Slime Boss","floor":16,"turns":5},{"damage":16,"enemies":"Shell Parasite","floor":18,"turns":3},{"damage":18,"enemies":"Spheric Guardian","floor":20,"turns":3},{"damage":36,"enemies":"Snake Plant","floor":21,"turns":4},{"damage":35,"enemies":"Centurion and Healer","floor":22,"turns":4},{"damage":55,"enemies":"Book of Stabbing","floor":24,"turns":5},{"damage":20,"enemies":"Slavers","floor":28,"turns":2},{"damage":18,"enemies":"3 Cultists","floor":31,"turns":3},{"damage":6,"enemies":"Champ","floor":33,"turns":4},{"damage":6,"enemies":"3 Darklings","floor":35,"turns":2},{"damage":6,"enemies":"Orb Walker","floor":36,"turns":2},{"damage":12,"enemies":"Giant Head","floor":40,"turns":3},{"damage":23,"enemies":"Spire Growth","floor":41,"turns":4},{"damage":48,"enemies":"Mind Bloom Boss Battle","floor":42,"turns":3},{"damage":6,"enemies":"4 Shapes","floor":47,"turns":1},{"damage":25,"enemies":"Time Eater","floor":50,"turns":3}],"seed_played":"7329645460642280970","potions_obtained":[{"floor":1,"key":"Energy Potion"},{"floor":2,"key":"FearPotion"},{"floor":4,"key":"ColorlessPotion"},{"floor":10,"key":"SkillPotion"},{"floor":18,"key":"LiquidMemories"},{"floor":20,"key":"FairyPotion"},{"floor":33,"key":"LiquidMemories"},{"floor":35,"key":"SkillPotion"}],"is_trial":false,"path_per_floor":["M","M","?","M","M","E","M","M","T","M","R","$","R","M","R","B",null,"M","$","M","M","M","R","E","R","T","?","E","?","$","M","R","B",null,"M","M","T","$","T","E","M","?","T","?","T","R","M","?","R","B",null],"character_chosen":"IRONCLAD","items_purchased":["Molten Egg 2","Strange Spoon","Letter Opener","DollysMirror","Blood Vial","Pummel+1","Strength Potion","Mind Blast+1","Inflame+1","Exhume+1","Havoc+1","Lee\u0027s Waffle","Bag of Marbles","Inflame+1","Heavy Blade+1","Seeing Red+1"],"campfire_rested":8,"item_purchase_floors":[12,12,12,19,19,19,19,30,30,30,30,38,38,38,38,38],"current_hp_per_floor":[77,80,80,56,43,49,49,61,61,67,86,86,86,86,86,86,86,76,76,66,65,84,86,37,62,62,69,57,57,72,62,93,95,95,95,95,95,102,102,104,87,61,61,63,63,108,108,108,108,89],"gold":1043,"neow_bonus":"","is_daily":true,"chose_seed":false,"campfire_upgraded":0,"win_rate":0.0,"timestamp":1608514885,"path_taken":["M","M","?","?","M","E","M","M","T","?","R","$","R","M","R","BOSS","M","$","M","M","M","R","E","R","T","?","E","?","$","M","R","BOSS","M","M","?","$","?","E","M","?","T","?","?","R","M","?","R","BOSS"],"items_purchased_type":["Relic","Relic","Relic","Relic","Relic","Card","Potion","Card","Card","Card","Card","Relic","Relic","Card","Card","Card"],"build_version":"2020-12-13","purchased_purges":1,"victory":true,"max_hp_per_floor":[80,80,80,83,86,86,86,86,86,86,86,86,86,86,86,86,86,86,86,86,86,86,86,86,86,86,93,93,93,93,93,93,95,95,95,95,95,102,102,104,104,106,106,108,108,108,108,108,108,108],"card_choices":[{"not_picked":["Uppercut","Dark Embrace"],"picked":"Inflame","floor":6},{"not_picked":["Demon Form","Corruption"],"picked":"Limit Break","floor":16},{"not_picked":["Body Slam+1","Reckless Charge+1"],"picked":"Thunderclap+1","floor":24},{"not_picked":["Havoc+1","Clash+1"],"picked":"Rage+1","floor":28},{"not_picked":["Corruption+1","Juggernaut+1","Fiend Fire+1"],"picked":"Singing Bowl","floor":33},{"not_picked":["Clothesline+1","Shrug It Off+1","Pommel Strike+1"],"picked":"Singing Bowl","floor":40},{"not_picked":["Warcry+1","Pommel Strike+1","Fiend Fire+1"],"picked":"Singing Bowl","floor":42},{"not_picked":["Impatience+1","Enlightenment+1","Panacea+1"],"picked":"Singing Bowl","floor":44}],"player_experience":392952,"relics_obtained":[{"floor":1,"key":"Bottled Flame"},{"floor":2,"key":"Pen Nib"},{"floor":4,"key":"Tiny Chest"},{"floor":5,"key":"Singing Bowl"},{"floor":6,"key":"MawBank"},{"floor":7,"key":"StoneCalendar"},{"floor":8,"key":"Anchor"},{"floor":9,"key":"Bag of Preparation"},{"floor":10,"key":"Torii"},{"floor":14,"key":"PreservedInsect"},{"floor":17,"key":"Bronze Scales"},{"floor":17,"key":"Ornamental Fan"},{"floor":17,"key":"Charon\u0027s Ashes"},{"floor":18,"key":"Juzu Bracelet"},{"floor":20,"key":"MealTicket"},{"floor":21,"key":"Paper Frog"},{"floor":22,"key":"Frozen Egg 2"},{"floor":24,"key":"Toxic Egg 2"},{"floor":26,"key":"Art of War"},{"floor":27,"key":"Strawberry"},{"floor":28,"key":"Mummified Hand"},{"floor":31,"key":"Regal Pillow"},{"floor":35,"key":"Omamori"},{"floor":36,"key":"Meat on the Bone"},{"floor":37,"key":"Bottled Lightning"},{"floor":39,"key":"Orichalcum"},{"floor":40,"key":"Centennial Puzzle"},{"floor":41,"key":"War Paint"},{"floor":42,"key":"Prayer Wheel"},{"floor":43,"key":"White Beast Statue"},{"floor":45,"key":"Gremlin Horn"},{"floor":47,"key":"Thread and Needle"}],"event_choices":[{"damage_healed":0,"gold_gain":0,"player_choice":"Trade","damage_taken":0,"relics_obtained":["SsserpentHead"],"max_hp_gain":0,"max_hp_loss":0,"event_name":"FaceTrader","floor":3,"gold_loss":0},{"damage_healed":0,"gold_gain":0,"player_choice":"Relic","damage_taken":0,"max_hp_gain":0,"max_hp_loss":0,"event_name":"Wheel of Change","floor":27,"gold_loss":0},{"damage_healed":0,"gold_gain":0,"player_choice":"Opened","damage_taken":0,"relics_obtained":["Mercury Hourglass"],"max_hp_gain":0,"max_hp_loss":0,"event_name":"The Mausoleum","floor":29,"gold_loss":0},{"damage_healed":0,"gold_gain":0,"player_choice":"Fight","damage_taken":0,"max_hp_gain":0,"max_hp_loss":0,"event_name":"MindBloom","floor":42,"gold_loss":0},{"damage_healed":0,"gold_gain":0,"player_choice":"Memory 1","damage_taken":0,"max_hp_gain":0,"max_hp_loss":0,"event_name":"SensoryStone","floor":44,"gold_loss":0},{"damage_healed":0,"gold_gain":300,"player_choice":"Gold","damage_taken":0,"max_hp_gain":0,"max_hp_loss":0,"event_name":"Wheel of Change","floor":48,"gold_loss":0}],"is_beta":false,"boss_relics":[{"not_picked":["Runic Dome","Black Star"],"picked":"Calling Bell"},{"not_picked":["Astrolabe","Runic Pyramid"],"picked":"Philosopher\u0027s Stone"}],"items_purged_floors":[30],"is_endless":false,"potions_floor_spawned":[1,2,4,10,18,20,24,33,35,40,47],"ascension_level":0}}