{"host":"ds28d883r3sz42zs","time":1608512698,"event":{"mods":["2.2 Compatiblity","AchievementEnabler","Act Like it!","Aspiration","BaseMod","Bestiary","Better Match","Better Sensory Stone","Better Silent Start","Better Third Choice","Better-Laid Plans","BetterRewards","Block Reminder","Challenge The Spire","Colored Map","Colored Powertips","Conspire","DeckTracker","Defuse TimeMaze Blight","Disable Question Mark Monsters","Displayed Cursed Tome","Emptier Cage","GifTheSpireLib","Gold Saver","Hubris","Infinite Spire","Minty Spire (QoL Compilation)","Permanent Neow","Practice Mode","Quick Restart","Random Character Button","Rare Cards Sparkle","Relic Filter","Relic Sorter","Relic Stats","Replay The Spire","SacredBarkPlus","StSLib","Stuff the Spire","SuperFastMode","The Jungle","Uncapped","Unknown Chances"],"gold_per_floor":[664,64,64,77,95,127,56,56,107,107,107,107,107],"floor_reached":12,"playtime":355,"items_purged":["Defend_R"],"score":110,"play_id":"d342f46a-86f9-4492-9170-ee7efcd426f3","local_time":"20201220200458","is_ascension_mode":true,"campfire_choices":[{"data":"Demonic Infusion","floor":8,"key":"SMITH"},{"data":"ReplayTheSpireMod:Muscle Training","floor":10,"key":"SMITH"}],"circlet_count":0,"master_deck":["Strike_R","Strike_R","Strike_R","Defend_R","Defend_R","Defend_R","Bash","ReplayTheSpireMod:Stacked","Demonic Infusion+1","Thunderclap","Evolve+1","ReplayTheSpireMod:Muscle Training+1","Sword Boomerang","Pummel","Feel No Pain+1","infinitespire:Gouge"],"relics":["Burning Blood","Frozen Egg 2","King of Hearts","Dream Catcher","infinitespire:Beetle Shell"],"acts_visited":["Exordium"],"potions_floor_usage":[],"damage_taken":[{"damage":0,"enemies":"2 Louse","floor":1,"turns":4},{"damage":1,"enemies":"Cultist","floor":4,"turns":4},{"damage":13,"enemies":"Small Slimes","floor":5,"turns":3},{"damage":29,"enemies":"Lagavulin","floor":6,"turns":7},{"damage":22,"enemies":"Replay:BlueRogue","floor":12,"turns":4}],"seed_played":"2466961865913634575","potions_obtained":[{"floor":6,"key":"Dexterity Potion"}],"is_trial":false,"path_per_floor":["M","$","?","M","M","E","$","R","T","R","?","E"],"character_chosen":"IRONCLAD","items_purchased":["Frozen Egg 2","Evolve+1","King of Hearts","ReplayTheSpireMod:Muscle Training","Feel No Pain+1"],"campfire_rested":0,"item_purchase_floors":[2,2,2,2,7],"current_hp_per_floor":[57,57,57,62,55,32,32,32,32,32,12,0,0],"gold":107,"neow_bonus":"TRANSFORM_TWO_CARDS","is_daily":false,"chose_seed":false,"campfire_upgraded":2,"win_rate":0.0,"timestamp":1608512698,"path_taken":["M","$","?","?","M","E","?","R","T","R","?","E"],"items_purchased_type":["Relic","Card","Relic","Card","Card"],"build_version":"2020-12-13","purchased_purges":1,"victory":false,"max_hp_per_floor":[80,80,80,80,80,80,80,80,80,80,80,80,80],"relic_stats":{"Dream Catcher":0,"counters":[5,22],"obtain_stats":[{"Dream Catcher":6,"King of Hearts":2,"infinitespire:Beetle Shell":9,"Frozen Egg 2":2,"Burning Blood":0},{"Dream Catcher":4,"King of Hearts":1,"infinitespire:Beetle Shell":4,"Frozen Egg 2":1,"Burning Blood":0},{"Dream Catcher":18,"King of Hearts":4,"infinitespire:Beetle Shell":18,"Frozen Egg 2":4,"Burning Blood":0}],"Burning Blood":24},"card_choices":[{"not_picked":["Bloodletting","Heavy Blade"],"picked":"Thunderclap","floor":1},{"not_picked":["Searing Blow","Iron Wave"],"picked":"Sword Boomerang","floor":4},{"not_picked":["Havoc","hubris:SharpeningStone","True Grit"],"picked":"SKIP","floor":5},{"not_picked":["StuffTheSpire:RagingBull","Pummel","Run Through"],"picked":"SKIP","floor":6},{"not_picked":["StuffTheSpire:RagingBull","Run Through"],"picked":"Pummel","floor":6},{"not_picked":["infinitespire:FutureSight","infinitespire:Oblivion"],"picked":"infinitespire:Gouge","floor":11}],"player_experience":684897,"relics_obtained":[{"floor":6,"key":"Dream Catcher"},{"floor":9,"key":"infinitespire:Beetle Shell"}],"event_choices":[{"damage_healed":0,"gold_gain":0,"player_choice":"Ignored","damage_taken":0,"max_hp_gain":0,"max_hp_loss":0,"event_name":"NoteForYourself","floor":3,"gold_loss":0}],"is_beta":false,"boss_relics":[],"items_purged_floors":[2],"is_endless":false,"potions_floor_spawned":[6],"killed_by":"Replay:BlueRogue","ascension_level":9}}