{"host":"qwttrqaysb380yri","time":1608589449,"event":{"mods":["BaseMod","Custom Start","Minty Spire (QoL Compilation)","Permanent Neow","Puzzle Mod","Relic Stats","StSLib","The Cursed","The Hierophant"],"gold_per_floor":[109,109,109,109,128,128,128],"floor_reached":6,"playtime":159,"items_purged":[],"score":58,"play_id":"0b67f24d-77db-47b7-9b32-344229cfe71c","local_time":"20201221232409","is_ascension_mode":true,"campfire_choices":[],"circlet_count":0,"master_deck":["AscendersBane","Strike_G","Strike_G","Strike_G","Strike_G","Strike_G","Defend_G+1","Defend_G","Defend_G","Defend_G+1","Survivor","Neutralize","Prepared","Tactician","Dagger Spray","Blade Dance"],"relics":["Ring of the Snake","Prayer Wheel","War Paint"],"acts_visited":["Exordium"],"potions_floor_usage":[],"damage_taken":[{"damage":5,"enemies":"Cultist","floor":1,"turns":4},{"damage":0,"enemies":"2 Louse","floor":5,"turns":3},{"damage":32,"enemies":"Gremlin Nob","floor":6,"turns":4}],"seed_played":"-6402567683714115456","potions_obtained":[],"is_trial":false,"path_per_floor":["M","?","?","?","M","E"],"character_chosen":"THE_SILENT","items_purchased":[],"campfire_rested":0,"item_purchase_floors":[],"current_hp_per_floor":[54,51,56,49,49,17,17],"gold":128,"neow_bonus":"ONE_RARE_RELIC","is_daily":false,"chose_seed":false,"campfire_upgraded":0,"win_rate":0.0,"timestamp":1608589449,"path_taken":["M","?","?","?","M","E"],"items_purchased_type":[],"build_version":"2020-12-13","purchased_purges":0,"victory":false,"max_hp_per_floor":[60,60,65,65,65,65,65],"relic_stats":{"counters":[3,11],"Prayer Wheel":2,"War Paint":["Defend_G","Defend_G"],"obtain_stats":[{"Prayer Wheel":0,"War Paint":2,"Ring of the Snake":0},{"Prayer Wheel":0,"War Paint":1,"Ring of the Snake":0},{"Prayer Wheel":0,"War Paint":4,"Ring of the Snake":0}],"Ring of the Snake":[6]},"card_choices":[{"not_picked":["Deadly Poison","Flechettes"],"picked":"Prepared","floor":1},{"not_picked":["Quick Slash","Backflip"],"picked":"Tactician","floor":1},{"not_picked":["Well Laid Plans","Blade Dance"],"picked":"Dagger Spray","floor":5},{"not_picked":["Cloak And Dagger","Footwork"],"picked":"Blade Dance","floor":5}],"player_experience":1932039,"relics_obtained":[],"event_choices":[{"damage_healed":0,"gold_gain":0,"player_choice":"Success","damage_taken":3,"relics_obtained":["War Paint"],"max_hp_gain":0,"max_hp_loss":0,"event_name":"Scrap Ooze","floor":2,"gold_loss":0},{"damage_healed":0,"gold_gain":0,"player_choice":"Donut","damage_taken":0,"max_hp_gain":5,"max_hp_loss":0,"event_name":"Big Fish","floor":3,"gold_loss":0},{"cards_removed":["Defend_G"],"damage_healed":0,"gold_gain":0,"player_choice":"Card Removal","damage_taken":7,"max_hp_gain":0,"max_hp_loss":0,"event_name":"Golden Wing","floor":4,"gold_loss":0}],"is_beta":false,"boss_relics":[],"items_purged_floors":[],"is_endless":false,"potions_floor_spawned":[],"killed_by":"Gremlin Nob","ascension_level":14}}