{"host":"zsm7nv3crm3m4x5c","time":1608515823,"event":{"mods":["AchievementEnabler","BaseMod","Colored Map","Colored Powertips","Minty Spire (QoL Compilation)","Shop Mod"],"gold_per_floor":[11,11,11,11,29,29,29,29,29,29,72,72,85,106,106,195,195,211,238,238,163,187,187,21,65,65,65,89,89,108,133,133,133,133],"floor_reached":33,"playtime":928,"items_purged":["Writhe"],"score":518,"play_id":"dd9dc4df-8d93-4861-ac6c-df5e7fd1e406","local_time":"20201220205703","is_ascension_mode":true,"campfire_choices":[{"floor":6.0,"key":"REST"},{"floor":8.0,"key":"REST"},{"data":"Bash","floor":10.0,"key":"SMITH"},{"floor":12.0,"key":"REST"},{"floor":15.0,"key":"REST"},{"floor":23,"key":"REST"},{"floor":27,"key":"REST"},{"floor":32,"key":"REST"}],"circlet_count":0,"master_deck":["AscendersBane","Strike_R","Strike_R","Strike_R","Strike_R","Strike_R","Defend_R","Defend_R","Defend_R","Defend_R","Bash+1","Spot Weakness+1","Spot Weakness+1","Heavy Blade+1","Armaments+1","Parasite","Pummel+1","Twin Strike+1"],"relics":["Burning Blood","Champion Belt","Golden Idol","StrikeDummy","Shuriken","Molten Egg 2","WingedGreaves","Cursed Key","Dream Catcher","PreservedInsect","Boot","Bottled Lightning"],"acts_visited":["Exordium","TheCity"],"potions_floor_usage":[18,28,33,33],"damage_taken":[{"damage":4.0,"enemies":"Cultist","floor":1.0,"turns":4.0},{"damage":8.0,"enemies":"2 Louse","floor":5.0,"turns":2.0},{"damage":33.0,"enemies":"Lagavulin","floor":11.0,"turns":6.0},{"damage":12.0,"enemies":"Jaw Worm","floor":13.0,"turns":2.0},{"damage":18.0,"enemies":"Red Slaver","floor":14.0,"turns":3.0},{"damage":45,"enemies":"Hexaghost","floor":16,"turns":7},{"damage":12,"enemies":"Chosen","floor":18,"turns":3},{"damage":14,"enemies":"Shell Parasite","floor":22,"turns":3},{"damage":42,"enemies":"Slavers","floor":25,"turns":4},{"damage":11,"enemies":"Snake Plant","floor":28,"turns":3},{"damage":9,"enemies":"Chosen and Byrds","floor":30,"turns":4},{"damage":18,"enemies":"Centurion and Healer","floor":31,"turns":4},{"damage":90,"enemies":"Automaton","floor":33,"turns":6}],"seed_played":"7516259526624848629","potions_obtained":[{"floor":1.0,"key":"EssenceOfSteel"},{"floor":16,"key":"AttackPotion"},{"floor":25,"key":"ElixirPotion"},{"floor":28,"key":"BloodPotion"},{"floor":30,"key":"Strength Potion"},{"floor":31,"key":"Strength Potion"}],"is_trial":false,"path_per_floor":["M","?","?","$","M","R","T","R","T","R","E","R","M","M","R","B",null,"M","T","?","$","M","R","$","E","T","R","M","?","M","M","R","B"],"character_chosen":"IRONCLAD","items_purchased":["PreservedInsect"],"campfire_rested":7,"item_purchase_floors":[24],"current_hp_per_floor":[70,68,23,23,21,41,41,61,61,61,34,54,48,36,56,17,55,49,49,49,49,41,61,61,25,25,45,53,53,50,38,58,0,0],"gold":133,"neow_bonus":"ONE_RARE_RELIC","is_daily":false,"chose_seed":false,"campfire_upgraded":1,"win_rate":0.0,"timestamp":1608515823,"path_taken":["M","?","?","$","M","R","?","R","T","R","E","R","M","M","R","BOSS","M","?","?","$","M","R","$","E","T","R","?","?","?","M","R","BOSS"],"items_purchased_type":["Relic"],"build_version":"2020-12-13","purchased_purges":1,"victory":false,"max_hp_per_floor":[75,68,68,68,68,68,68,68,68,68,68,68,68,68,68,68,68,68,68,68,68,68,68,68,68,68,68,68,68,68,68,68,68,68],"card_choices":[{"not_picked":["Cleave","Pommel Strike"],"picked":"Spot Weakness","floor":1.0},{"not_picked":["Hemokinesis","Headbutt","Cleave"],"picked":"SKIP","floor":5.0},{"not_picked":["Armaments","Shrug It Off"],"picked":"Spot Weakness","floor":11.0},{"not_picked":["Wild Strike+1","Metallicize","Body Slam+1"],"picked":"SKIP","floor":13.0},{"not_picked":["Seeing Red","Berserk","Flame Barrier"],"picked":"SKIP","floor":14.0},{"not_picked":["Sword Boomerang+1","Armaments+1"],"picked":"Heavy Blade+1","floor":18},{"not_picked":["Double Tap","Sword Boomerang+1"],"picked":"Armaments+1","floor":22},{"not_picked":["Rage+1","Heavy Blade+1","Shrug It Off"],"picked":"SKIP","floor":25},{"not_picked":["Dual Wield+1","Thunderclap+1","Pommel Strike+1"],"picked":"SKIP","floor":28},{"not_picked":["Heavy Blade+1","Feel No Pain","Infernal Blade"],"picked":"SKIP","floor":30},{"not_picked":["Dropkick+1","Headbutt+1"],"picked":"Pummel+1","floor":31},{"not_picked":["Combust","True Grit"],"picked":"Twin Strike+1","floor":32}],"player_experience":510908,"relics_obtained":[{"floor":7.0,"key":"Shuriken"},{"floor":9.0,"key":"Molten Egg 2"},{"floor":11.0,"key":"WingedGreaves"},{"floor":19,"key":"Dream Catcher"},{"floor":25,"key":"Boot"},{"floor":26,"key":"Bottled Lightning"}],"event_choices":[{"damage_healed":0.0,"max_hp_gain":0.0,"max_hp_loss":7.0,"gold_gain":0.0,"event_name":"Golden Idol","player_choice":"Lose Max HP","floor":2.0,"gold_loss":0.0,"damage_taken":0.0,"relics_obtained":["Golden Idol"]},{"damage_healed":0.0,"max_hp_gain":0.0,"max_hp_loss":0.0,"gold_gain":0.0,"event_name":"Scrap Ooze","player_choice":"Success","floor":3.0,"gold_loss":0.0,"damage_taken":45.0,"relics_obtained":["StrikeDummy"]},{"damage_healed":0,"gold_gain":0,"player_choice":"Upgraded","damage_taken":0,"max_hp_gain":0,"max_hp_loss":0,"event_name":"Upgrade Shrine","floor":20,"gold_loss":0,"cards_upgraded":["Spot Weakness"]},{"damage_healed":0,"gold_gain":0,"player_choice":"Forge","damage_taken":0,"max_hp_gain":0,"max_hp_loss":0,"event_name":"Accursed Blacksmith","floor":29,"gold_loss":0,"cards_upgraded":["Spot Weakness"]}],"is_beta":false,"boss_relics":[{"not_picked":["Astrolabe","Runic Cube"],"picked":"Cursed Key"}],"items_purged_floors":[21],"is_endless":false,"potions_floor_spawned":[1,16,25,28,30,31],"killed_by":"Automaton","ascension_level":16}}