{"host":"qwttrqaysb380yri","time":1608567054,"event":{"mods":["BaseMod","Custom Start","Minty Spire (QoL Compilation)","Permanent Neow","Puzzle Mod","Relic Stats","StSLib","The Cursed","The Hierophant"],"gold_per_floor":[113,78,93,111,125,125,125,153,178,178,178],"floor_reached":10,"playtime":285,"items_purged":[],"score":116,"play_id":"6b4d263c-ca6c-44de-8ed9-aa1ac70ed231","local_time":"20201221171054","is_ascension_mode":true,"campfire_choices":[{"data":"Dash","floor":6,"key":"SMITH"}],"circlet_count":0,"master_deck":["AscendersBane","Strike_G","Strike_G","Strike_G","Strike_G","Strike_G+1","Defend_G","Defend_G","Defend_G","Defend_G","Defend_G","Survivor","Neutralize","Night Terror","Terror","Blade Dance+1","Tactician","Dash+1","Venomology"],"relics":["Ring of the Snake","Boot","Snake Skull"],"acts_visited":["Exordium"],"potions_floor_usage":[4,8,10],"damage_taken":[{"damage":5,"enemies":"2 Louse","floor":1,"turns":3},{"damage":0,"enemies":"Small Slimes","floor":3,"turns":4},{"damage":7,"enemies":"Jaw Worm","floor":4,"turns":2},{"damage":10,"enemies":"Exordium Wildlife","floor":5,"turns":4},{"damage":12,"enemies":"Lagavulin","floor":8,"turns":6},{"damage":19,"enemies":"3 Sentries","floor":10,"turns":6}],"seed_played":"3336421396395429609","potions_obtained":[{"floor":1,"key":"PowerPotion"},{"floor":3,"key":"SteroidPotion"},{"floor":4,"key":"BlessingOfTheForge"}],"is_trial":false,"path_per_floor":["M","?","M","M","M","R","?","E","T","E"],"character_chosen":"THE_SILENT","items_purchased":[],"campfire_rested":0,"item_purchase_floors":[],"current_hp_per_floor":[54,66,66,59,49,49,36,24,24,5,5],"gold":178,"neow_bonus":"ONE_RANDOM_RARE_CARD","is_daily":false,"chose_seed":false,"campfire_upgraded":1,"win_rate":0.0,"timestamp":1608567054,"path_taken":["M","?","M","M","M","R","?","E","T","E"],"items_purchased_type":[],"build_version":"2020-12-13","purchased_purges":0,"victory":false,"max_hp_per_floor":[66,66,66,66,66,66,66,66,66,66,66],"relic_stats":{"counters":[6,25],"Snake Skull":[0],"Boot":[9],"obtain_stats":[{"Snake Skull":9,"Boot":8,"Ring of the Snake":0},{"Snake Skull":5,"Boot":5,"Ring of the Snake":0},{"Snake Skull":19,"Boot":19,"Ring of the Snake":0}],"Ring of the Snake":[12]},"card_choices":[{"not_picked":["Heel Hook","Finisher"],"picked":"Terror","floor":1},{"not_picked":["Footwork","Dagger Spray"],"picked":"Blade Dance","floor":3},{"not_picked":["Terror","Expertise"],"picked":"Tactician","floor":4},{"not_picked":["Outmaneuver","Flying Knee"],"picked":"Dash","floor":5},{"not_picked":["Well Laid Plans","Underhanded Strike"],"picked":"Venomology","floor":8}],"player_experience":1922987,"relics_obtained":[{"floor":8,"key":"Boot"},{"floor":9,"key":"Snake Skull"}],"event_choices":[{"damage_healed":16,"gold_gain":0,"player_choice":"Healed","damage_taken":0,"max_hp_gain":0,"max_hp_loss":0,"event_name":"The Cleric","floor":2,"gold_loss":35},{"damage_healed":0,"gold_gain":0,"player_choice":"Entered Light","damage_taken":13,"max_hp_gain":0,"max_hp_loss":0,"event_name":"Shining Light","floor":7,"gold_loss":0,"cards_upgraded":["Strike_G","Blade Dance"]}],"is_beta":false,"boss_relics":[],"items_purged_floors":[],"is_endless":false,"potions_floor_spawned":[1,3,4,5],"killed_by":"3 Sentries","ascension_level":14}}