{"host":"hjw1ay65n7jm40lc","time":1608582802,"event":{"mods":["AchievementEnabler","BaseMod","Block Reminder","Colored Map","Colored Powertips","Downfall","Googly Eyes","Highlight Path","Minty Spire (QoL Compilation)","Quick Restart","Relic Stats","StSLib"],"gold_per_floor":[99,119,147,322,353,353,404,143,161,161,161,176,190,80,93,198,198,198,58,88,107,131,131,131,131,131,165,195,220,247,472,472,472,472],"floor_reached":32,"playtime":2391,"items_purged":["Doubt"],"score":385,"play_id":"73e3ca72-34aa-49ee-baca-49821ae0f65e","local_time":"20201221153322","is_ascension_mode":true,"campfire_choices":[{"data":"Guardian:TwinSlam","floor":1.0,"key":"SMITH"},{"data":"Guardian:Preprogram","floor":6.0,"key":"SMITH"},{"data":"Guardian:PolyBeam","floor":10.0,"key":"SMITH"},{"data":"Guardian:FuturePlans","floor":18.0,"key":"SMITH"},{"floor":26.0,"key":"REST"}],"circlet_count":0,"master_deck":["Guardian:Strike_Guardian","Guardian:Strike_Guardian","Guardian:Strike_Guardian","Guardian:Strike_Guardian","Guardian:Defend_Guardian","Guardian:Defend_Guardian","Guardian:Defend_Guardian","Guardian:Defend_Guardian","Guardian:CurlUp","Guardian:TwinSlam+1","Guardian:EvasiveProtocol","Guardian:DonusPower","Guardian:Preprogram+1","Guardian:PolyBeam+1","Guardian:BronzeOrb","Guardian:Gem_Synthetic","Guardian:Reroute","Guardian:DonusPower","Guardian:FuturePlans+1","Guardian:Incinerate","Guardian:RevengeProtocol","Guardian:PiercingHide+1","Guardian:Gem_White","Guardian:ChargeUp+1","Guardian:Gem_Blue","Guardian:Gem_White","Guardian:GatlingBeam"],"relics":["Guardian:ModeShifter","FossilizedHelix","The Courier","Bag of Marbles","Strange Spoon","Philosopher\u0027s Stone","HandDrill","CeramicFish","Art of War","Unceasing Top","MawBank"],"acts_visited":["Exordium","TheCity"],"potions_floor_usage":[32],"damage_taken":[{"damage":0.0,"enemies":"Cultist","floor":2.0,"turns":3.0},{"damage":40.0,"enemies":"Lagavulin","floor":3.0,"turns":9.0},{"damage":10.0,"enemies":"Gremlin Nob","floor":5.0,"turns":4.0},{"damage":4.0,"enemies":"downfall:FleeingMerchant","floor":8.0,"turns":4.0},{"damage":0.0,"enemies":"2 Louse","floor":9.0,"turns":2.0},{"damage":0.0,"enemies":"Jaw Worm","floor":12.0,"turns":2.0},{"damage":0.0,"enemies":"3 Louse","floor":13.0,"turns":3.0},{"damage":0.0,"enemies":"downfall:FleeingMerchant","floor":14.0,"turns":4.0},{"damage":0.0,"enemies":"Lots of Slimes","floor":15.0,"turns":3.0},{"damage":22.0,"enemies":"downfall:Ironclad","floor":16.0,"turns":7.0},{"damage":0.0,"enemies":"downfall:FleeingMerchant","floor":19.0,"turns":4.0},{"damage":15.0,"enemies":"Gremlin Leader","floor":20.0,"turns":6.0},{"damage":27.0,"enemies":"3 Byrds","floor":21.0,"turns":5.0},{"damage":0.0,"enemies":"Shell Parasite","floor":22.0,"turns":4.0},{"damage":4.0,"enemies":"Book of Stabbing","floor":27.0,"turns":4.0},{"damage":37.0,"enemies":"Cultist and Chosen","floor":29.0,"turns":7.0},{"damage":0.0,"enemies":"3 Cultists","floor":30.0,"turns":5.0},{"damage":0.0,"enemies":"downfall:FleeingMerchant","floor":31.0,"turns":4.0},{"damage":18,"enemies":"Shelled Parasite and Fungi","floor":32,"turns":3}],"seed_played":"3264847995283223374","potions_obtained":[{"floor":2.0,"key":"Regen Potion"},{"floor":9.0,"key":"Block Potion"},{"floor":13.0,"key":"Block Potion"},{"floor":16.0,"key":"Guardian:StasisDiscoveryPotion"},{"floor":21.0,"key":"ColorlessPotion"},{"floor":29.0,"key":"GamblersBrew"}],"is_trial":false,"path_per_floor":["R","M","E","?","E","R","T","$","M","R","?","M","M","$","M","B",null,"R","$","E","M","M","?","T","T","R","E","?","M","M","$","M"],"character_chosen":"GUARDIAN","items_purchased":["Strange Spoon","Guardian:Gem_Purple","Guardian:FuturePlans","Strength Potion","HandDrill","Guardian:AcceleratePotion","Guardian:StasisDiscoveryPotion"],"campfire_rested":1,"item_purchase_floors":[8,8,14,14,19,31,31],"current_hp_per_floor":[88,88,48,48,50,50,50,46,46,46,46,46,46,46,46,24,72,72,72,57,30,30,30,30,30,56,52,52,15,15,15,0,0,0],"gold":472,"neow_bonus":"TEN_PERCENT_HP_BONUS","is_daily":false,"chose_seed":false,"campfire_upgraded":4,"win_rate":0.0,"timestamp":1608582802,"path_taken":["R","M","E","?","E","R","T","$","M","R","?","?","?","$","M","BOSS","R","$","E","M","?","?","T","?","R","E","?","M","M","$","M"],"items_purchased_type":["Relic","Card","Card","Potion","Relic","Potion","Potion"],"build_version":"2020-12-13","purchased_purges":1,"victory":false,"max_hp_per_floor":[88,88,88,88,88,88,88,88,88,88,88,88,88,88,88,88,88,88,88,88,88,88,88,88,88,88,88,88,88,88,88,88,88,88],"relic_stats":{"Strange Spoon":[18],"counters":[19,83],"CeramicFish":54,"HandDrill":[22],"Art of War":[3],"MawBank":48,"obtain_stats":[{"Strange Spoon":8,"CeramicFish":20,"Guardian:ModeShifter":0,"Philosopher\u0027s Stone":17,"The Courier":5,"Bag of Marbles":7,"HandDrill":19,"Art of War":24,"MawBank":27,"FossilizedHelix":3,"Unceasing Top":25},{"Strange Spoon":4,"CeramicFish":12,"Guardian:ModeShifter":0,"Philosopher\u0027s Stone":10,"The Courier":3,"Bag of Marbles":3,"HandDrill":11,"Art of War":14,"MawBank":15,"FossilizedHelix":2,"Unceasing Top":14},{"Strange Spoon":20,"CeramicFish":51,"Guardian:ModeShifter":0,"Philosopher\u0027s Stone":41,"The Courier":16,"Bag of Marbles":16,"HandDrill":45,"Art of War":60,"MawBank":64,"FossilizedHelix":12,"Unceasing Top":60}],"Unceasing Top":[6]},"card_choices":[{"not_picked":["Guardian:ShieldCharger","Guardian:Repulse"],"picked":"Guardian:EvasiveProtocol","floor":2.0},{"not_picked":["Guardian:RollAttack","Guardian:GuardianWhirl"],"picked":"Guardian:DonusPower","floor":3.0},{"not_picked":["Guardian:RollAttack","Guardian:ChargeCore"],"picked":"Guardian:Preprogram","floor":5.0},{"not_picked":["Guardian:Recover","Guardian:Gem_Lightblue"],"picked":"Guardian:PolyBeam","floor":8.0},{"not_picked":["Guardian:PrismaticBarrier","Guardian:BronzeArmor"],"picked":"Guardian:BronzeOrb","floor":9.0},{"not_picked":["Guardian:TemporalShield","Guardian:Recover"],"picked":"Guardian:Reroute","floor":12.0},{"not_picked":["Guardian:Gem_Lightblue","Guardian:CrystalBeam"],"picked":"Guardian:DonusPower","floor":13.0},{"not_picked":["Guardian:Gem_Cyan","Guardian:GuardianWhirl","Guardian:WalkerClaw"],"picked":"SKIP","floor":14.0},{"not_picked":["Guardian:Gem_Red","Guardian:RollAttack"],"picked":"Guardian:Incinerate","floor":15.0},{"not_picked":["Guardian:StasisEngine","Guardian:GatlingBeam"],"picked":"Guardian:RevengeProtocol","floor":16.0},{"not_picked":["Guardian:CrystalBeam","Guardian:Gem_Lightblue","Guardian:ShieldCharger+1"],"picked":"SKIP","floor":19.0},{"not_picked":["Guardian:PiercingHide","Guardian:TimeBomb","Guardian:SentryBeam"],"picked":"SKIP","floor":20.0},{"not_picked":["Guardian:WalkerClaw","Guardian:ChargeCore+1"],"picked":"Guardian:PiercingHide+1","floor":21.0},{"not_picked":["Guardian:GuardianWhirl","Guardian:ShieldCharger"],"picked":"Guardian:Gem_White","floor":22.0},{"not_picked":["Guardian:TimeBomb","Guardian:Recover+1"],"picked":"Guardian:ChargeUp+1","floor":27.0},{"not_picked":["Guardian:MultiBeam+1","Guardian:Recover+1","Guardian:Suspension+1"],"picked":"SKIP","floor":29.0},{"not_picked":["Guardian:Gem_Cyan","Guardian:WalkerClaw","Guardian:MultiBeam+1"],"picked":"SKIP","floor":30.0},{"not_picked":["Guardian:VentSteam","Guardian:Emergency+1"],"picked":"Guardian:GatlingBeam","floor":31.0}],"player_experience":461499,"relics_obtained":[{"floor":3.0,"key":"FossilizedHelix"},{"floor":5.0,"key":"The Courier"},{"floor":7.0,"key":"Bag of Marbles"},{"floor":20.0,"key":"CeramicFish"},{"floor":24.0,"key":"Art of War"},{"floor":25.0,"key":"Unceasing Top"},{"floor":27.0,"key":"MawBank"}],"event_choices":[{"damage_healed":0.0,"max_hp_gain":0.0,"max_hp_loss":0.0,"gold_gain":0.0,"event_name":"Vampires","player_choice":"Ignored","floor":23.0,"gold_loss":0.0,"damage_taken":0.0}],"is_beta":false,"boss_relics":[{"not_picked":["SacredBark","Empty Cage"],"picked":"Philosopher\u0027s Stone"}],"items_purged_floors":[8],"is_endless":false,"potions_floor_spawned":[2,9,13,16,21,29],"killed_by":"Shelled Parasite and Fungi","ascension_level":5}}