{"host":"yn1175etg9ni8l0q","time":1608513261,"event":{"mods":["AchievementEnabler","BaseMod","Colored Map","Colored Powertips","DeckTracker","Minty Spire (QoL Compilation)","Rare Cards Sparkle","Relic Stats","SuperFastMode","Waifu the Spire","everything is the same but u backflip on backflip"],"gold_per_floor":[112,122,122,135,155,188,188,220,220,235,191,223,24,35,35,135,135,155,155,155,155],"floor_reached":20,"playtime":427,"items_purged":["Strike_R"],"score":291,"play_id":"de3da8cd-cc2e-4772-b649-02c7218c6c64","local_time":"20201221101421","is_ascension_mode":true,"campfire_choices":[{"floor":7.0,"key":"REST"},{"floor":15.0,"key":"REST"}],"circlet_count":0,"master_deck":["AscendersBane","Strike_R","Strike_R","Strike_R","Defend_R","Defend_R","Defend_R","Bash","Headbutt","Pummel","Immolate","Ghostly Armor","Ghostly Armor","Shrug It Off","Shockwave","Barricade","Shrug It Off","Anger","Warcry"],"relics":["Black Blood","Bronze Scales","Shovel","Ornamental Fan","Sundial","Darkstone Periapt"],"acts_visited":["Exordium","TheCity"],"potions_floor_usage":[],"damage_taken":[{"damage":9.0,"enemies":"2 Louse","floor":1.0,"turns":2.0},{"damage":9.0,"enemies":"Jaw Worm","floor":2.0,"turns":3.0},{"damage":3.0,"enemies":"Small Slimes","floor":4.0,"turns":4.0},{"damage":27.0,"enemies":"Exordium Thugs","floor":5.0,"turns":5.0},{"damage":32.0,"enemies":"Gremlin Nob","floor":6.0,"turns":4.0},{"damage":41.0,"enemies":"Lagavulin","floor":8.0,"turns":5.0},{"damage":1.0,"enemies":"Looter","floor":10.0,"turns":2.0},{"damage":23.0,"enemies":"Gremlin Nob","floor":12.0,"turns":4.0},{"damage":5.0,"enemies":"Red Slaver","floor":14.0,"turns":3.0},{"damage":31.0,"enemies":"The Guardian","floor":16.0,"turns":11.0},{"damage":42.0,"enemies":"Chosen","floor":18.0,"turns":7.0},{"damage":39,"enemies":"Spheric Guardian","floor":20,"turns":5}],"seed_played":"1800039584114726322","potions_obtained":[{"floor":1.0,"key":"Regen Potion"},{"floor":10.0,"key":"CultistPotion"},{"floor":12.0,"key":"ElixirPotion"},{"floor":14.0,"key":"CultistPotion"},{"floor":18.0,"key":"SteroidPotion"}],"is_trial":false,"path_per_floor":["M","M","?","M","M","E","R","E","T","M","?","E","$","M","R","B",null,"M","?","M"],"character_chosen":"IRONCLAD","items_purchased":["Shrug It Off","Shockwave"],"campfire_rested":2,"item_purchase_floors":[13,13],"current_hp_per_floor":[69,66,66,69,48,22,46,20,20,25,25,8,8,9,33,8,62,32,32,0,0],"gold":155,"neow_bonus":"RANDOM_COMMON_RELIC","is_daily":false,"chose_seed":false,"campfire_upgraded":0,"win_rate":0.0,"timestamp":1608513261,"path_taken":["M","M","?","M","M","E","R","E","T","M","?","E","$","M","R","BOSS","M","?","M"],"items_purchased_type":["Card","Card"],"build_version":"2020-12-13","purchased_purges":1,"victory":false,"max_hp_per_floor":[80,80,80,80,80,80,80,80,80,80,80,80,80,80,80,80,80,80,80,80,80],"relic_stats":{"Darkstone Periapt":0,"Shovel":0,"counters":[12,55],"Ornamental Fan":[24],"Sundial":[4],"Bronze Scales":[111],"Black Blood":72,"obtain_stats":[{"Darkstone Periapt":12,"Shovel":6,"Ornamental Fan":8,"Sundial":9,"Bronze Scales":0,"Black Blood":17,"Burning Blood":0},{"Darkstone Periapt":8,"Shovel":5,"Ornamental Fan":6,"Sundial":6,"Bronze Scales":0,"Black Blood":10,"Burning Blood":0},{"Darkstone Periapt":29,"Shovel":18,"Ornamental Fan":23,"Sundial":23,"Bronze Scales":0,"Black Blood":43,"Burning Blood":0}]},"card_choices":[{"not_picked":["Searing Blow","Clash"],"picked":"Headbutt","floor":1.0},{"not_picked":["Cleave","Heavy Blade","Sword Boomerang"],"picked":"SKIP","floor":2.0},{"not_picked":["Heavy Blade","Sword Boomerang","Cleave"],"picked":"SKIP","floor":4.0},{"not_picked":["Cleave","Havoc"],"picked":"Pummel","floor":5.0},{"not_picked":["Shockwave","Blood for Blood"],"picked":"Immolate","floor":6.0},{"not_picked":["Sword Boomerang","Clothesline"],"picked":"Ghostly Armor","floor":8.0},{"not_picked":["Rupture","Clothesline","Clash"],"picked":"SKIP","floor":10.0},{"not_picked":["Rage","True Grit"],"picked":"Ghostly Armor","floor":12.0},{"not_picked":["Flex","Thunderclap","Feel No Pain"],"picked":"SKIP","floor":14.0},{"not_picked":["Immolate","Double Tap"],"picked":"Barricade","floor":16.0},{"not_picked":["Perfected Strike+1","Combust"],"picked":"Shrug It Off","floor":18.0}],"player_experience":276472,"relics_obtained":[{"floor":6.0,"key":"Shovel"},{"floor":8.0,"key":"Ornamental Fan"},{"floor":9.0,"key":"Sundial"},{"floor":12.0,"key":"Darkstone Periapt"}],"event_choices":[{"damage_healed":0.0,"max_hp_gain":0.0,"max_hp_loss":0.0,"gold_gain":0.0,"event_name":"Liars Game","player_choice":"Ignored","floor":3.0,"gold_loss":0.0,"damage_taken":0.0},{"damage_healed":0.0,"max_hp_gain":0.0,"max_hp_loss":0.0,"gold_gain":0.0,"event_name":"World of Goop","player_choice":"Left Gold","floor":11.0,"gold_loss":44.0,"damage_taken":0.0},{"damage_healed":0.0,"max_hp_gain":0.0,"max_hp_loss":0.0,"gold_gain":0.0,"cards_transformed":["Strike_R","Defend_R"],"event_name":"Drug Dealer","player_choice":"Became Test Subject","floor":19.0,"gold_loss":0.0,"damage_taken":0.0,"cards_obtained":["Anger","Warcry"]}],"is_beta":false,"boss_relics":[{"not_picked":["Ectoplasm","Sozu"],"picked":"Black Blood"}],"items_purged_floors":[13],"is_endless":false,"potions_floor_spawned":[1,10,12,14,18],"killed_by":"Spheric Guardian","ascension_level":10}}