{"host":"zjc1tzo4ovig5lll","time":1608574282,"event":{"mods":["AchievementEnabler","Aspiration","BaseMod","Beaked The Cultist","Better Altar","Better Match","Better Note","Better Sensory Stone","Colored Map","Colored Powertips","Conspire","Energized Spire","Friendly Minions","GifTheSpireLib","Halation","Hermit","Hubris","Minty Spire (QoL Compilation)","Rare Cards Sparkle","Replay The Spire","Spikes Relics","StSLib","Stuff the Spire","The Bug Knight","The Construct","The Jungle","The Servant 0.9.4","everything is the same but u backflip on backflip","vexMod"],"gold_per_floor":[218,70,83,83,98,98,98,108,182,212,212,212,123,140,140,240,240,257,179,179,179,196,196,220,220,220,220,239,256,256,256,256,256,256,256,256],"floor_reached":35,"playtime":1213,"items_purged":[],"score":253,"play_id":"2473f2bc-e952-4d1b-bf01-89f4c7d96353","local_time":"20201221201122","is_ascension_mode":false,"campfire_choices":[{"data":"Defragment","floor":6,"key":"SMITH"},{"floor":12,"key":"REST"},{"data":"Crystallizer","floor":15,"key":"SMITH"},{"floor":23,"key":"RECALL"},{"data":"Echo Form","floor":25,"key":"SMITH"},{"floor":30,"key":"DIG"},{"floor":34,"key":"REST"}],"circlet_count":0,"master_deck":["Strike_B","Strike_B","Strike_B","Strike_B","Defend_B","Defend_B","Defend_B","Defend_B","Zap","Dualcast","Defragment+1","hubris:PowerSurge","StuffTheSpire:Innocence","Crystallizer+1","Coolheaded","hubris:PowerSurge","Conserve Battery","Echo Form+1","RefreshScreen","DiskWipe"],"relics":["Cracked Core","DataDisk","Iron Hammer","Replay:Multitool","WarpedTongs","hubris:AstralHammer","halation:Toothbrush"],"acts_visited":["Exordium","TheCity"],"potions_floor_usage":[],"damage_taken":[{"damage":1,"enemies":"Cultist","floor":1,"turns":3},{"damage":3,"enemies":"Jaw Worm","floor":3,"turns":3},{"damage":0,"enemies":"2 Louse","floor":5,"turns":4},{"damage":6,"enemies":"Large Slime","floor":8,"turns":8},{"damage":33,"enemies":"Gremlin Nob","floor":10,"turns":4},{"damage":0,"enemies":"Blue Slaver","floor":14,"turns":2},{"damage":25,"enemies":"Hexaghost","floor":16,"turns":11},{"damage":0,"enemies":"Chosen","floor":18,"turns":5},{"damage":32,"enemies":"3 Byrds","floor":22,"turns":4},{"damage":15,"enemies":"Snake Plant","floor":28,"turns":4},{"damage":1,"enemies":"Centurion and Healer","floor":29,"turns":15},{"damage":55,"enemies":"conspire:MysteriousRune","floor":35,"turns":9}],"seed_played":"1469758726503682621","potions_obtained":[{"floor":33,"key":"construct:ShiftPotion"},{"floor":33,"key":"EntropicBrew"},{"floor":33,"key":"Toxic Potion"}],"is_trial":false,"path_per_floor":["M","$","M","$","M","R","?","M","T","E","?","R","$","M","R","B",null,"M","$","?","?","M","R","T","R","T","$","M","M","R","PTL","PTL","?","R","B"],"character_chosen":"DEFECT","items_purchased":["DataDisk","hubris:PowerSurge","Conserve Battery","RefreshScreen"],"campfire_rested":2,"item_purchase_floors":[2,13,13,19],"current_hp_per_floor":[74,74,71,71,71,71,64,58,58,25,25,47,47,47,47,22,75,75,75,75,75,43,43,43,43,43,43,28,27,27,27,27,27,49,0,0],"gold":256,"neow_bonus":"HUNDRED_GOLD","is_daily":false,"chose_seed":false,"campfire_upgraded":3,"win_rate":0.0,"timestamp":1608574282,"path_taken":["M","$","M","$","?","R","?","M","T","E","?","R","?","M","R","BOSS","M","$","?","?","M","R","?","R","T","$","?","M","R","PTL","PTL","?","R","BOSS"],"items_purchased_type":["Relic","Card","Card","Card"],"build_version":"2020-12-13","purchased_purges":0,"victory":false,"max_hp_per_floor":[75,75,75,75,75,75,75,75,75,75,75,75,75,75,75,75,75,75,75,75,75,75,75,75,75,75,75,75,75,75,75,75,75,75,75,75],"card_choices":[{"not_picked":["Sweeping Beam","Ball Lightning"],"picked":"Defragment","floor":1},{"not_picked":["Cold Snap","Panic Button"],"picked":"hubris:PowerSurge","floor":3},{"not_picked":["Turbo","Streamline","Sweeping Beam"],"picked":"SKIP","floor":5},{"not_picked":["Rebound","Leap"],"picked":"Crystallizer","floor":8},{"not_picked":["Hologram","Steam"],"picked":"Coolheaded","floor":10},{"not_picked":["Barrage","Coolheaded","Rebound"],"picked":"SKIP","floor":14},{"not_picked":["Reboot","Multi-Cast"],"picked":"Echo Form","floor":16},{"not_picked":["Go for the Eyes","Leap","StuffTheSpire:LoadUp"],"picked":"SKIP","floor":18},{"not_picked":["White Noise","Leap"],"picked":"DiskWipe","floor":22},{"not_picked":["Steam","Compile Driver","StuffTheSpire:NuclearReactor+1"],"picked":"SKIP","floor":28},{"not_picked":["ReplayTheSpireMod:Reroute Power","Lockon","StuffTheSpire:LoadUp+1"],"picked":"SKIP","floor":29}],"player_experience":568943,"relics_obtained":[{"floor":9,"key":"Iron Hammer"},{"floor":10,"key":"Replay:Multitool"},{"floor":26,"key":"hubris:AstralHammer"},{"floor":30,"key":"halation:Toothbrush"}],"event_choices":[{"damage_healed":0,"gold_gain":0,"player_choice":"Searched \u00271\u0027 times","damage_taken":0,"max_hp_gain":0,"max_hp_loss":0,"event_name":"Dead Adventurer","floor":11,"gold_loss":0},{"damage_healed":0,"gold_gain":0,"player_choice":"Rummage","damage_taken":0,"relics_obtained":["WarpedTongs"],"max_hp_gain":0,"max_hp_loss":0,"event_name":"Accursed Blacksmith","floor":20,"gold_loss":0,"cards_obtained":["Pain"]},{"cards_removed":["Pain"],"damage_healed":0,"gold_gain":0,"player_choice":"Removed Curses","damage_taken":0,"max_hp_gain":0,"max_hp_loss":0,"event_name":"Fountain of Cleansing","floor":21,"gold_loss":0},{"damage_healed":0,"gold_gain":0,"player_choice":"Got Potions","damage_taken":0,"max_hp_gain":0,"max_hp_loss":0,"event_name":"Lab","floor":33,"gold_loss":0}],"is_beta":false,"boss_relics":[{"not_picked":["hubris:BlackHole","Honey Jar","halation:PlatinumPhoenix"]}],"items_purged_floors":[],"is_endless":false,"potions_floor_spawned":[5,8,18],"killed_by":"conspire:MysteriousRune","ascension_level":0}}