{"host":"qwttrqaysb380yri","time":1608565687,"event":{"mods":["BaseMod","Custom Start","Minty Spire (QoL Compilation)","Permanent Neow","Puzzle Mod","Relic Stats","StSLib","The Cursed","The Hierophant"],"gold_per_floor":[210,225,224,189,189,189,204,204,204,201,223,145,163,176,176,253,253,232,254,254,144,171,197,197,245,245,249,249,127,123,103,103],"floor_reached":31,"playtime":898,"items_purged":["hierophant:WrathOfGod+1"],"score":490,"play_id":"9b74b873-4786-4670-877a-fc62ac5beced","local_time":"20201221164807","is_ascension_mode":true,"campfire_choices":[{"data":"hierophant:ChurchCoffers","floor":6,"key":"SMITH"},{"floor":8,"key":"REST"},{"data":"hierophant:Purify","floor":15,"key":"SMITH"},{"floor":24,"key":"REST"},{"data":"hierophant:Exaltation","floor":28,"key":"SMITH"}],"circlet_count":0,"master_deck":["AscendersBane","hierophant:Strike_Hierophant","hierophant:Strike_Hierophant","hierophant:Strike_Hierophant","hierophant:Defend_Hierophant","hierophant:Defend_Hierophant","hierophant:ChurchCoffers+1","hierophant:TollTheBells","hierophant:OrnateBuckler","hierophant:RepressedViolence+1","hierophant:Sermon+1","hierophant:DivineIntervention","hierophant:PassingBell","hierophant:Purify+1","hierophant:HolyVerse","hierophant:ThreeLashes","hierophant:FlamingChariot","hierophant:Cornucopia+1","hierophant:FaithHealing+1","hierophant:HolyVerse+1","hierophant:ThreeLashes","hierophant:OrnateBuckler+1","RitualDagger","hierophant:Doubloon","hierophant:CoinFling+1","hierophant:ThreeLashes","hierophant:Exaltation+1","hierophant:Smite","hierophant:OrnateBuckler"],"relics":["hierophant:PropheticMaskRelic","White Beast Statue","StrikeDummy","Shuriken","Astrolabe","FossilizedHelix","Pantograph","War Paint"],"acts_visited":["Exordium","TheCity"],"potions_floor_usage":[7,7,16,16,22,22,22,30,31],"damage_taken":[{"damage":0,"enemies":"Small Slimes","floor":1,"turns":3},{"damage":1,"enemies":"2 Louse","floor":2,"turns":3},{"damage":7,"enemies":"Jaw Worm","floor":3,"turns":3},{"damage":42,"enemies":"Gremlin Nob","floor":7,"turns":4},{"damage":17,"enemies":"Lagavulin","floor":10,"turns":6},{"damage":0,"enemies":"3 Louse","floor":11,"turns":2},{"damage":0,"enemies":"Lots of Slimes","floor":13,"turns":1},{"damage":0,"enemies":"Exordium Thugs","floor":14,"turns":2},{"damage":5,"enemies":"Slime Boss","floor":16,"turns":6},{"damage":22,"enemies":"Shell Parasite","floor":18,"turns":2},{"damage":12,"enemies":"3 Byrds","floor":19,"turns":2},{"damage":9,"enemies":"Centurion and Healer","floor":22,"turns":3},{"damage":0,"enemies":"Gremlin Leader","floor":23,"turns":5},{"damage":0,"enemies":"Sentry and Sphere","floor":25,"turns":3},{"damage":14,"enemies":"Slavers","floor":27,"turns":4},{"damage":23,"enemies":"Book of Stabbing","floor":30,"turns":3},{"damage":0,"enemies":"Snake Plant","floor":31,"turns":2}],"seed_played":"-8699202709245561382","potions_obtained":[{"floor":1,"key":"Dexterity Potion"},{"floor":2,"key":"LiquidMemories"},{"floor":3,"key":"LiquidMemories"},{"floor":10,"key":"Regen Potion"},{"floor":11,"key":"EssenceOfSteel"},{"floor":13,"key":"LiquidMemories"},{"floor":16,"key":"AttackPotion"},{"floor":18,"key":"SkillPotion"},{"floor":22,"key":"Fruit Juice"},{"floor":23,"key":"SmokeBomb"},{"floor":25,"key":"Energy Potion"},{"floor":27,"key":"Fire Potion"}],"is_trial":false,"path_per_floor":["M","M","M","?","?","R","E","R","T","E","M","$","M","M","R","B",null,"M","M","?","?","M","E","R","M","T","E","R","$","E","M"],"character_chosen":"HIEROPHANT","items_purchased":["hierophant:Purify","hierophant:HolyVerse","hierophant:OrnateBuckler"],"campfire_rested":2,"item_purchase_floors":[12,12,29],"current_hp_per_floor":[68,67,60,75,75,75,33,55,55,38,38,38,38,38,38,48,68,46,34,28,28,24,24,48,48,48,34,34,34,11,11,11],"gold":103,"neow_bonus":"HUNDRED_GOLD","is_daily":false,"chose_seed":false,"campfire_upgraded":3,"win_rate":0.0,"timestamp":1608565687,"path_taken":["M","M","M","?","?","R","E","R","T","E","M","$","M","M","R","BOSS","M","M","?","?","?","E","R","M","T","E","R","$","E","M"],"items_purchased_type":["Card","Card","Card"],"build_version":"2020-12-13","purchased_purges":1,"victory":false,"max_hp_per_floor":[75,75,75,75,75,75,75,75,75,75,75,75,75,75,75,75,75,75,75,75,75,80,80,80,80,80,80,80,80,80,80,80],"relic_stats":{"counters":[17,54],"Shuriken":[13],"Astrolabe":["hierophant:WrathOfGod","hierophant:FaithHealing","hierophant:HolyVerse"],"Pantograph":0,"War Paint":["hierophant:Cornucopia","hierophant:Sermon"],"obtain_stats":[{"Shuriken":10,"hierophant:PropheticMaskRelic":0,"Astrolabe":17,"Pantograph":26,"War Paint":27,"StrikeDummy":9,"White Beast Statue":7,"FossilizedHelix":23},{"Shuriken":5,"hierophant:PropheticMaskRelic":0,"Astrolabe":9,"Pantograph":14,"War Paint":15,"StrikeDummy":4,"White Beast Statue":4,"FossilizedHelix":13},{"Shuriken":19,"hierophant:PropheticMaskRelic":0,"Astrolabe":30,"Pantograph":45,"War Paint":49,"StrikeDummy":13,"White Beast Statue":13,"FossilizedHelix":42}]},"card_choices":[{"not_picked":["hierophant:Blessing","hierophant:AuricBeam"],"picked":"hierophant:TollTheBells","floor":1},{"not_picked":["hierophant:AuricBeam","hierophant:Encroach"],"picked":"hierophant:OrnateBuckler","floor":2},{"not_picked":["hierophant:AuricBeam","hierophant:SealAway"],"picked":"hierophant:RepressedViolence","floor":3},{"not_picked":["hierophant:RustyCrate","hierophant:Anathema"],"picked":"hierophant:Sermon","floor":7},{"not_picked":["hierophant:Blessing","hierophant:OrnateJavelin"],"picked":"hierophant:DivineIntervention","floor":10},{"not_picked":["hierophant:RepressedViolence","hierophant:OrnateBuckler"],"picked":"hierophant:PassingBell","floor":11},{"not_picked":["hierophant:Sermon","hierophant:OrnateBuckler"],"picked":"hierophant:ThreeLashes","floor":13},{"not_picked":["hierophant:TollTheBells","hierophant:Charity"],"picked":"hierophant:FlamingChariot","floor":14},{"not_picked":["hierophant:Invocation","hierophant:MintersHammer"],"picked":"hierophant:Cornucopia","floor":16},{"not_picked":["hierophant:PassingBell","hierophant:Shelter+1"],"picked":"hierophant:ThreeLashes","floor":18},{"not_picked":["hierophant:Patience","hierophant:HammerAndAnvil"],"picked":"hierophant:OrnateBuckler","floor":19},{"not_picked":["hierophant:PassingBell","hierophant:Doomsaying"],"picked":"hierophant:CoinFling+1","floor":22},{"not_picked":["hierophant:Chorus","hierophant:OrnateJavelin"],"picked":"hierophant:ThreeLashes","floor":23},{"not_picked":["hierophant:Purify","hierophant:Blessing"],"picked":"hierophant:Exaltation","floor":25},{"not_picked":["hierophant:PassingBell","hierophant:Encroach"],"picked":"hierophant:Smite","floor":27}],"player_experience":1921122,"relics_obtained":[{"floor":7,"key":"White Beast Statue"},{"floor":9,"key":"StrikeDummy"},{"floor":10,"key":"Shuriken"},{"floor":23,"key":"FossilizedHelix"},{"floor":26,"key":"Pantograph"},{"floor":27,"key":"War Paint"}],"event_choices":[{"damage_healed":18,"gold_gain":0,"player_choice":"Healed","damage_taken":0,"max_hp_gain":0,"max_hp_loss":0,"event_name":"The Cleric","floor":4,"gold_loss":35},{"damage_healed":0,"gold_gain":0,"player_choice":"Grow","damage_taken":0,"max_hp_gain":0,"max_hp_loss":0,"event_name":"Living Wall","floor":5,"gold_loss":0,"cards_upgraded":["hierophant:RepressedViolence"]},{"damage_healed":0,"gold_gain":0,"player_choice":"Joined the Cult","damage_taken":6,"max_hp_gain":0,"max_hp_loss":0,"event_name":"Nest","floor":20,"gold_loss":0,"cards_obtained":["RitualDagger"]},{"cards_removed":["hierophant:Strike_Hierophant"],"damage_healed":0,"gold_gain":0,"player_choice":"Upgrade and Remove","damage_taken":0,"max_hp_gain":0,"max_hp_loss":0,"event_name":"Designer","floor":21,"gold_loss":110,"cards_upgraded":["hierophant:OrnateBuckler"]}],"is_beta":false,"boss_relics":[{"not_picked":["Fusion Hammer","Snecko Eye"],"picked":"Astrolabe"}],"items_purged_floors":[29],"is_endless":false,"potions_floor_spawned":[1,2,3,10,11,13,14,16,18,19,22,23,25,27,30],"killed_by":"Snake Plant","ascension_level":15}}