{"host":"kh4wzxwh3q3yppxp","time":1608510907,"event":{"mods":["AchievementEnabler","BaseMod","Colored Map","DeckTracker","Minty Spire (QoL Compilation)","Quick Restart","StSLib"],"gold_per_floor":[116,126,51,64,139,139,139,208,255,155,178,192,67,92,92,92,92],"floor_reached":16,"playtime":433,"items_purged":["Defend_G","Defend_G","Strike_G"],"score":92,"play_id":"794a9824-0573-4eea-aeb8-1f83be812163","local_time":"20201221023507","is_ascension_mode":false,"campfire_choices":[{"data":"Neutralize","floor":6,"key":"SMITH"},{"floor":15,"key":"REST"}],"circlet_count":0,"master_deck":["Strike_G","Strike_G","Strike_G","Strike_G","Defend_G","Defend_G","Defend_G","Survivor","Neutralize+1"],"relics":["Ring of the Snake","Regal Pillow","Golden Idol","Vajra","Lantern"],"acts_visited":["Exordium"],"potions_floor_usage":[8,8],"damage_taken":[{"damage":2,"enemies":"Cultist","floor":1,"turns":4},{"damage":7,"enemies":"2 Louse","floor":2,"turns":3},{"damage":0,"enemies":"Jaw Worm","floor":4,"turns":4},{"damage":25,"enemies":"Lagavulin Event","floor":8,"turns":7},{"damage":0,"enemies":"Looter","floor":11,"turns":2},{"damage":1,"enemies":"Blue Slaver","floor":12,"turns":2},{"damage":5,"enemies":"Exordium Thugs","floor":14,"turns":5},{"damage":46,"enemies":"Slime Boss","floor":16,"turns":11}],"seed_played":"944059792599794213","potions_obtained":[{"floor":1,"key":"Weak Potion"},{"floor":4,"key":"BlessingOfTheForge"},{"floor":8,"key":"LiquidBronze"}],"is_trial":false,"path_per_floor":["M","M","$","M","?","R","?","?","T","$","M","M","$","M","R","B"],"character_chosen":"THE_SILENT","items_purchased":[],"campfire_rested":1,"item_purchase_floors":[],"current_hp_per_floor":[68,61,61,61,50,50,33,8,8,8,8,7,7,2,38,0,0],"gold":92,"neow_bonus":"RANDOM_COMMON_RELIC","is_daily":false,"chose_seed":false,"campfire_upgraded":1,"win_rate":0.0,"timestamp":1608510907,"path_taken":["M","?","$","M","?","R","?","?","T","?","M","?","$","M","R","BOSS"],"items_purchased_type":[],"build_version":"2020-12-13","purchased_purges":3,"victory":false,"max_hp_per_floor":[70,70,70,70,70,70,70,70,70,70,70,70,70,70,70,70,70],"card_choices":[{"not_picked":["Crippling Poison","Quick Slash","Choke"],"picked":"SKIP","floor":1},{"not_picked":["Outmaneuver","Poisoned Stab","Dagger Spray"],"picked":"SKIP","floor":2},{"not_picked":["Dagger Spray","Bouncing Flask","Dagger Throw"],"picked":"SKIP","floor":4},{"not_picked":["Deadly Poison","Sucker Punch","Reflex"],"picked":"SKIP","floor":11},{"not_picked":["Dagger Throw","Deadly Poison","Dagger Spray"],"picked":"SKIP","floor":12},{"not_picked":["Dagger Spray","Slice","Corpse Explosion"],"picked":"SKIP","floor":14}],"player_experience":691829,"relics_obtained":[{"floor":8,"key":"Vajra"},{"floor":9,"key":"Lantern"}],"event_choices":[{"damage_healed":0,"gold_gain":75,"player_choice":"Gather Gold","damage_taken":11,"max_hp_gain":0,"max_hp_loss":0,"event_name":"World of Goop","floor":5,"gold_loss":0},{"damage_healed":0,"gold_gain":0,"player_choice":"Take Damage","damage_taken":17,"relics_obtained":["Golden Idol"],"max_hp_gain":0,"max_hp_loss":0,"event_name":"Golden Idol","floor":7,"gold_loss":0},{"damage_healed":0,"gold_gain":0,"player_choice":"Searched \u00271\u0027 times","damage_taken":0,"max_hp_gain":0,"max_hp_loss":0,"event_name":"Dead Adventurer","floor":8,"gold_loss":0}],"is_beta":false,"boss_relics":[],"items_purged_floors":[3,10,13],"is_endless":false,"potions_floor_spawned":[1,4,8],"killed_by":"Slime Boss","ascension_level":0}}