{"host":"kjmsjq3kpb3v9rdj","time":1608524889,"event":{"mods":["AchievementEnabler","Aspiration","BaseMod","Better Altar","Better Match","Better Note","Better Sensory Stone","Better Skull","Better Third Choice","BetterRewards","CCEM","Conspire","Friendly Minions","GifTheSpireLib","Hubris","Infinite Spire","Ironclad Rager","Minty Spire (QoL Compilation)","Permanent Neow","Quick Restart","Replay The Spire","Shop Mod","Spicy Shops","Spikes Relics","StSLib","Stuff the Spire","Synergy Search","The Alterego","The Blue Laboratory","The Gatherer","Trackpad","Unceasing Turn Reminder","vexMod"],"gold_per_floor":[14,30,46,46,46,46,74,93,93,113,113,127,127,142,142,238,338,350,350,363,383,383,383,417,417,417],"floor_reached":25,"playtime":2444,"items_purged":["conspire:Blindness"],"score":259,"play_id":"67c03853-a74c-47b1-96ee-ba7bbaab2a99","local_time":"20201220202809","is_ascension_mode":true,"campfire_choices":[{"floor":6,"key":"REST"},{"floor":11,"key":"REST"},{"data":"infinitespire:OneForAll","floor":15,"key":"SMITH"},{"data":"hubris:InfiniteBlow","floor":23,"key":"SMITH"}],"circlet_count":0,"master_deck":["Bash","Twin Strike","Twin Strike","Twin Strike","Twin Strike","Twin Strike","Iron Wave","Iron Wave","Iron Wave","Iron Wave","Run Through","Pummel","StuffTheSpire:Incineration","conspire:Charge","Thunderclap","infinitespire:OneForAll+1","Exhume","Shrug It Off+1","hubris:InfiniteBlow+1","Twin Strike+1"],"relics":["Burning Blood","Lantern","CCEMRelics:Barrel","Ancient Tea Set","Replay:Wanted Poster","Membership Card","hubris:ScarierMask","Bag of Preparation"],"acts_visited":["Exordium","TheCity"],"potions_floor_usage":[16,16,16,21,24],"damage_taken":[{"damage":6,"enemies":"Cultist","floor":1,"turns":3},{"damage":0,"enemies":"Small Slimes","floor":2,"turns":3},{"damage":28,"enemies":"infinitespire:Voidling","floor":3,"turns":3},{"damage":17,"enemies":"Gremlin Nob","floor":7,"turns":4},{"damage":11,"enemies":"Looter","floor":8,"turns":2},{"damage":4,"enemies":"Large Slime","floor":10,"turns":5},{"damage":0,"enemies":"3 Louse","floor":12,"turns":2},{"damage":6,"enemies":"Looter","floor":14,"turns":2},{"damage":39,"enemies":"The Guardian","floor":16,"turns":8},{"damage":29,"enemies":"2 Thieves","floor":18,"turns":4},{"damage":1,"enemies":"conspire:FuzzyDice","floor":20,"turns":2},{"damage":18,"enemies":"conspire:HollyBat","floor":21,"turns":6},{"damage":41,"enemies":"conspire:Head Lice","floor":24,"turns":3},{"damage":9,"enemies":"Centurion and Healer","floor":25,"turns":1}],"seed_played":"-6154289218487983164","potions_obtained":[{"floor":7,"key":"blueLaboratory:PhilterOfMotion"},{"floor":8,"key":"blueLaboratory:IronCompound"},{"floor":10,"key":"blueLaboratory:FrostheartPotion"},{"floor":18,"key":"Energy Potion"},{"floor":21,"key":"Languid Potion"}],"is_trial":false,"path_per_floor":["M","M","M","$","?","R","E","M","T","M","R","M","?","M","R","B",null,"M","AVR","M","M","?","R","E","M"],"character_chosen":"IRONCLAD","items_purchased":["Lantern","CCEMRelics:Barrel"],"campfire_rested":2,"item_purchase_floors":[4,4],"current_hp_per_floor":[51,57,35,10,10,31,28,23,23,25,46,52,52,52,52,19,72,49,49,54,42,42,42,7,0,0],"gold":417,"neow_bonus":"IRONCLAD_BERSERKER","is_daily":false,"chose_seed":false,"campfire_upgraded":2,"win_rate":0.0,"timestamp":1608524889,"path_taken":["M","M","M","?","?","R","E","M","T","?","R","M","?","M","R","BOSS","M","AVR","M","M","?","R","E","M"],"items_purchased_type":["Relic","Relic"],"build_version":"2020-12-13","purchased_purges":1,"victory":false,"max_hp_per_floor":[72,72,72,72,72,72,72,72,72,72,72,72,72,72,72,72,72,72,72,72,72,72,72,72,72,72],"card_choices":[{"not_picked":["Body Slam","Replay:Undeath\u0027s Touch"],"picked":"hubris:SharpeningStone","floor":1},{"not_picked":["hubris:ReadiedAction","conspire:Charge"],"picked":"Run Through","floor":2},{"not_picked":["Pommel Strike","Carnage"],"picked":"Pummel","floor":3},{"not_picked":["StuffTheSpire:TitanForm","Entrench","Disarm"],"picked":"SKIP","floor":7},{"not_picked":["Rampage","StuffTheSpire:RockThrow"],"picked":"StuffTheSpire:Incineration","floor":8},{"not_picked":["StuffTheSpire:RockThrow","hubris:ReadiedAction","StuffTheSpire:Slingshot"],"picked":"SKIP","floor":10},{"not_picked":["Body Slam","StuffTheSpire:Slingshot"],"picked":"conspire:Charge","floor":12},{"not_picked":["ReplayTheSpireMod:Corrosion Curse","Headbutt"],"picked":"infinitespire:OneForAll","floor":14},{"not_picked":["Feed","Demon Form"],"picked":"Exhume","floor":16},{"not_picked":["Clothesline","Power Through"],"picked":"Shrug It Off+1","floor":18},{"not_picked":["Run Through","Cleave","Iron Wave+1"],"picked":"SKIP","floor":20},{"not_picked":["Perfected Strike","Wild Strike"],"picked":"Twin Strike+1","floor":21},{"not_picked":["Cleave","Anger","Thunderclap"],"picked":"SKIP","floor":24}],"player_experience":475388,"relics_obtained":[{"floor":7,"key":"Ancient Tea Set"},{"floor":24,"key":"Bag of Preparation"}],"event_choices":[{"damage_healed":0,"gold_gain":0,"player_choice":"Ignored","damage_taken":0,"max_hp_gain":0,"max_hp_loss":0,"event_name":"betterNote:BetterNote","floor":5,"gold_loss":0,"cards_obtained":["Dark Shackles"]},{"damage_healed":0,"gold_gain":0,"cards_transformed":["hubris:SharpeningStone"],"player_choice":"Change","damage_taken":0,"max_hp_gain":0,"max_hp_loss":0,"event_name":"Living Wall","floor":13,"gold_loss":0,"cards_obtained":["Thunderclap"]},{"damage_healed":0,"gold_gain":0,"player_choice":"Ignored","damage_taken":0,"max_hp_gain":0,"max_hp_loss":0,"event_name":"Vampires","floor":22,"gold_loss":0}],"is_beta":false,"boss_relics":[{"not_picked":["StuffTheSpire:Kangaroo","vexMod:FluxCapacitor"],"picked":"Replay:Wanted Poster"}],"items_purged_floors":[4],"is_endless":false,"potions_floor_spawned":[7,8,10,12,18,21],"killed_by":"Centurion and Healer","ascension_level":3}}