{"host":"cbnfbo28eyz4xcn1","time":1608588132,"event":{"mods":["BaseMod","Colored Map","Colored Powertips","Infinite Spire","Minty Spire (QoL Compilation)","Replay The Spire","StSLib"],"gold_per_floor":[215,215,231,245,255,255,285,300,300,330,43,43,43,43,43,139,139,158,173,113,130,130,130,130,162,189,215,231,265,283,295,295,396,396,407,419,40,55,55,55,81,81,81,81,97,107,2,12,12,12],"floor_reached":51,"playtime":2047,"items_purged":[],"score":1161,"play_id":"d94308af-6eff-41f9-acf6-deccb4998095","local_time":"20201221230212","is_ascension_mode":true,"campfire_choices":[{"floor":6.0,"key":"REST"},{"data":"Replay:Many Hands","floor":12.0,"key":"SMITH"},{"floor":15.0,"key":"REST"},{"data":"True Grit","floor":23.0,"key":"SMITH"},{"floor":32.0,"key":"REST"},{"data":"Berserk","floor":42,"key":"SMITH"},{"data":"Flex","floor":44,"key":"SMITH"},{"data":"Flame Barrier","floor":49,"key":"SMITH"}],"circlet_count":0,"master_deck":["AscendersBane","Strike_R","Strike_R","Strike_R","Strike_R","Strike_R","Defend_R","Defend_R","Defend_R","Defend_R","Bash","Cleave","Cleave","Run Through","Anger","Replay:Many Hands+1","Run Through","Twin Strike+1","Double Tap","Bludgeon","Pommel Strike","Intimidate+1","True Grit+1","Berserk+1","Impervious","Flex+1","Flame Barrier","Intimidate+1","Heavy Blade","Impervious","Armaments+1","Wild Strike+1","ReplayTheSpireMod:Stacked","Shrug It Off","Battle Trance+1","Pommel Strike+1","Flame Barrier+1","Inflame","Juggernaut","Juggernaut","ReplayTheSpireMod:IOU","Twin Strike","Twin Strike+1"],"relics":["Burning Blood","Divine Protection","Lizard Tail","infinitespire:Joker Card","Ornamental Fan","infinitespire:EmpoweringShard","SacredBark","Mark of Pain","MutagenicStrength","Shuriken","Replay:Bottled Snecko","Replay:Wax Seal","ChewingGum","infinitespire:Broken Mirror","King of Hearts","Charon\u0027s Ashes"],"acts_visited":["Exordium","TheCity","TheBeyond"],"potions_floor_usage":[50,50,50],"damage_taken":[{"damage":16.0,"enemies":"Small Slimes","floor":1.0,"turns":6.0},{"damage":0.0,"enemies":"2 Louse","floor":3.0,"turns":2.0},{"damage":0.0,"enemies":"Cultist","floor":4.0,"turns":3.0},{"damage":17.0,"enemies":"Large Slime","floor":5.0,"turns":6.0},{"damage":17.0,"enemies":"Gremlin Nob","floor":7.0,"turns":4.0},{"damage":4.0,"enemies":"Blue Slaver","floor":8.0,"turns":3.0},{"damage":27.0,"enemies":"3 Sentries","floor":10.0,"turns":6.0},{"damage":39.0,"enemies":"The Guardian","floor":16.0,"turns":7.0},{"damage":0.0,"enemies":"Spheric Guardian","floor":18.0,"turns":3.0},{"damage":0.0,"enemies":"3 Byrds","floor":19.0,"turns":4.0},{"damage":15.0,"enemies":"Snake Plant","floor":21.0,"turns":3.0},{"damage":23.0,"enemies":"Book of Stabbing","floor":25.0,"turns":4.0},{"damage":13.0,"enemies":"Slavers","floor":27.0,"turns":3.0},{"damage":0.0,"enemies":"3 Cultists","floor":28.0,"turns":4.0},{"damage":60.0,"enemies":"Gremlin Leader","floor":29.0,"turns":4.0},{"damage":0.0,"enemies":"Chosen and Byrds","floor":30.0,"turns":3.0},{"damage":1.0,"enemies":"Snecko","floor":31.0,"turns":3.0},{"damage":22.0,"enemies":"Automaton","floor":33.0,"turns":6.0},{"damage":2.0,"enemies":"Orb Walker","floor":35.0,"turns":3.0},{"damage":0.0,"enemies":"3 Shapes","floor":36.0,"turns":2.0},{"damage":0.0,"enemies":"Sphere and 2 Shapes","floor":38.0,"turns":3.0},{"damage":0,"enemies":"Giant Head","floor":41,"turns":5},{"damage":11,"enemies":"4 Shapes","floor":45,"turns":4},{"damage":0,"enemies":"Writhing Mass","floor":46,"turns":4},{"damage":0,"enemies":"Transient","floor":48,"turns":5},{"damage":90,"enemies":"infinitespire:MassOfShapes","floor":50,"turns":8}],"seed_played":"-3498810570125854208","potions_obtained":[{"floor":1.0,"key":"EssenceOfSteel"},{"floor":4.0,"key":"GamblersBrew"},{"floor":8.0,"key":"Regen Potion"},{"floor":16.0,"key":"Weak Potion"},{"floor":19.0,"key":"Fruit Juice"},{"floor":21.0,"key":"SkillPotion"},{"floor":25.0,"key":"BloodPotion"},{"floor":29.0,"key":"Swift Potion"},{"floor":31.0,"key":"SkillPotion"},{"floor":35.0,"key":"Explosive Potion"},{"floor":38.0,"key":"Block Potion"},{"floor":48,"key":"Ancient Potion"}],"is_trial":false,"path_per_floor":["M","?","M","M","M","R","E","M","T","E","$","R","$","?","R","B",null,"M","M","?","M","AVR","R","?","E","T","E","M","E","M","M","R","B",null,"M","M","$","M","?","?","E","R","T","R","M","M","$","M","R","B",null],"character_chosen":"IRONCLAD","items_purchased":["infinitespire:EmpoweringShard","Twin Strike+1","infinitespire:Broken Mirror","ReplayTheSpireMod:Stacked","Shrug It Off","Juggernaut","Twin Strike","BloodPotion"],"campfire_rested":3,"item_purchase_floors":[11,11,37,37,37,47,47,47],"current_hp_per_floor":[62,44,50,56,45,69,58,60,60,39,39,39,39,39,63,45,71,77,90,90,81,81,81,81,64,64,57,63,38,44,49,76,60,83,87,90,90,90,90,90,90,90,90,90,85,90,90,90,90,42],"gold":12,"neow_bonus":"HUNDRED_GOLD","is_daily":false,"chose_seed":false,"campfire_upgraded":5,"win_rate":0.0,"timestamp":1608588132,"path_taken":["M","?","M","M","M","R","E","M","T","E","$","R","$","?","R","BOSS","M","?","?","M","AVR","R","?","E","T","E","M","E","M","M","R","BOSS","M","M","$","M","?","?","E","R","T","R","M","M","?","M","R","BOSS"],"items_purchased_type":["Relic","Card","Relic","Card","Card","Card","Card","Potion"],"build_version":"2020-12-13","purchased_purges":0,"victory":true,"max_hp_per_floor":[80,80,80,80,80,80,80,80,80,80,80,80,80,80,80,80,80,80,90,90,90,90,90,90,90,90,90,90,90,90,90,90,90,90,90,90,90,90,90,90,90,90,90,90,90,90,90,90,90,90],"card_choices":[{"not_picked":["Clash","Perfected Strike"],"picked":"Cleave","floor":1.0},{"not_picked":["Burning Pact","Juggernaut"],"picked":"Cleave","floor":3.0},{"not_picked":["Armaments","Havoc"],"picked":"Run Through","floor":4.0},{"not_picked":["Run Through","Thunderclap"],"picked":"ReplayTheSpireMod:Muscle Training","floor":5.0},{"not_picked":["Body Slam","Sentinel"],"picked":"Anger","floor":7.0},{"not_picked":["Flex","Pommel Strike"],"picked":"Replay:Many Hands","floor":8.0},{"not_picked":["Uppercut","Clothesline"],"picked":"Run Through","floor":10.0},{"not_picked":["Offering","Demonic Infusion"],"picked":"Bludgeon","floor":16.0},{"not_picked":["ReplayTheSpireMod:Strike From Hell","Sword Boomerang"],"picked":"Pommel Strike","floor":18.0},{"not_picked":["Evolve","Second Wind+1"],"picked":"Intimidate+1","floor":19.0},{"not_picked":["Headbutt","infinitespire:OneForAll+1"],"picked":"True Grit","floor":21.0},{"not_picked":["Shockwave","Shrug It Off+1"],"picked":"Berserk","floor":25.0},{"not_picked":["Run Through","ReplayTheSpireMod:LeadingStrike"],"picked":"Impervious","floor":27.0},{"not_picked":["Anger","Uppercut+1"],"picked":"Flex","floor":28.0},{"not_picked":["Impervious","Spot Weakness"],"picked":"Flame Barrier","floor":29.0},{"not_picked":["ReplayTheSpireMod:Strike From Hell","Abandon"],"picked":"Intimidate+1","floor":30.0},{"not_picked":["Twin Strike","Pommel Strike"],"picked":"Heavy Blade","floor":31.0},{"not_picked":["Limit Break","Fiend Fire"],"picked":"Impervious","floor":33.0},{"not_picked":["Sword Boomerang","Dark Embrace+1"],"picked":"Armaments+1","floor":35.0},{"not_picked":["ReplayTheSpireMod:Corrosion Curse","True Grit"],"picked":"Wild Strike+1","floor":36.0},{"not_picked":["True Grit","Burning Pact+1"],"picked":"Battle Trance+1","floor":38.0},{"not_picked":["Body Slam","ReplayTheSpireMod:Strike From Hell+1"],"picked":"Pommel Strike+1","floor":41},{"not_picked":["Cleave","Rage"],"picked":"Flame Barrier","floor":45},{"not_picked":["Heavy Blade+1","Shockwave"],"picked":"Inflame","floor":46},{"not_picked":["Sword Boomerang+1","Abandon"],"picked":"Twin Strike+1","floor":48}],"player_experience":444424,"relics_obtained":[{"floor":7.0,"key":"Lizard Tail"},{"floor":9.0,"key":"infinitespire:Joker Card"},{"floor":10.0,"key":"Ornamental Fan"},{"floor":25.0,"key":"Shuriken"},{"floor":27.0,"key":"Replay:Bottled Snecko"},{"floor":29.0,"key":"Replay:Wax Seal"},{"floor":41,"key":"King of Hearts"},{"floor":43,"key":"Charon\u0027s Ashes"}],"event_choices":[{"damage_healed":0.0,"max_hp_gain":0.0,"max_hp_loss":0.0,"gold_gain":0.0,"event_name":"Scrap Ooze","player_choice":"Success","floor":2.0,"gold_loss":0.0,"damage_taken":18.0,"relics_obtained":["Divine Protection"]},{"damage_healed":0.0,"max_hp_gain":0.0,"max_hp_loss":0.0,"gold_gain":0.0,"event_name":"Match and Keep!","player_choice":"1 cards matched","floor":14.0,"gold_loss":0.0,"damage_taken":0.0,"cards_obtained":["Double Tap"]},{"damage_healed":0.0,"max_hp_gain":0.0,"max_hp_loss":0.0,"gold_gain":0.0,"event_name":"Drug Dealer","player_choice":"Inject Mutagens","floor":24.0,"gold_loss":0.0,"damage_taken":0.0,"relics_obtained":["MutagenicStrength"]},{"cards_removed":["ReplayTheSpireMod:Muscle Training"],"damage_healed":0,"gold_gain":0,"player_choice":"Removed Skill","damage_taken":0,"max_hp_gain":0,"max_hp_loss":0,"event_name":"Falling","floor":40,"gold_loss":0}],"is_beta":false,"boss_relics":[{"not_picked":["ReplayTheSpireMod:SealedPack","Fusion Hammer"],"picked":"SacredBark"},{"not_picked":["Sozu","Busted Crown"],"picked":"ChewingGum"}],"items_purged_floors":[],"is_endless":false,"potions_floor_spawned":[1,4,8,16,19,21,25,29,31,35,38,48],"ascension_level":10}}