{"host":"4cz9gr89nglr7k8k","time":1608580427,"event":{"mods":["BaseMod","Minty Spire (QoL Compilation)","Relic Stats","Slay-I"],"gold_per_floor":[118,83,83,99,111,111,111,111,135,135,54,70,70,87,87,87,87],"floor_reached":16,"playtime":454,"items_purged":[],"score":176,"play_id":"a33a4312-1c46-4e6d-b179-c3e42f36bbc5","local_time":"20201221205347","is_ascension_mode":true,"campfire_choices":[{"data":"Self Repair","floor":6,"key":"SMITH"},{"data":"Dualcast","floor":8,"key":"SMITH"},{"data":"Zap","floor":10,"key":"SMITH"},{"floor":15,"key":"REST"}],"circlet_count":0,"master_deck":["AscendersBane","Strike_B","Strike_B","Strike_B","Strike_B","Defend_B","Defend_B","Defend_B","Defend_B","Zap+1","Dualcast+1","Redo","Reinforced Body","Self Repair+1","Streamline","Go for the Eyes","Melter","Hello World"],"relics":["Runic Dome","Calipers","Toy Ornithopter","Lantern","Strawberry"],"acts_visited":["Exordium"],"potions_floor_usage":[16],"damage_taken":[{"damage":8,"enemies":"Small Slimes","floor":1,"turns":3},{"damage":7,"enemies":"Jaw Worm","floor":4,"turns":4},{"damage":1,"enemies":"2 Louse","floor":5,"turns":2},{"damage":9,"enemies":"Looter","floor":12,"turns":3},{"damage":13,"enemies":"Exordium Thugs","floor":14,"turns":5},{"damage":79,"enemies":"Hexaghost","floor":16,"turns":9}],"seed_played":"350488012444449632","potions_obtained":[{"floor":12,"key":"Explosive Potion"},{"floor":14,"key":"ColorlessPotion"}],"is_trial":false,"path_per_floor":["M","?","T","M","M","R","?","R","T","R","$","M","?","M","R","B"],"character_chosen":"DEFECT","items_purchased":["Streamline","Go for the Eyes"],"campfire_rested":1,"item_purchase_floors":[11,11],"current_hp_per_floor":[56,71,71,64,63,63,52,52,52,52,52,53,60,57,78,0,0],"gold":87,"neow_bonus":"BOSS_RELIC","is_daily":false,"chose_seed":false,"campfire_upgraded":3,"win_rate":0.0,"timestamp":1608580427,"path_taken":["M","?","?","M","M","R","?","R","T","R","$","M","?","M","R","BOSS"],"items_purchased_type":["Card","Card"],"build_version":"2020-12-13","purchased_purges":0,"victory":false,"max_hp_per_floor":[71,71,71,71,71,71,71,71,71,71,71,71,78,78,78,78,78],"relic_stats":{"counters":[6,26],"obtain_stats":[{"Runic Dome":0,"Lantern":9,"Calipers":3,"Strawberry":13,"Cracked Core":0,"Toy Ornithopter":7},{"Runic Dome":0,"Lantern":3,"Calipers":1,"Strawberry":4,"Cracked Core":0,"Toy Ornithopter":3},{"Runic Dome":0,"Lantern":9,"Calipers":3,"Strawberry":12,"Cracked Core":0,"Toy Ornithopter":9}],"Toy Ornithopter":0},"card_choices":[{"not_picked":["Stack","Turbo"],"picked":"Redo","floor":1},{"not_picked":["Coolheaded","Redo"],"picked":"Reinforced Body","floor":4},{"not_picked":["Stack","Leap"],"picked":"Self Repair","floor":5},{"not_picked":["Reinforced Body","Barrage"],"picked":"Melter","floor":12},{"not_picked":["Conserve Battery","Beam Cell"],"picked":"Hello World","floor":14}],"player_experience":1453218,"relics_obtained":[{"floor":3,"key":"Calipers"},{"floor":9,"key":"Lantern"}],"event_choices":[{"damage_healed":17,"gold_gain":0,"player_choice":"Healed","damage_taken":0,"max_hp_gain":0,"max_hp_loss":0,"event_name":"The Cleric","floor":2,"gold_loss":35},{"damage_healed":0,"gold_gain":0,"player_choice":"Success","damage_taken":11,"relics_obtained":["Toy Ornithopter"],"max_hp_gain":0,"max_hp_loss":0,"event_name":"Scrap Ooze","floor":7,"gold_loss":0},{"damage_healed":0,"gold_gain":0,"player_choice":"Searched \u00271\u0027 times","damage_taken":0,"relics_obtained":["Strawberry"],"max_hp_gain":0,"max_hp_loss":0,"event_name":"Dead Adventurer","floor":13,"gold_loss":0}],"is_beta":false,"boss_relics":[],"items_purged_floors":[],"is_endless":false,"potions_floor_spawned":[12,14],"killed_by":"Hexaghost","ascension_level":19}}