{"host":"dntw6kil9p09eemm","time":1608520539,"event":{"mods":["Alarm Clock","Aspiration","BaseMod","Colored Powertips","Downfall","Hermit","Hubris","Minty Spire (QoL Compilation)","Permanent Neow","Replay The Spire","Reworked Bosses","Shop Mod","Spicy Shops","StSLib","The Runesmith"],"gold_per_floor":[113,63,63,74,74,74,74,74,91,91,137,161,2,277,202,216,216,312,312,326,284,301,266,266,266,279,279,279,303,370,372,372,372],"floor_reached":31,"playtime":1199,"items_purged":["Regret"],"score":219,"play_id":"82ade5cb-a03b-46b8-949c-996fcf4393dc","local_time":"20201221121539","is_ascension_mode":false,"campfire_choices":[{"data":"hexamod:Float","floor":8.0,"key":"SMITH"},{"data":"hexamod:FastForward","floor":10.0,"key":"SMITH"},{"data":"hexamod:SearingWound","floor":17.0,"key":"SMITH"},{"data":"hexamod:EmpoweredFlame","floor":17.0,"key":"SMITH"},{"floor":25,"key":"REST"},{"data":"hexamod:PhantomFireball","floor":27,"key":"SMITH"},{"data":"hexamod:ThermalTransfer","floor":27,"key":"SMITH"}],"circlet_count":0,"master_deck":["hexamod:Strike+1","hexamod:Defend","hexamod:Sear","hexamod:Float+1","hexamod:EmpoweredFlame+1","hexamod:SearingWound+1","hexamod:FastForward+1","hexamod:ExtraCrispy","hexamod:GhostOfSpireFuture","hexamod:HexaLevel","hexamod:SpectralSpark+1","hexamod:SpectralAdrenaline+1","hexamod:GhostShield+1","hexamod:GhostflameBarrier+1","hexamod:PhantomFireball+1","hexamod:ThermalTransfer+1","hexamod:FastForward"],"relics":["hexamod:SpiritBrand","MerchantsRug","Replay:Arrowhead","Astrolabe","Replay:Wax Seal","Replay:Bandana","Whetstone","Potion Belt"],"acts_visited":["Exordium","TheCity"],"potions_floor_usage":[20,31],"damage_taken":[{"damage":0.0,"enemies":"2 Louse","floor":1.0,"turns":2.0},{"damage":0.0,"enemies":"Cultist","floor":4.0,"turns":3.0},{"damage":10.0,"enemies":"Jaw Worm","floor":9.0,"turns":4.0},{"damage":2.0,"enemies":"Red Slaver","floor":16.0,"turns":3.0},{"damage":37.0,"enemies":"Slime Boss","floor":18.0,"turns":11.0},{"damage":12,"enemies":"Shell Parasite","floor":20,"turns":5},{"damage":22,"enemies":"3 Byrds","floor":22,"turns":5},{"damage":1,"enemies":"Snake Plant","floor":26,"turns":4},{"damage":25,"enemies":"Cultist and Chosen","floor":31,"turns":4}],"seed_played":"-5229524176819567950","potions_obtained":[{"floor":18.0,"key":"PowerPotion"},{"floor":22,"key":"champ:CounterPotion"},{"floor":30,"key":"Toxic Potion"},{"floor":30,"key":"SneckoOil"}],"is_trial":false,"path_per_floor":["M","?","?","M","$","PTL","PTL","R","M","R","T","T","$","?","$","M","R","B",null,"M","$","M","$","?","R","M","R","T","T","?","M"],"character_chosen":"THE_SPIRIT","items_purchased":["MerchantsRug","Replay:Arrowhead","Replay:Wax Seal","hexamod:ThermalTransfer"],"campfire_rested":1,"item_purchase_floors":[13,13,21,23],"current_hp_per_floor":[63,63,63,63,63,63,63,63,53,53,53,53,53,53,53,51,51,14,63,51,51,29,29,29,47,46,46,46,46,21,0,0,0],"gold":372,"neow_bonus":"TRANSFORM_TWO_CARDS","is_daily":false,"chose_seed":false,"campfire_upgraded":6,"win_rate":0.0,"timestamp":1608520539,"path_taken":["M","?","?","M","$","PTL","PTL","R","?","R","T","?","$","?","$","M","R","BOSS","M","?","M","$","?","R","M","R","T","?","?","M"],"items_purchased_type":["Relic","Relic","Relic","Card"],"build_version":"2020-12-13","purchased_purges":1,"victory":false,"max_hp_per_floor":[63,63,63,63,63,63,63,63,63,63,63,63,63,63,63,63,63,63,63,63,63,63,63,63,63,63,63,63,63,63,63,63,63],"card_choices":[{"not_picked":["hexamod:NightmareStrike","hexamod:SpectralAdrenaline"],"picked":"hexamod:FastForward","floor":1.0},{"not_picked":["hexamod:SoulSteal","hexamod:NightmareGuise"],"picked":"hexamod:ExtraCrispy","floor":4.0},{"not_picked":["hexamod:NightmareStrike","hexamod:Hexaguard","hexamod:HeatMetal"],"picked":"SKIP","floor":9.0},{"not_picked":["hexamod:GhostLash","hexamod:GhostShield"],"picked":"hexamod:GhostOfSpireFuture","floor":16.0},{"not_picked":["hexamod:TurnItUp","hexamod:ParanormalForm"],"picked":"hexamod:HexaLevel","floor":18.0},{"not_picked":["hexamod:GhostShield","hexamod:RainOfEmbers+1"],"picked":"hexamod:GhostflameBarrier+1","floor":20},{"not_picked":["hexamod:FastForward+1","hexamod:BurningTouch+1"],"picked":"hexamod:PhantomFireball","floor":22},{"not_picked":["hexamod:InspiringFlames","hexamod:AdvancingGuard","hexamod:PhantomCloak"],"picked":"SKIP","floor":26},{"not_picked":["hexamod:GhostShield","hexamod:HauntingEcho"],"picked":"hexamod:FastForward","floor":30}],"player_experience":420506,"relics_obtained":[{"floor":11.0,"key":"Replay:Mystery Machine"},{"floor":12.0,"key":"hubris:ToyBattleship"},{"floor":28,"key":"Replay:Bandana"},{"floor":29,"key":"Whetstone"},{"floor":30,"key":"Potion Belt"}],"event_choices":[{"cards_removed":["hexamod:Defend"],"damage_healed":0.0,"max_hp_gain":0.0,"max_hp_loss":0.0,"gold_gain":0.0,"event_name":"The Cleric","player_choice":"Card Removal","floor":2.0,"gold_loss":50.0,"damage_taken":0.0},{"damage_healed":0.0,"max_hp_gain":0.0,"max_hp_loss":0.0,"gold_gain":0.0,"event_name":"NoteForYourself","player_choice":"Ignored","floor":3.0,"gold_loss":0.0,"damage_taken":0.0},{"damage_healed":0.0,"max_hp_gain":0.0,"max_hp_loss":0.0,"gold_gain":275.0,"event_name":"Golden Shrine","player_choice":"Desecrate","floor":14.0,"gold_loss":0.0,"damage_taken":0.0,"cards_obtained":["Regret"]}],"is_beta":false,"boss_relics":[{"not_picked":["Runic Dome","aspiration:WatcherSkillbook"],"picked":"Astrolabe"}],"items_purged_floors":[15],"is_endless":false,"potions_floor_spawned":[18,22],"killed_by":"Cultist and Chosen","ascension_level":0}}