{"host":"dlyy4wv9zatha4f7","time":1608567708,"event":{"mods":["BaseMod","Better Third Choice","Colored Map","GifTheSpireLib","Minty Spire (QoL Compilation)","Spicy Shops","StSLib","SuperFastMode","Unceasing Turn Reminder"],"gold_per_floor":[117,137,237,9,25,25,53,53,53,79,79,113,113,127,127,227,227,245,261,11,286,298,298,314,343,416,416,446,462,493,513,513,615,615,634,653,653,278,295,324,324,358,384,410,410,29,29,44,44,44],"floor_reached":51,"playtime":2782,"items_purged":["Strike_G","Strike_G","Strike_G","Defend_G"],"score":1301,"play_id":"b9538938-0b85-47bc-9d6f-fd684d4e9967","local_time":"20201221182148","is_ascension_mode":true,"campfire_choices":[{"data":"Bane","floor":6.0,"key":"SMITH"},{"data":"Tools of the Trade","floor":8.0,"key":"SMITH"},{"data":"Neutralize","floor":13.0,"key":"SMITH"},{"data":"Bane","floor":15.0,"key":"SMITH"},{"data":"Strike_G","floor":23.0,"key":"PURGE"},{"data":"Bouncing Flask","floor":32,"key":"SMITH"},{"data":"Strike_G","floor":45,"key":"PURGE"},{"data":"Wraith Form v2","floor":49,"key":"SMITH"}],"circlet_count":0,"master_deck":["Defend_G","Defend_G","Defend_G","Survivor","Neutralize+1","Dagger Spray","Poisoned Stab","Bane+1","Quick Slash","Tools of the Trade+1","Bane+1","Well Laid Plans","Adrenaline","Crippling Poison","Bouncing Flask+1","Wraith Form v2+1","PiercingWail+1","Blur+1","Wraith Form v2","PiercingWail+1","Deadly Poison+1","Terror+1","PanicButton","Thinking Ahead","Bouncing Flask+1","Backstab"],"relics":["Ring of the Snake","TwistedFunnel","Question Card","Gremlin Horn","HornCleat","Regal Pillow","Omamori","Sozu","Peace Pipe","Letter Opener","Paper Crane","Blood Vial","SlaversCollar","InkBottle","Strawberry","Anchor","Oddly Smooth Stone","Bird Faced Urn","DollysMirror","ClockworkSouvenir"],"acts_visited":["Exordium","TheCity","TheBeyond"],"potions_floor_usage":[33,44],"damage_taken":[{"damage":0.0,"enemies":"2 Louse","floor":1.0,"turns":2.0},{"damage":0.0,"enemies":"Cultist","floor":2.0,"turns":4.0},{"damage":0.0,"enemies":"Jaw Worm","floor":5.0,"turns":3.0},{"damage":11.0,"enemies":"3 Sentries","floor":7.0,"turns":8.0},{"damage":24.0,"enemies":"Gremlin Nob","floor":10.0,"turns":4.0},{"damage":2.0,"enemies":"3 Sentries","floor":12.0,"turns":8.0},{"damage":0.0,"enemies":"2 Fungi Beasts","floor":14.0,"turns":2.0},{"damage":5.0,"enemies":"The Guardian","floor":16.0,"turns":11.0},{"damage":0.0,"enemies":"3 Byrds","floor":18.0,"turns":3.0},{"damage":10.0,"enemies":"Spheric Guardian","floor":19.0,"turns":4.0},{"damage":0.0,"enemies":"Snecko","floor":22.0,"turns":3.0},{"damage":4.0,"enemies":"Centurion and Healer","floor":24.0,"turns":5.0},{"damage":0.0,"enemies":"Gremlin Leader","floor":25.0,"turns":5.0},{"damage":11,"enemies":"Slavers","floor":28,"turns":5},{"damage":5,"enemies":"Shelled Parasite and Fungi","floor":29,"turns":5},{"damage":0,"enemies":"Gremlin Leader","floor":30,"turns":4},{"damage":6,"enemies":"Sentry and Sphere","floor":31,"turns":6},{"damage":3,"enemies":"Automaton","floor":33,"turns":9},{"damage":0,"enemies":"3 Darklings","floor":35,"turns":5},{"damage":3,"enemies":"3 Shapes","floor":36,"turns":4},{"damage":3,"enemies":"Spire Growth","floor":39,"turns":6},{"damage":6,"enemies":"Giant Head","floor":40,"turns":9},{"damage":0,"enemies":"Nemesis","floor":42,"turns":5},{"damage":0,"enemies":"Reptomancer","floor":44,"turns":5},{"damage":1,"enemies":"Writhing Mass","floor":48,"turns":5},{"damage":33,"enemies":"Time Eater","floor":50,"turns":12}],"seed_played":"4223029377340288823","potions_obtained":[{"floor":2.0,"key":"Swift Potion"},{"floor":5.0,"key":"EssenceOfSteel"},{"floor":7.0,"key":"Dexterity Potion"}],"is_trial":false,"path_per_floor":["M","M","?","$","M","R","E","R","T","E","?","E","R","M","R","B",null,"M","M","$","?","M","R","M","E","T","?","E","M","E","M","R","B",null,"M","M","?","$","M","E","?","E","T","E","R","$","?","M","R","B",null],"character_chosen":"THE_SILENT","items_purchased":["TwistedFunnel","Peace Pipe","Bouncing Flask","InkBottle","DollysMirror","ClockworkSouvenir"],"campfire_rested":0,"item_purchase_floors":[4,20,20,38,46,46],"current_hp_per_floor":[63,63,63,63,63,63,52,52,52,28,25,23,23,23,23,18,57,57,47,47,47,47,47,43,43,43,66,55,50,50,46,46,45,64,66,65,65,65,64,67,57,59,59,61,61,61,61,66,66,43],"gold":44,"neow_bonus":"THREE_CARDS","is_daily":false,"chose_seed":false,"campfire_upgraded":6,"win_rate":0.0,"timestamp":1608567708,"path_taken":["M","M","?","$","?","R","E","R","T","E","?","E","R","M","R","BOSS","M","M","$","?","M","R","?","E","T","?","E","M","E","M","R","BOSS","M","M","?","$","M","E","?","E","T","E","R","$","?","?","R","BOSS"],"items_purchased_type":["Relic","Relic","Card","Relic","Relic","Relic"],"build_version":"2020-12-13","purchased_purges":4,"victory":true,"max_hp_per_floor":[70,70,70,70,70,70,70,70,70,70,70,70,70,70,70,70,70,70,70,70,70,70,70,70,70,70,70,70,70,70,70,70,70,70,70,70,70,70,70,77,77,77,77,77,77,77,77,77,77,77],"card_choices":[{"not_picked":["Acrobatics","Accuracy"],"picked":"Dagger Spray","floor":0.0},{"not_picked":["Concentrate","PiercingWail"],"picked":"Poisoned Stab","floor":1.0},{"not_picked":["Accuracy","Dagger Throw"],"picked":"Bane","floor":2.0},{"not_picked":["Expertise","Outmaneuver"],"picked":"Quick Slash","floor":5.0},{"not_picked":["Deadly Poison","Deflect"],"picked":"Tools of the Trade","floor":7.0},{"not_picked":["Dagger Spray","Eviscerate","Cloak And Dagger"],"picked":"Bane","floor":10.0},{"not_picked":["Deflect","Skewer","All Out Attack"],"picked":"Well Laid Plans","floor":12.0},{"not_picked":["Masterful Stab","Eviscerate","Expertise","Choke"],"picked":"SKIP","floor":14.0},{"not_picked":["Doppelganger","After Image","Phantasmal Killer"],"picked":"Adrenaline","floor":16.0},{"not_picked":["Blade Dance","Outmaneuver","Accuracy+1","Heel Hook+1"],"picked":"SKIP","floor":18.0},{"not_picked":["Caltrops","Acrobatics+1","Sucker Punch"],"picked":"Crippling Poison","floor":19.0},{"not_picked":["Predator","Underhanded Strike","Cloak And Dagger"],"picked":"Wraith Form v2","floor":22.0},{"not_picked":["Underhanded Strike","Deflect","Sucker Punch+1","Expertise"],"picked":"SKIP","floor":24.0},{"not_picked":["Blade Dance","Deadly Poison","Dagger Spray","Masterful Stab"],"picked":"SKIP","floor":25.0},{"not_picked":["Concentrate","Acrobatics","Blade Dance"],"picked":"PiercingWail+1","floor":28},{"not_picked":["Heel Hook+1","Calculated Gamble","Dagger Spray+1","Dagger Throw"],"picked":"SKIP","floor":29},{"not_picked":["Bane","Outmaneuver+1","Finisher+1","PiercingWail"],"picked":"SKIP","floor":30},{"not_picked":["Slice","Acrobatics","Eviscerate"],"picked":"Blur+1","floor":31},{"not_picked":["Venomology","Storm of Steel","A Thousand Cuts"],"picked":"Wraith Form v2","floor":33},{"not_picked":["Sucker Punch","Cloak And Dagger","Setup+1"],"picked":"PiercingWail+1","floor":35},{"not_picked":["PiercingWail","Dodge and Roll","Setup+1"],"picked":"Deadly Poison+1","floor":36},{"not_picked":["Dagger Throw+1","Dodge and Roll+1","Slice+1","Tactician"],"picked":"SKIP","floor":39},{"not_picked":["Well Laid Plans","Cloak And Dagger","Setup+1"],"picked":"Terror+1","floor":40},{"not_picked":["Blind","Magnetism","Finesse"],"picked":"PanicButton","floor":41},{"not_picked":["Magnetism","HandOfGreed","Madness"],"picked":"Thinking Ahead","floor":41},{"not_picked":["Acrobatics+1","Infinite Blades","Deadly Poison+1","Blade Dance+1"],"picked":"SKIP","floor":42},{"not_picked":["Sucker Punch","Envenom","Escape Plan","Blur"],"picked":"SKIP","floor":44},{"not_picked":["Dash","Flying Knee+1","Poisoned Stab+1","Prepared"],"picked":"SKIP","floor":48}],"player_experience":2213839,"relics_obtained":[{"floor":7.0,"key":"Question Card"},{"floor":9.0,"key":"Gremlin Horn"},{"floor":10.0,"key":"HornCleat"},{"floor":12.0,"key":"Omamori"},{"floor":25.0,"key":"Letter Opener"},{"floor":28,"key":"Paper Crane"},{"floor":30,"key":"Blood Vial"},{"floor":40,"key":"Strawberry"},{"floor":42,"key":"Anchor"},{"floor":43,"key":"Oddly Smooth Stone"},{"floor":44,"key":"Bird Faced Urn"}],"event_choices":[{"damage_healed":0.0,"max_hp_gain":0.0,"max_hp_loss":0.0,"gold_gain":100.0,"event_name":"Wheel of Change","player_choice":"Gold","floor":3.0,"gold_loss":0.0,"damage_taken":0.0},{"damage_healed":0.0,"max_hp_gain":0.0,"max_hp_loss":0.0,"gold_gain":0.0,"event_name":"betterThird:BetterScrap","player_choice":"Relic ","floor":11.0,"gold_loss":0.0,"damage_taken":3.0,"cards_obtained":["Electrodynamics"]},{"damage_healed":0.0,"max_hp_gain":0.0,"max_hp_loss":0.0,"gold_gain":275.0,"event_name":"Golden Shrine","player_choice":"Desecrate","floor":21.0,"gold_loss":0.0,"damage_taken":0.0,"cards_obtained":["Regret"]},{"damage_healed":23,"gold_gain":0,"player_choice":"Heal","damage_taken":0,"max_hp_gain":0,"max_hp_loss":0,"event_name":"The Library","floor":27,"gold_loss":0},{"damage_healed":0,"gold_gain":0,"player_choice":"Ignored","damage_taken":0,"max_hp_gain":0,"max_hp_loss":0,"event_name":"Tomb of Lord Red Mask","floor":37,"gold_loss":0},{"damage_healed":0,"gold_gain":0,"player_choice":"Memory 3","damage_taken":10,"max_hp_gain":0,"max_hp_loss":0,"event_name":"SensoryStone","floor":41,"gold_loss":0},{"damage_healed":0,"gold_gain":0,"cards_transformed":["Defend_G"],"player_choice":"Transformed","damage_taken":0,"max_hp_gain":0,"max_hp_loss":0,"event_name":"Transmorgrifier","floor":47,"gold_loss":0,"cards_obtained":["Backstab"]}],"is_beta":false,"boss_relics":[{"not_picked":["Black Star","Coffee Dripper"],"picked":"Sozu"},{"not_picked":["WristBlade","Astrolabe"],"picked":"SlaversCollar"}],"items_purged_floors":[4,20,38,46],"is_endless":false,"potions_floor_spawned":[2,5,7,24,28,29,31,35,48],"ascension_level":9}}