{"host":"1gvb6a86y1wh8blq","time":1608559248,"event":{"mods":["Ascension Reborn","BaseMod","Conspire","Emptier Cage","Minty Spire (QoL Compilation)","Shop Mod","Spicy Shops","StSLib","vexMod","【功能Mod】强力的原版药水","没有小屋子和绿帽子啦","篝火指南"],"gold_per_floor":[119,119,37,60,79,117,117,26,26,44,56,86,86,590,590,710,710,727,389,408,424,443,480,480,354,354,354,394,432,357,332,332,446,446,464,484,484,484,544,544,746,784,814,850,936,950,972,989,989,989],"floor_reached":49,"playtime":831,"items_purged":["Defend_P+1","Defend_P+1","Defend_P+1","Strike_P+1","CurseOfTheBell"],"score":150,"play_id":"be077062-360f-4b61-944c-c5fd0ebec78b","local_time":"20201221220048","is_ascension_mode":true,"campfire_choices":[{"floor":15,"key":"RECALL"},{"data":"Hemokinesis+1","floor":24,"key":"SMITH"},{"data":"Hemokinesis+2","floor":27,"key":"SMITH"},{"data":"Hemokinesis+3","floor":32,"key":"SMITH"},{"data":"Hemokinesis+4","floor":40,"key":"SMITH"}],"circlet_count":0,"master_deck":["Strike_P+1","Eruption+1","Hemokinesis+5","LessonLearned+1","Battle Trance+1"],"relics":["MerchantsRug","PrismaticShard","Centennial Puzzle","Question Card","Chemical X","vexMod:Cooldron","Oddly Smooth Stone","Anchor","CaptainsWheel","OrangePellets","conspire:InfiniteJournal","Bag of Marbles","vexMod:InvisibilityCloak","Turnip","TheAbacus","Damaru","TeardropLocket","Red Mask","Torii","Tiny Chest","Sundial","vexMod:HeadHunter","Medical Kit","Molten Egg 2","Toy Ornithopter","Juzu Bracelet","Girya","Mercury Hourglass","Shuriken"],"acts_visited":["Exordium","TheCity","TheBeyond"],"potions_floor_usage":[11,11,14,14,14,14,14,14,14,33,33,33,33,36],"damage_taken":[{"damage":0,"enemies":"Jaw Worm","floor":1,"turns":1},{"damage":0,"enemies":"Cultist","floor":4,"turns":2},{"damage":2,"enemies":"Small Slimes","floor":5,"turns":1},{"damage":2,"enemies":"Lagavulin","floor":6,"turns":2},{"damage":0,"enemies":"Red Slaver","floor":10,"turns":2},{"damage":0,"enemies":"Blue Slaver","floor":11,"turns":1},{"damage":2,"enemies":"conspire:MimicChest","floor":12,"turns":2},{"damage":4,"enemies":"Slime Boss","floor":16,"turns":2},{"damage":2,"enemies":"Chosen","floor":18,"turns":1},{"damage":2,"enemies":"Shell Parasite","floor":20,"turns":1},{"damage":2,"enemies":"Centurion and Healer","floor":21,"turns":1},{"damage":2,"enemies":"Shelled Parasite and Fungi","floor":22,"turns":1},{"damage":4,"enemies":"Gremlin Leader","floor":23,"turns":2},{"damage":2,"enemies":"Masked Bandits","floor":28,"turns":2},{"damage":2,"enemies":"Slavers","floor":29,"turns":2},{"damage":2,"enemies":"Automaton","floor":33,"turns":2},{"damage":2,"enemies":"3 Shapes","floor":35,"turns":1},{"damage":4,"enemies":"3 Darklings","floor":36,"turns":1},{"damage":2,"enemies":"Mind Bloom Boss Battle","floor":39,"turns":2},{"damage":2,"enemies":"Nemesis","floor":42,"turns":1},{"damage":6,"enemies":"Giant Head","floor":44,"turns":3},{"damage":2,"enemies":"Spire Growth","floor":46,"turns":1},{"damage":2,"enemies":"Maw","floor":47,"turns":2},{"damage":2,"enemies":"Writhing Mass","floor":48,"turns":1}],"seed_played":"-1868597109400655730","potions_obtained":[{"floor":1,"key":"ColorlessPotion"},{"floor":1,"key":"StancePotion"},{"floor":4,"key":"Block Potion"},{"floor":5,"key":"Explosive Potion"},{"floor":5,"key":"Explosive Potion"},{"floor":10,"key":"EntropicBrew"},{"floor":11,"key":"EntropicBrew"},{"floor":11,"key":"EntropicBrew"},{"floor":12,"key":"EntropicBrew"},{"floor":16,"key":"EntropicBrew"},{"floor":18,"key":"EntropicBrew"},{"floor":20,"key":"EntropicBrew"},{"floor":20,"key":"EntropicBrew"},{"floor":21,"key":"EntropicBrew"},{"floor":22,"key":"EntropicBrew"},{"floor":23,"key":"EntropicBrew"},{"floor":28,"key":"EntropicBrew"},{"floor":28,"key":"EntropicBrew"},{"floor":29,"key":"EntropicBrew"},{"floor":33,"key":"EntropicBrew"},{"floor":35,"key":"EntropicBrew"},{"floor":36,"key":"EntropicBrew"},{"floor":36,"key":"EntropicBrew"},{"floor":39,"key":"EntropicBrew"},{"floor":39,"key":"EntropicBrew"},{"floor":42,"key":"EntropicBrew"},{"floor":44,"key":"EntropicBrew"},{"floor":46,"key":"EntropicBrew"},{"floor":47,"key":"EntropicBrew"},{"floor":47,"key":"EntropicBrew"},{"floor":48,"key":"EntropicBrew"}],"is_trial":false,"path_per_floor":["M","?","$","M","M","E","T","R","T","M","M","?","?","$","R","B",null,"M","$","M","M","M","E","R","$","T","R","?","E","?","?","R","B",null,"M","M","?","?","?","R","$","E","T","E","T","M","M","M","R"],"character_chosen":"WATCHER","items_purchased":["MerchantsRug","PrismaticShard","Chemical X","vexMod:Cooldron","EntropicBrew","EntropicBrew","EntropicBrew","EntropicBrew","Anchor","CaptainsWheel","OrangePellets","Bag of Marbles","vexMod:InvisibilityCloak","Orrery","Turnip","TheAbacus","Medical Kit","Molten Egg 2"],"campfire_rested":0,"item_purchase_floors":[3,3,8,8,14,14,14,14,14,14,14,19,19,19,25,25,41,41],"current_hp_per_floor":[83,83,83,83,81,79,79,79,79,79,79,77,77,77,77,79,87,85,85,83,81,79,75,75,75,75,75,73,71,71,71,71,75,88,86,82,82,82,98,98,98,96,96,90,90,88,86,84,84,84],"gold":989,"neow_bonus":"TEN_PERCENT_HP_BONUS","is_daily":false,"chose_seed":false,"campfire_upgraded":4,"win_rate":0.0,"timestamp":1608559248,"path_taken":["M","?","?","M","M","E","?","R","T","?","M","?","?","$","R","BOSS","M","$","M","M","M","E","R","$","T","R","?","E","?","?","R","BOSS","M","M","?","?","?","R","$","E","T","E","?","M","M","M","R"],"items_purchased_type":["Relic","Relic","Relic","Relic","Potion","Potion","Potion","Potion","Relic","Relic","Relic","Relic","Relic","Relic","Relic","Relic","Relic","Relic"],"build_version":"2020-12-13","purchased_purges":5,"victory":false,"max_hp_per_floor":[83,83,83,83,83,83,83,83,83,83,83,83,83,83,83,87,87,87,87,87,87,87,87,87,87,87,87,87,87,84,84,84,88,88,88,88,84,84,98,98,98,98,98,98,98,98,98,98,98,98],"card_choices":[{"not_picked":["Evaluate+1","FlurryOfBlows","EmptyBody"],"picked":"SKIP","floor":1},{"not_picked":["Blind","Perfected Strike"],"picked":"Hemokinesis+1","floor":4},{"not_picked":["Leg Sweep+1","Poisoned Stab","Clash"],"picked":"SKIP","floor":5},{"not_picked":["Backstab","EmptyBody+1","Dramatic Entrance+1"],"picked":"SKIP","floor":6},{"not_picked":["Prepared+1","Headbutt+1","FollowUp"],"picked":"SKIP","floor":6},{"not_picked":["Backflip","JustLucky","Redo","Panache"],"picked":"SKIP","floor":10},{"not_picked":["Anger","Iron Wave","Headbutt","Discovery"],"picked":"SKIP","floor":11},{"not_picked":["Shrug It Off","Pummel+1","Prostrate+1","Acrobatics"],"picked":"SKIP","floor":18},{"not_picked":["vexMod:EmailVexCard","True Grit+1","Doom and Gloom+1","Feel No Pain+1"],"picked":"SKIP","floor":20},{"not_picked":["vexMod:EmailVexCard","True Grit+1","Doom and Gloom+1","Feel No Pain+1"],"picked":"SKIP","floor":20},{"not_picked":["Cold Snap","conspire:SharedLibrary","Headbutt+1","Warcry+1"],"picked":"SKIP","floor":21},{"not_picked":["Sunder+1","Compile Driver+1","CarveReality+1","Rebound"],"picked":"SKIP","floor":22},{"not_picked":["Halt+1","Conserve Battery","Force Field+1","Spot Weakness"],"picked":"SKIP","floor":23},{"not_picked":["Sever Soul+1","Sweeping Beam+1","Acrobatics","Flex+1"],"picked":"SKIP","floor":29},{"not_picked":["Consecrate","FTL+1","Blood for Blood+1","Slice+1"],"picked":"SKIP","floor":35},{"not_picked":["Self Repair+1","Consecrate+1","Evolve+1","Prostrate+1"],"picked":"SKIP","floor":36},{"not_picked":["DevaForm","Brilliance","Blasphemy","Omniscience"],"picked":"SKIP","floor":42},{"not_picked":["Coolheaded","Acrobatics+1","Sword Boomerang+1","Noxious Fumes"],"picked":"SKIP","floor":42},{"not_picked":["DeusExMachina","DevaForm","Ragnarok"],"picked":"LessonLearned","floor":44},{"not_picked":["Wild Strike+1","FearNoEvil+1","Poisoned Stab+1","Headbutt+1"],"picked":"SKIP","floor":44},{"not_picked":["Stack","Bandage Up+1","Defragment+1","Evaluate+1"],"picked":"SKIP","floor":46},{"not_picked":["Stack","Bandage Up+1","Defragment+1","Evaluate+1"],"picked":"SKIP","floor":46},{"not_picked":["CrushJoints+1","Beam Cell+1","Battle Trance+1","Conserve Battery"],"picked":"SKIP","floor":47},{"not_picked":["CrushJoints+1","Beam Cell+1","Conserve Battery"],"picked":"Battle Trance+1","floor":47},{"not_picked":["Noxious Fumes+1","Prostrate+1","Evaluate+1","Tantrum+1"],"picked":"SKIP","floor":48}],"player_experience":2763324,"relics_obtained":[{"floor":6,"key":"Centennial Puzzle"},{"floor":7,"key":"White Beast Statue"},{"floor":7,"key":"Question Card"},{"floor":9,"key":"conspire:Dentures"},{"floor":12,"key":"Oddly Smooth Stone"},{"floor":16,"key":"conspire:InfiniteJournal"},{"floor":23,"key":"Art of War"},{"floor":26,"key":"Damaru"},{"floor":26,"key":"TeardropLocket"},{"floor":28,"key":"Red Mask"},{"floor":29,"key":"Eternal Feather"},{"floor":33,"key":"Torii"},{"floor":34,"key":"Tiny Chest"},{"floor":34,"key":"Sundial"},{"floor":34,"key":"vexMod:HeadHunter"},{"floor":39,"key":"Mango"},{"floor":43,"key":"Toy Ornithopter"},{"floor":43,"key":"Juzu Bracelet"},{"floor":44,"key":"Girya"},{"floor":45,"key":"Mercury Hourglass"},{"floor":45,"key":"Shuriken"}],"event_choices":[{"damage_healed":0,"gold_gain":0,"player_choice":"Ignored","damage_taken":0,"max_hp_gain":0,"max_hp_loss":0,"event_name":"Accursed Blacksmith","floor":2,"gold_loss":0},{"damage_healed":0,"gold_gain":0,"player_choice":"Bought 0 Potions","damage_taken":0,"max_hp_gain":0,"max_hp_loss":0,"event_name":"The Woman in Blue","floor":13,"gold_loss":0},{"damage_healed":0,"gold_gain":0,"player_choice":"Fought Bandits","damage_taken":0,"max_hp_gain":0,"max_hp_loss":0,"event_name":"Masked Bandits","floor":28,"gold_loss":0},{"cards_removed":["Parasite"],"damage_healed":0,"gold_gain":0,"player_choice":"Gave Gold","damage_taken":0,"max_hp_gain":0,"max_hp_loss":0,"event_name":"Beggar","floor":30,"gold_loss":75},{"damage_healed":0,"gold_gain":0,"player_choice":"Max HP","damage_taken":0,"max_hp_gain":0,"max_hp_loss":4,"event_name":"Winding Halls","floor":37,"gold_loss":0},{"cards_removed":["Vigilance"],"damage_healed":0,"gold_gain":0,"player_choice":"Removed Skill","damage_taken":0,"max_hp_gain":0,"max_hp_loss":0,"event_name":"Falling","floor":38,"gold_loss":0},{"damage_healed":0,"gold_gain":0,"player_choice":"Fight","damage_taken":0,"max_hp_gain":0,"max_hp_loss":0,"event_name":"MindBloom","floor":39,"gold_loss":0}],"is_beta":false,"boss_relics":[{"not_picked":["vexMod:DeviousBotling","conspire:SeveredTorchhead"],"picked":"Empty Cage"},{"not_picked":["vexMod:MysteryBossChallenge","Sozu"],"picked":"Calling Bell"}],"items_purged_floors":[8,14,19,25,41],"is_endless":false,"potions_floor_spawned":[1,5,11,20,28,36,39,47],"ascension_level":-20}}