{"host":"4edbuligkc8x13l4","time":1608569522,"event":{"mods":["BaseMod","Minty Spire (QoL Compilation)","StSLib","SuperFastMode"],"gold_per_floor":[111,111,111,29,29,67,85,7,34,34,54,54,54,92,92,188,188,204,4,4,4,23,23,38,38,38,56,69,84,102,138,138,236,236,257,272,42,65,85,85,108,108,108,133,133,133,151,192,192,192],"floor_reached":51,"playtime":3067,"items_purged":["Strike_G"],"score":1310,"play_id":"adea033f-6b9f-495b-852a-3c18a7460b61","local_time":"20201222005202","is_ascension_mode":true,"campfire_choices":[{"data":"Neutralize","floor":10.0,"key":"SMITH"},{"data":"Prepared","floor":12.0,"key":"SMITH"},{"data":"Footwork","floor":15.0,"key":"SMITH"},{"data":"After Image","floor":23.0,"key":"SMITH"},{"data":"Blade Dance","floor":25.0,"key":"SMITH"},{"floor":32.0,"key":"REST"},{"floor":40.0,"key":"REST"},{"floor":42.0,"key":"REST"},{"floor":45,"key":"REST"},{"floor":49,"key":"REST"}],"circlet_count":0,"master_deck":["AscendersBane","Strike_G","Strike_G","Defend_G","Defend_G","Defend_G","Defend_G","Survivor","Neutralize+1","Deadly Poison","Footwork+1","Tactician","Dagger Throw","Well Laid Plans","Prepared+1","Terror","After Image+1","Blade Dance+1","Backflip","Dagger Spray","Quick Slash+1","Blade Dance+1","Infinite Blades","Reflex+1","Night Terror","Expertise+1","Calculated Gamble+1","Blur","Madness","Madness","Acrobatics"],"relics":["Ring of the Snake","NeowsBlessing","Golden Idol","Eternal Feather","Toy Ornithopter","Akabeko","Sozu","MealTicket","Mummified Hand","Bag of Preparation","Oddly Smooth Stone","Pantograph","Juzu Bracelet"],"acts_visited":["Exordium","TheCity","TheBeyond"],"potions_floor_usage":[],"damage_taken":[{"damage":0.0,"enemies":"2 Louse","floor":1.0,"turns":1.0},{"damage":0.0,"enemies":"3 Sentries","floor":6.0,"turns":1.0},{"damage":0.0,"enemies":"Small Slimes","floor":7.0,"turns":1.0},{"damage":3.0,"enemies":"Cultist","floor":11.0,"turns":4.0},{"damage":35.0,"enemies":"Gremlin Nob","floor":14.0,"turns":5.0},{"damage":29.0,"enemies":"The Guardian","floor":16.0,"turns":12.0},{"damage":19.0,"enemies":"3 Byrds","floor":18.0,"turns":7.0},{"damage":7.0,"enemies":"Spheric Guardian","floor":22.0,"turns":6.0},{"damage":0.0,"enemies":"Snake Plant","floor":24.0,"turns":5.0},{"damage":8.0,"enemies":"Chosen and Byrds","floor":27.0,"turns":5.0},{"damage":6.0,"enemies":"Centurion and Healer","floor":28.0,"turns":8.0},{"damage":19.0,"enemies":"Shelled Parasite and Fungi","floor":29.0,"turns":5.0},{"damage":0.0,"enemies":"Snecko","floor":30.0,"turns":5.0},{"damage":20.0,"enemies":"Book of Stabbing","floor":31.0,"turns":6.0},{"damage":0.0,"enemies":"Automaton","floor":33.0,"turns":11.0},{"damage":4.0,"enemies":"3 Shapes","floor":35.0,"turns":6.0},{"damage":24.0,"enemies":"3 Darklings","floor":36.0,"turns":9.0},{"damage":29.0,"enemies":"Spire Growth","floor":38.0,"turns":5.0},{"damage":11.0,"enemies":"Transient","floor":39.0,"turns":5.0},{"damage":12.0,"enemies":"Sphere and 2 Shapes","floor":41.0,"turns":4.0},{"damage":32,"enemies":"Jaw Worm Horde","floor":44,"turns":5},{"damage":17,"enemies":"Writhing Mass","floor":47,"turns":8},{"damage":25,"enemies":"Giant Head","floor":48,"turns":9},{"damage":34,"enemies":"Donu and Deca","floor":50,"turns":19}],"seed_played":"-163652932432865745","potions_obtained":[{"floor":1.0,"key":"ColorlessPotion"},{"floor":14.0,"key":"Block Potion"},{"floor":16.0,"key":"CunningPotion"}],"is_trial":false,"path_per_floor":["M","?","?","$","?","E","M","$","T","R","M","R","?","E","R","B",null,"M","$","?","?","M","R","M","R","T","M","M","M","M","E","R","B",null,"M","M","$","M","M","R","M","R","T","M","R","?","M","E","R","B",null],"character_chosen":"THE_SILENT","items_purchased":["Footwork","Well Laid Plans","MealTicket","Backflip","Oddly Smooth Stone"],"campfire_rested":5,"item_purchase_floors":[4,8,19,19,37],"current_hp_per_floor":[59,64,64,64,64,64,64,64,64,64,61,64,57,27,36,12,51,37,37,37,37,30,42,42,54,54,46,40,21,21,1,35,35,57,53,29,44,15,4,38,26,60,60,28,62,50,33,8,45,30],"gold":192,"neow_bonus":"THREE_ENEMY_KILL","is_daily":false,"chose_seed":false,"campfire_upgraded":5,"win_rate":0.0,"timestamp":1608569522,"path_taken":["M","?","?","$","?","E","M","$","T","R","?","R","?","E","R","BOSS","M","$","?","?","M","R","M","R","T","M","M","M","M","E","R","BOSS","M","M","$","M","M","R","M","R","T","M","R","?","M","E","R","BOSS"],"items_purchased_type":["Card","Card","Relic","Card","Relic"],"build_version":"2020-12-13","purchased_purges":1,"victory":true,"max_hp_per_floor":[66,71,64,64,64,64,64,64,64,64,64,64,64,64,64,64,64,64,64,64,64,64,64,64,64,64,64,64,64,64,64,64,64,64,64,64,64,64,64,64,64,64,64,64,64,64,64,64,64,64],"card_choices":[{"not_picked":["Choke","Riddle With Holes"],"picked":"Deadly Poison","floor":1.0},{"not_picked":["Acrobatics","Well Laid Plans"],"picked":"Tactician","floor":6.0},{"not_picked":["Infinite Blades","Sucker Punch"],"picked":"Dagger Throw","floor":7.0},{"not_picked":["Flechettes","PiercingWail"],"picked":"Prepared","floor":11.0},{"not_picked":["Leg Sweep","Slice"],"picked":"Terror","floor":14.0},{"not_picked":["Corpse Explosion","Bullet Time"],"picked":"After Image","floor":16.0},{"not_picked":["Dagger Spray","Sucker Punch"],"picked":"Blade Dance","floor":18.0},{"not_picked":["Prepared","Accuracy"],"picked":"Quick Slash+1","floor":22.0},{"not_picked":["Eviscerate","Footwork"],"picked":"Blade Dance+1","floor":24.0},{"not_picked":["Slice+1","Sucker Punch"],"picked":"Infinite Blades","floor":27.0},{"not_picked":["Bane","Backflip","All Out Attack"],"picked":"SKIP","floor":28.0},{"not_picked":["Dagger Throw","Slice","Blade Dance"],"picked":"SKIP","floor":29.0},{"not_picked":["Backflip","Dagger Throw"],"picked":"Reflex+1","floor":30.0},{"not_picked":["PiercingWail","Acrobatics"],"picked":"Night Terror","floor":31.0},{"not_picked":["Deflect","Distraction","Bane"],"picked":"SKIP","floor":35.0},{"not_picked":["Tactician","Dodge and Roll"],"picked":"Expertise+1","floor":36.0},{"not_picked":["Dagger Throw+1","Dagger Spray","Heel Hook+1"],"picked":"SKIP","floor":38.0},{"not_picked":["Deadly Poison+1","Backflip","Deflect"],"picked":"SKIP","floor":39.0},{"not_picked":["Backflip+1","Masterful Stab+1"],"picked":"Calculated Gamble+1","floor":41.0},{"not_picked":["Calculated Gamble","Poisoned Stab+1"],"picked":"Blur","floor":44},{"not_picked":["Flying Knee","Backflip"],"picked":"Acrobatics","floor":47},{"not_picked":["Cloak And Dagger","Poisoned Stab","Endless Agony"],"picked":"SKIP","floor":48}],"player_experience":902197,"relics_obtained":[{"floor":6.0,"key":"Eternal Feather"},{"floor":9.0,"key":"Toy Ornithopter"},{"floor":14.0,"key":"Akabeko"},{"floor":26.0,"key":"Mummified Hand"},{"floor":31.0,"key":"Bag of Preparation"},{"floor":43.0,"key":"Pantograph"},{"floor":48,"key":"Juzu Bracelet"}],"event_choices":[{"damage_healed":0.0,"max_hp_gain":5.0,"max_hp_loss":0.0,"gold_gain":0.0,"event_name":"Big Fish","player_choice":"Donut","floor":2.0,"gold_loss":0.0,"damage_taken":0.0},{"damage_healed":0.0,"max_hp_gain":0.0,"max_hp_loss":7.0,"gold_gain":0.0,"event_name":"Golden Idol","player_choice":"Lose Max HP","floor":3.0,"gold_loss":0.0,"damage_taken":0.0,"relics_obtained":["Golden Idol"]},{"cards_removed":["Defend_G"],"damage_healed":0.0,"max_hp_gain":0.0,"max_hp_loss":0.0,"gold_gain":0.0,"event_name":"Bonfire Elementals","player_choice":"Offered Basic","floor":5.0,"gold_loss":0.0,"damage_taken":0.0},{"cards_removed":["Strike_G"],"damage_healed":0.0,"max_hp_gain":0.0,"max_hp_loss":0.0,"gold_gain":0.0,"event_name":"Golden Wing","player_choice":"Card Removal","floor":13.0,"gold_loss":0.0,"damage_taken":7.0},{"damage_healed":0.0,"max_hp_gain":0.0,"max_hp_loss":0.0,"gold_gain":0.0,"event_name":"Ghosts","player_choice":"Ignored","floor":20.0,"gold_loss":0.0,"damage_taken":0.0},{"damage_healed":0.0,"max_hp_gain":0.0,"max_hp_loss":0.0,"gold_gain":0.0,"cards_transformed":["Strike_G"],"event_name":"Transmorgrifier","player_choice":"Transformed","floor":21.0,"gold_loss":0.0,"damage_taken":0.0,"cards_obtained":["Dagger Spray"]},{"damage_healed":0,"gold_gain":0,"player_choice":"Embrace Madness","damage_taken":12,"max_hp_gain":0,"max_hp_loss":0,"event_name":"Winding Halls","floor":46,"gold_loss":0,"cards_obtained":["Madness","Madness"]}],"is_beta":false,"boss_relics":[{"not_picked":["Philosopher\u0027s Stone","Coffee Dripper"],"picked":"Sozu"},{"not_picked":["Snecko Eye","Fusion Hammer","Cursed Key"]}],"items_purged_floors":[37],"is_endless":false,"potions_floor_spawned":[1,14,16,18,28,29,33,38,41],"ascension_level":15}}