{"host":"3j2m8n0ywf988fwb","time":1608543115,"event":{"mods":["2.2 Compatiblity","Act Like it!","Aspiration","BaseMod","Beaked The Cultist","Better Altar","Better Match","Better Note","Better Sensory Stone","Better Skull","Better Third Choice","CCEM","Colored Map","Colored Powertips","Conspire","Energized Spire","GifTheSpireLib","Googly Eyes","Halation","Hallownest","Highlight Path","Hubris","Infinite Spire","Jedi Mod","Marisa????????","Marked Mod","Mimic Mod","Minty Spire (QoL Compilation)","Random Character Button","Relic Stats","Replay The Spire","Robot Space Explorer","Shop Mod","Somnambulant","StSLib","Stuff the Spire","The Bug Knight","The Hierophant","The Marked","The Runesmith","TheFirefly","Unceasing Turn Reminder","everything is the same but u backflip on backflip"],"gold_per_floor":[109,129,129,57,77,77,77,77,25,25,25,41,70,89,89,89,89,190,190,209,209,219,219,229,255,271,271,301,154,170,181,27,37,37,140,140,158,158,171,171,190,190,190,190],"floor_reached":43,"playtime":3027,"items_purged":["Hidden Blade+1","Reflex"],"score":638,"play_id":"c56d0884-6a8c-478e-b524-dc27488b2b6c","local_time":"20201221033155","is_ascension_mode":true,"campfire_choices":[{"data":"StuffTheSpire:Python","floor":8,"key":"SMITH"},{"floor":34,"key":"REST"},{"data":"Adrenaline","floor":42,"key":"SMITH"}],"circlet_count":0,"master_deck":["AscendersBane","Strike_G","Strike_G","Strike_G","Defend_G","Defend_G","Defend_G","Defend_G","Defend_G","Survivor","Neutralize+1","StuffTheSpire:Python+1","ThirdEye","Fluid Movement","Footwork","Footwork","Draining Mist","Deadly Poison","Caltrops","After Image","Replay:Poison Smokescreen+1","Underhanded Strike","StuffTheSpire:Repulse","infinitespire:Neurotoxin","Noxious Fumes","StuffTheSpire:Injection","Adrenaline+1"],"relics":["Ring of the Snake","aspiration:Nostalgia","Replay:M_StaffOfTheSnake","Replay:Kaleidoscope","CCEMRelics:WhiteRose","Gambling Chip","energizedSpire:StickyHand","jedi:matchstick","Busted Crown"],"acts_visited":["Exordium","TheCity","TheBeyond"],"potions_floor_usage":[14,35,43],"damage_taken":[{"damage":0,"enemies":"Small Slimes","floor":1,"turns":3},{"damage":0,"enemies":"Jaw Worm","floor":2,"turns":5},{"damage":6,"enemies":"2 Louse","floor":5,"turns":3},{"damage":1,"enemies":"Blue Slaver","floor":12,"turns":6},{"damage":5,"enemies":"HollowMod:MossKnight","floor":13,"turns":18},{"damage":14,"enemies":"Gremlin Gang","floor":14,"turns":6},{"damage":8,"enemies":"Hexaghost","floor":18,"turns":10},{"damage":0,"enemies":"Chosen","floor":20,"turns":6},{"damage":0,"enemies":"Spheric Guardian","floor":22,"turns":6},{"damage":0,"enemies":"conspire:HollyBat","floor":24,"turns":7},{"damage":4,"enemies":"Replay:Snechameleon","floor":25,"turns":5},{"damage":1,"enemies":"Snake Plant","floor":26,"turns":3},{"damage":0,"enemies":"Shelled Parasite and Fungi","floor":28,"turns":8},{"damage":8,"enemies":"Shelled Parasite and Fungi","floor":30,"turns":4},{"damage":11,"enemies":"Cultist and Chosen","floor":31,"turns":6},{"damage":1,"enemies":"Centurion and Healer","floor":33,"turns":7},{"damage":40,"enemies":"hubris:MusketHawk","floor":35,"turns":8},{"damage":2,"enemies":"Orb Walker","floor":37,"turns":3},{"damage":11,"enemies":"3 Darklings","floor":39,"turns":4},{"damage":12,"enemies":"Transient","floor":41,"turns":5},{"damage":39,"enemies":"Reptomancer","floor":43,"turns":3}],"seed_played":"-2816074914498457438","potions_obtained":[{"floor":2,"key":"Explosive Potion"},{"floor":5,"key":"SmokeBomb"},{"floor":18,"key":"SteroidPotion"},{"floor":20,"key":"EssenceOfSteel"},{"floor":30,"key":"Fire Potion"},{"floor":31,"key":"LiquidMemories"},{"floor":35,"key":"Dexterity Potion"}],"is_trial":false,"path_per_floor":["M","M","?","$","M","PTL","PTL","R","$","T","T","M","E","M","R","$","R","B",null,"M","?","M","?","M","E","M","R","MIM","$","M","M","$","M","R","B",null,"M","?","M","?","M","R","E"],"character_chosen":"THE_SILENT","items_purchased":["Fluid Movement","Footwork","Noxious Fumes","StuffTheSpire:Injection"],"campfire_rested":1,"item_purchase_floors":[4,9,29,32],"current_hp_per_floor":[63,63,63,63,57,57,57,57,57,57,57,56,51,37,37,37,37,29,60,60,60,60,60,60,56,55,55,55,55,47,36,36,35,56,16,57,55,55,44,44,32,32,0,0],"gold":190,"neow_bonus":"NOSTALGIA","is_daily":false,"chose_seed":false,"campfire_upgraded":2,"win_rate":0.0,"timestamp":1608543115,"path_taken":["M","M","?","?","M","PTL","PTL","R","$","?","T","?","E","?","R","?","R","BOSS","M","?","M","?","?","E","M","R","MIM","$","M","M","?","M","R","BOSS","M","?","?","?","M","R","E"],"items_purchased_type":["Card","Card","Card","Card"],"build_version":"2020-12-13","purchased_purges":2,"victory":false,"max_hp_per_floor":[70,70,70,70,70,70,70,70,70,70,70,70,70,70,70,70,70,70,70,70,70,70,70,70,70,70,70,70,70,70,70,70,70,70,70,70,70,70,70,70,70,70,70,70],"relic_stats":{"Busted Crown":8,"counters":[21,121],"Gambling Chip":[31],"obtain_stats":[{"Replay:M_StaffOfTheSnake":0,"Busted Crown":36,"aspiration:Nostalgia":0,"Gambling Chip":13,"jedi:matchstick":25,"Replay:Kaleidoscope":10,"CCEMRelics:WhiteRose":11,"energizedSpire:StickyHand":19,"Ring of the Snake":0},{"Replay:M_StaffOfTheSnake":0,"Busted Crown":17,"aspiration:Nostalgia":0,"Gambling Chip":5,"jedi:matchstick":11,"Replay:Kaleidoscope":3,"CCEMRelics:WhiteRose":3,"energizedSpire:StickyHand":7,"Ring of the Snake":0},{"Replay:M_StaffOfTheSnake":0,"Busted Crown":106,"aspiration:Nostalgia":0,"Gambling Chip":34,"jedi:matchstick":71,"Replay:Kaleidoscope":11,"CCEMRelics:WhiteRose":11,"energizedSpire:StickyHand":49,"Ring of the Snake":0}],"Ring of the Snake":[42]},"card_choices":[{"not_picked":["InnerPeace","StuffTheSpire:BumpUp"],"picked":"StuffTheSpire:Python","floor":1},{"not_picked":["Prepared","hubris:SlightOfHand"],"picked":"ThirdEye","floor":2},{"not_picked":["StuffTheSpire:BumpUp","Hidden Blade","Quick Slash"],"picked":"SKIP","floor":5},{"not_picked":["Infinite Blades","ThirdEye"],"picked":"Draining Mist","floor":12},{"not_picked":["Slice","Eviscerate"],"picked":"Deadly Poison","floor":13},{"not_picked":["Leg Sweep","A Thousand Cuts"],"picked":"Caltrops","floor":14},{"not_picked":["Phantasmal Killer","ReplayTheSpireMod:From All Sides"],"picked":"After Image","floor":18},{"not_picked":["Reflex","Hidden Blade+1"],"picked":"Replay:Poison Smokescreen+1","floor":20},{"not_picked":["Cloak And Dagger","Sneak Up+1","Dagger Spray"],"picked":"SKIP","floor":22},{"not_picked":["Underhanded Strike","infinitespire:Neurotoxin"],"picked":"StuffTheSpire:Repulse","floor":24},{"not_picked":["Choke","ReplayTheSpireMod:Scrap Shanks+1","Underhanded Strike"],"picked":"SKIP","floor":25},{"not_picked":["Accuracy","jedi:pocketpoison+1","Flying Knee"],"picked":"SKIP","floor":26},{"not_picked":["Sucker Punch","StuffTheSpire:Fury","Dodge and Roll"],"picked":"SKIP","floor":30},{"not_picked":["Setup+1","StuffTheSpire:BumpUp","Prepared+1"],"picked":"SKIP","floor":31},{"not_picked":["Masterful Stab","StuffTheSpire:ClusterCrunch+1","StuffTheSpire:Repulse+1"],"picked":"SKIP","floor":33},{"not_picked":["Cloak And Dagger+1"],"picked":"SKIP","floor":37},{"not_picked":["Slice"],"picked":"SKIP","floor":39},{"not_picked":["Quick Slash"],"picked":"SKIP","floor":41}],"player_experience":1000088,"relics_obtained":[{"floor":10,"key":"Replay:Kaleidoscope"},{"floor":11,"key":"CCEMRelics:WhiteRose"},{"floor":13,"key":"Gambling Chip"},{"floor":25,"key":"jedi:matchstick"}],"event_choices":[{"damage_healed":0,"gold_gain":0,"player_choice":"Ignored","damage_taken":0,"max_hp_gain":0,"max_hp_loss":0,"event_name":"betterNote:BetterNote","floor":21,"gold_loss":0,"cards_obtained":["conspire:SpireCoStock"]},{"damage_healed":0,"gold_gain":0,"player_choice":"Upgraded","damage_taken":0,"max_hp_gain":0,"max_hp_loss":0,"event_name":"Upgrade Shrine","floor":23,"gold_loss":0,"cards_upgraded":["Neutralize"]},{"damage_healed":0,"gold_gain":0,"cards_transformed":["Strike_G"],"player_choice":"Transformed","damage_taken":0,"max_hp_gain":0,"max_hp_loss":0,"event_name":"Transmorgrifier","floor":38,"gold_loss":0,"cards_obtained":["Adrenaline"]},{"cards_removed":["Strike_G"],"damage_healed":0,"gold_gain":0,"player_choice":"Removed Attack","damage_taken":0,"max_hp_gain":0,"max_hp_loss":0,"event_name":"Falling","floor":40,"gold_loss":0}],"is_beta":false,"boss_relics":[{"not_picked":["aspiration:FutureDiary","halation:CatFaceCupcake"],"picked":"energizedSpire:StickyHand"},{"not_picked":["aspiration:RandomNobGenerator","Abe\u0027s Treasure"],"picked":"Busted Crown"}],"items_purged_floors":[29,32],"is_endless":false,"potions_floor_spawned":[2,5,18,20,24,30,31,35,37,41],"killed_by":"Reptomancer","ascension_level":10}}