{"host":"k010f1crm27ngy21","time":1608527659,"event":{"mods":["Aspiration","Bard","BaseMod","Downfall","Minty Spire (QoL Compilation)","Replay The Spire","Shop Mod","Spicy Shops","StSLib","The Cursed","The Hierophant","The Runesmith","The Servant 0.9.4"],"gold_per_floor":[116,131,131,131,131,131,98,98,98,94,108,108,10038,10038,10038,5442,5442,4942,4942],"floor_reached":18,"playtime":725,"items_purged":["Bouncing Flask","Regret"],"score":596,"play_id":"c1d40fdc-6049-40a5-b899-611162a24533","local_time":"20201221131419","daily_mods":["SealedDeck","Vintage","Heirloom","Flight","downfall:Lament"],"is_ascension_mode":false,"campfire_choices":[{"data":"1","floor":6,"key":"LIFT"},{"data":"2","floor":15,"key":"LIFT"}],"circlet_count":0,"master_deck":["Blur","Bane","Bane","Replay:Poison Smokescreen+1","Replay:Poison Smokescreen","Catalyst","Noxious Fumes","Deadly Poison+1","Noxious Fumes","ReplayTheSpireMod:IOU","ReplayTheSpireMod:IOU","ReplayTheSpireMod:IOU","ReplayTheSpireMod:IOU","ReplayTheSpireMod:IOU","ReplayTheSpireMod:IOU","ReplayTheSpireMod:IOU","ReplayTheSpireMod:IOU","ReplayTheSpireMod:IOU","ReplayTheSpireMod:IOU","ReplayTheSpireMod:IOU","ReplayTheSpireMod:IOU","ReplayTheSpireMod:IOU","ReplayTheSpireMod:IOU","ReplayTheSpireMod:IOU","ReplayTheSpireMod:IOU","ReplayTheSpireMod:IOU","ReplayTheSpireMod:IOU","ReplayTheSpireMod:IOU","ReplayTheSpireMod:IOU","ReplayTheSpireMod:IOU","ReplayTheSpireMod:IOU","ReplayTheSpireMod:IOU","ReplayTheSpireMod:IOU","ReplayTheSpireMod:IOU","ReplayTheSpireMod:IOU","ReplayTheSpireMod:IOU","ReplayTheSpireMod:IOU","Clumsy","ReplayTheSpireMod:IOU","ReplayTheSpireMod:IOU","ReplayTheSpireMod:IOU","ReplayTheSpireMod:IOU","ReplayTheSpireMod:IOU","ReplayTheSpireMod:IOU","ReplayTheSpireMod:IOU","ReplayTheSpireMod:IOU","ReplayTheSpireMod:IOU","ReplayTheSpireMod:IOU","ReplayTheSpireMod:IOU","ReplayTheSpireMod:IOU","ReplayTheSpireMod:IOU","ReplayTheSpireMod:IOU","ReplayTheSpireMod:IOU","ReplayTheSpireMod:IOU","ReplayTheSpireMod:IOU","ReplayTheSpireMod:IOU","ReplayTheSpireMod:IOU","ReplayTheSpireMod:IOU","ReplayTheSpireMod:IOU","ReplayTheSpireMod:IOU","ReplayTheSpireMod:IOU","ReplayTheSpireMod:IOU","ReplayTheSpireMod:IOU","ReplayTheSpireMod:IOU","ReplayTheSpireMod:IOU","ReplayTheSpireMod:IOU","ReplayTheSpireMod:IOU","ReplayTheSpireMod:IOU","ReplayTheSpireMod:IOU","ReplayTheSpireMod:IOU","ReplayTheSpireMod:IOU","ReplayTheSpireMod:IOU","ReplayTheSpireMod:IOU","ReplayTheSpireMod:IOU","Amnesia","Poison Darts","AbeCurse"],"relics":["Ring of the Snake","Ring of Chaos","replay:Trail_Library","NeowsBlessing","Girya","Kunai","Paper Crane","Replay:Wax Seal","MerchantsRug","ReplayFunnel","TwistedFunnel","Matryoshka","HornCleat","White Beast Statue","ReplayTheSpireMod:TigerMarble","Snake Skull","ClockworkSouvenir","Ancient Tea Set","Basket Of Snakes","Darkstone Periapt","Strange Spoon","Molten Egg 2","Ring of Peace","ReplayTheSpireMod:Ring of Exchange","Abe\u0027s Treasure"],"acts_visited":["Exordium","TheCity"],"potions_floor_usage":[],"damage_taken":[{"damage":0,"enemies":"Jaw Worm","floor":1,"turns":1},{"damage":0,"enemies":"Small Slimes","floor":2,"turns":1},{"damage":0,"enemies":"2 Louse","floor":11,"turns":1},{"damage":90,"enemies":"Fading Forest","floor":16,"turns":11},{"damage":0,"enemies":"Chosen","floor":18,"turns":1}],"seed_played":"5379880426109387140","potions_obtained":[{"floor":2,"key":"Fire Potion"},{"floor":11,"key":"Weak Potion"},{"floor":16,"key":"Flashbang"}],"is_trial":true,"path_per_floor":["M","M","?","?","?","R","$","?","T","$","M","?","$","?","R","B",null,"M"],"character_chosen":"THE_SILENT","items_purchased":["Replay:Wax Seal","MerchantsRug","ReplayFunnel","TwistedFunnel","Matryoshka","HornCleat","Snake Skull","ClockworkSouvenir","Darkstone Periapt","Strange Spoon","Molten Egg 2"],"campfire_rested":0,"item_purchase_floors":[7,7,7,7,7,7,10,10,13,13,13],"current_hp_per_floor":[70,70,63,63,45,45,45,31,31,31,31,31,661,667,667,577,712,712,712],"gold":4942,"neow_bonus":"","is_daily":false,"chose_seed":false,"campfire_upgraded":0,"win_rate":0.0,"timestamp":1608527659,"path_taken":["M","M","?","?","?","R","$","?","T","$","?","?","?","?","R","BOSS","M"],"items_purchased_type":["Relic","Relic","Relic","Relic","Relic","Relic","Relic","Relic","Relic","Relic","Relic"],"build_version":"2020-12-13","purchased_purges":2,"victory":false,"max_hp_per_floor":[70,70,70,70,70,70,70,70,70,70,70,70,700,706,706,706,712,712,712],"card_choices":[{"not_picked":["Grand Finale+1","Storm of Steel"],"picked":"Poison Darts","floor":16}],"player_experience":127490,"relics_obtained":[{"floor":1,"key":"Kunai"},{"floor":2,"key":"Bottled Flame"},{"floor":9,"key":"White Beast Statue"},{"floor":9,"key":"ReplayTheSpireMod:TigerMarble"},{"floor":11,"key":"Ancient Tea Set"},{"floor":14,"key":"Ring of Peace"},{"floor":14,"key":"ReplayTheSpireMod:Ring of Exchange"}],"event_choices":[{"cards_removed":["Blur"],"damage_healed":0,"gold_gain":0,"player_choice":"Card Removal","damage_taken":7,"max_hp_gain":0,"max_hp_loss":0,"event_name":"Golden Wing","floor":3,"gold_loss":0},{"damage_healed":0,"gold_gain":0,"player_choice":"Leave","damage_taken":0,"max_hp_gain":0,"max_hp_loss":0,"event_name":"The Cleric","floor":4,"gold_loss":0},{"damage_healed":0,"gold_gain":0,"player_choice":"Success","damage_taken":18,"relics_obtained":["Paper Crane"],"max_hp_gain":0,"max_hp_loss":0,"event_name":"Scrap Ooze","floor":5,"gold_loss":0},{"damage_healed":0,"gold_gain":0,"player_choice":"Entered Light","damage_taken":14,"max_hp_gain":0,"max_hp_loss":0,"event_name":"Shining Light","floor":8,"gold_loss":0,"cards_upgraded":["Replay:Poison Smokescreen","Deadly Poison"]},{"damage_healed":0,"gold_gain":0,"player_choice":"Box","damage_taken":0,"relics_obtained":["Basket Of Snakes"],"max_hp_gain":0,"max_hp_loss":0,"event_name":"Big Fish","floor":12,"gold_loss":0,"cards_obtained":["Regret"]}],"is_beta":false,"boss_relics":[{"not_picked":["Guardian:BottledAnomaly","Ring of Chaos"],"picked":"Abe\u0027s Treasure"}],"items_purged_floors":[10,13],"is_endless":true,"potions_floor_spawned":[2,11,16],"killed_by":"Chosen","ascension_level":0}}