{"host":"o4pit0n7y0vm2e4t","time":1608593595,"event":{"mods":["Aspiration","BaseMod","Better Altar","Better Match","Better Note","Better Sensory Stone","Better Skull","Better Third Choice","Colored Map","Conspire","Downfall","Friendly Minions","Googly Eyes","Halation","Hermit","HexUI Lib","Hubris","Minty Spire (QoL Compilation)","RatMod","Replay The Spire","Robot Space Explorer","Spikes Relics","StSLib","The Hierophant","The Jungle","The Necromancer"],"gold_per_floor":[109,109,121,85,85,85,112,112,112,112,131,145,274,43,43,143,143,132,132,132,145,158,158,190,190,217,217,217,248,274,293,293,394,394,412,462,462,472,226,259,276,276,276,311,326,326,344,344,344,344],"floor_reached":51,"playtime":3102,"items_purged":["Strike_W"],"score":677,"play_id":"9260afee-e44b-46de-a0dd-8bc2071d5752","local_time":"20201221183315","is_ascension_mode":true,"campfire_choices":[{"data":"Death_Knell","floor":6.0,"key":"SMITH"},{"data":"Negative_Energy_Arrows","floor":8.0,"key":"SMITH"},{"data":"Bone_Wall","floor":10.0,"key":"SMITH"},{"floor":15.0,"key":"DIG"},{"data":"Summon_Vampire_Lady","floor":23,"key":"SMITH"},{"data":"Shade_Step","floor":27,"key":"SMITH"},{"data":"sneckomod:Unknown0Cost","floor":32,"key":"SMITH"},{"floor":42,"key":"DIG"},{"floor":49,"key":"REST"}],"circlet_count":0,"master_deck":["Defend_W","Defend_W","Defend_W","Defend_W","Negative_Energy_Arrows+1","Bone_Wall+1","Strike_from_Beyond","Death_Knell+1","Negative_Energy_Shield","Blood_Whip+1","Summon_Lich","Bone_Prison","Shade_Step+1","Grasp_Heart+1","Negative_Energy_Sphere+1","Bones_to_Steel","Summon_Vampire_Lady+1","rat:FanOfKnives+1","All Out Attack+1","Quick Slash+1","Uncharnel+1","Finger_Of_Death+1","Requiem+1","Stop_Heart","sneckomod:Unknown0Cost+1","Grasp_Heart+1","Spectral_Walk","Bone_Armory","Shade_Step+1","Summon_Undead+1"],"relics":["Vampire_Amulet","NeowsBlessing","betterThird:SlimedRelic","hubris:Icosahedron","Molten Egg 2","InkBottle","Blood Vial","Orrery","ReplayTheSpireMod:Shallot","conspire:SlowCooker","WingedGreaves","Ancient Tea Set","aspiration:HiddenCompartment","hubris:DisguiseKit","hubris:Stopwatch","Shovel","conspire:BottledYoYo","halation:Toothbrush","hubris:TinFlute","Shuriken","hubris:Reverence","ReplayFunnel","conspire:TopHat"],"acts_visited":["Exordium","TheCity","TheBeyond"],"potions_floor_usage":[35,47,47,50,50],"damage_taken":[{"damage":0.0,"enemies":"Jaw Worm","floor":1.0,"turns":1.0},{"damage":0.0,"enemies":"2 Louse","floor":3.0,"turns":1.0},{"damage":0.0,"enemies":"3 Sentries","floor":7.0,"turns":1.0},{"damage":0.0,"enemies":"Small Slimes","floor":11.0,"turns":3.0},{"damage":2.0,"enemies":"Looter","floor":12.0,"turns":3.0},{"damage":21.0,"enemies":"Gremlin Nob","floor":13.0,"turns":4.0},{"damage":6.0,"enemies":"The Guardian","floor":16.0,"turns":9.0},{"damage":0,"enemies":"2 Thieves","floor":18,"turns":4},{"damage":2,"enemies":"Shell Parasite","floor":21,"turns":4},{"damage":12,"enemies":"Snake Plant","floor":22,"turns":4},{"damage":10,"enemies":"Gremlin Leader","floor":24,"turns":5},{"damage":17,"enemies":"conspire:SneckoGhost","floor":29,"turns":6},{"damage":19,"enemies":"Book of Stabbing","floor":30,"turns":5},{"damage":11,"enemies":"Snecko","floor":31,"turns":5},{"damage":45,"enemies":"Champ","floor":33,"turns":8},{"damage":15,"enemies":"3 Darklings","floor":35,"turns":4},{"damage":14,"enemies":"Mind Bloom Boss Battle","floor":36,"turns":5},{"damage":2,"enemies":"Orb Walker","floor":38,"turns":4},{"damage":13,"enemies":"R_Hoarder","floor":40,"turns":6},{"damage":9,"enemies":"4 Shapes","floor":41,"turns":3},{"damage":14,"enemies":"Nemesis","floor":44,"turns":6},{"damage":5,"enemies":"3 Darklings","floor":45,"turns":3},{"damage":0,"enemies":"Writhing Mass","floor":47,"turns":4},{"damage":33,"enemies":"Replay:Hell Engine","floor":50,"turns":6}],"seed_played":"-9002613018832211033","potions_obtained":[{"floor":1.0,"key":"Strength Potion"},{"floor":7.0,"key":"DuplicationPotion"},{"floor":29,"key":"PowerPotion"},{"floor":31,"key":"Adrenaline Potion"},{"floor":36,"key":"FearPotion"},{"floor":40,"key":"Fire Potion"}],"is_trial":false,"path_per_floor":["M","?","M","?","?","R","E","R","T","R","M","M","E","$","R_BF","B",null,"M","$","?","M","M","R","E","?","T","R","?","E","E","M","R","B",null,"M","?","?","M","$","E","M","R","T","E","M","?","M","?","R","B",null],"character_chosen":"NECROMANCER","items_purchased":["Orrery","conspire:BottledYoYo"],"campfire_rested":1,"item_purchase_floors":[14,39],"current_hp_per_floor":[75,75,75,64,64,64,70,70,70,70,74,74,55,55,55,53,75,75,75,75,75,65,65,75,75,75,75,75,69,54,56,56,33,75,62,52,52,54,54,60,61,61,61,60,59,24,28,28,50,39],"gold":344,"neow_bonus":"THREE_ENEMY_KILL","is_daily":false,"chose_seed":false,"campfire_upgraded":6,"win_rate":0.0,"timestamp":1608593595,"path_taken":["M","?","M","?","?","R","E","R","T","R","M","M","E","?","R_BF","BOSS","M","$","?","M","M","R","E","?","T","R","?","E","E","M","R","BOSS","M","?","?","M","$","E","M","R","T","E","M","?","?","?","R","BOSS"],"items_purchased_type":["Relic","Relic"],"build_version":"2020-12-13","purchased_purges":1,"victory":true,"max_hp_per_floor":[75,75,75,75,75,75,75,75,75,75,75,75,75,75,75,75,75,75,75,75,75,75,75,75,75,75,75,75,75,75,75,75,75,75,75,75,75,75,75,75,75,75,75,75,75,75,75,75,75,75],"card_choices":[{"not_picked":["Siphon_Strength","Negative_Energy_Javelin"],"picked":"Strike_from_Beyond","floor":1.0},{"not_picked":["Blood_Curse","Scare"],"picked":"Negative_Energy_Shield","floor":3.0},{"not_picked":["Bone_Shift","Bone_Armory"],"picked":"Blood_Whip+1","floor":7.0},{"not_picked":["Toxic_Smoke_Screen","Negative_Energy_Javelin+1","Death_Coil+1"],"picked":"SKIP","floor":11.0},{"not_picked":["Cloudkill","Corrupt"],"picked":"Summon_Lich","floor":12.0},{"not_picked":["Blood_Whip+1","Vampiric_Strike+1"],"picked":"Bone_Prison","floor":13.0},{"not_picked":["Bones_to_Steel","Negative_Energy_Mist"],"picked":"Shade_Step","floor":14.0},{"not_picked":["Consume_Illness","Death_March_Dance+1"],"picked":"Grasp_Heart+1","floor":14.0},{"not_picked":["Blood_Curse+1","Reap_The_Weak+1"],"picked":"Negative_Energy_Sphere+1","floor":14.0},{"not_picked":["Consume_Illness","Shackles_Of_Pain"],"picked":"Bones_to_Steel","floor":14.0},{"not_picked":["Blood_Magic","Reap_The_Weak+1"],"picked":"Summon_Vampire_Lady","floor":16.0},{"not_picked":["Scare","Bone_Armor","Negative_Energy_Mist+1"],"picked":"SKIP","floor":18},{"not_picked":["Toxic_Smoke_Screen","Death_Coil+1"],"picked":"Uncharnel+1","floor":21},{"not_picked":["Death_March_Dance+1","Bone_Shift+1"],"picked":"Finger_Of_Death+1","floor":22},{"not_picked":["Necrotic_Claws+1","Toxic_Smoke_Screen"],"picked":"Requiem+1","floor":24},{"not_picked":["Necrotic_Claws+1","Acid_Javelin+1","Necromantic_Selection"],"picked":"SKIP","floor":29},{"not_picked":["Life_Drain+1","Death_March_Dance+1","Shackles_Of_Pain+1"],"picked":"SKIP","floor":30},{"not_picked":["Corrupt","Necromantic_Selection","Toxic_Smoke_Screen"],"picked":"sneckomod:Unknown0Cost","floor":31},{"not_picked":["Detonate_Bones+1","Requiem+1","sneckomod:UnknownRareAttack"],"picked":"Grasp_Heart+1","floor":33},{"not_picked":["Negative_Energy_Javelin+1","Shackles_Of_Pain","sneckomod:RainOfDice"],"picked":"Spectral_Walk","floor":35},{"not_picked":["Strike_from_Beyond+1","Vampiric_Strike+1","sneckomod:Unknown0Cost"],"picked":"Bone_Armory","floor":36},{"not_picked":["Summon_Undead_Army","Negative_Energy_Mist","sneckomod:Unknown1Cost"],"picked":"Shade_Step+1","floor":38},{"not_picked":["Cloudkill","Toxic_Smoke_Screen+1","Negative_Energy_Sphere+1","sneckomod:UnknownVulnerable"],"picked":"SKIP","floor":40},{"not_picked":["Exploit+1","Blood_Whip+1","Bone_Armor+1","sneckomod:DiceBoulder"],"picked":"SKIP","floor":41},{"not_picked":["Negative_Energy_Mist+1","Spectral_Walk+1","sneckomod:UnknownWeak"],"picked":"Summon_Undead+1","floor":44},{"not_picked":["Deaths_Shadow+1","Plague_Bolt+1","Consume_Illness","sneckomod:ImprovisedGuard"],"picked":"SKIP","floor":45},{"not_picked":["Death_Knell+1","Consume_Illness","Life_Tap","sneckomod:SnakeSap"],"picked":"SKIP","floor":47}],"player_experience":218784,"relics_obtained":[{"floor":7.0,"key":"Molten Egg 2"},{"floor":9.0,"key":"InkBottle"},{"floor":13.0,"key":"Blood Vial"},{"floor":15.0,"key":"ReplayTheSpireMod:Shallot"},{"floor":24,"key":"WingedGreaves"},{"floor":26,"key":"Ancient Tea Set"},{"floor":29,"key":"aspiration:HiddenCompartment"},{"floor":30,"key":"hubris:DisguiseKit"},{"floor":36,"key":"Shovel"},{"floor":40,"key":"halation:Toothbrush"},{"floor":42,"key":"hubris:TinFlute"},{"floor":43,"key":"Shuriken"},{"floor":44,"key":"hubris:Reverence"}],"event_choices":[{"damage_healed":0.0,"max_hp_gain":0.0,"max_hp_loss":0.0,"gold_gain":0.0,"event_name":"betterThird:BetterGoop","player_choice":"Slimed","floor":4.0,"gold_loss":36.0,"damage_taken":11.0},{"damage_healed":0,"gold_gain":0,"player_choice":"Read","damage_taken":0,"max_hp_gain":0,"max_hp_loss":0,"event_name":"The Library","floor":28,"gold_loss":0,"cards_obtained":["Stop_Heart"]},{"damage_healed":0,"gold_gain":0,"player_choice":"Fight","damage_taken":0,"max_hp_gain":0,"max_hp_loss":0,"event_name":"MindBloom","floor":36,"gold_loss":0},{"damage_healed":0,"gold_gain":0,"player_choice":"Leave","damage_taken":0,"max_hp_gain":0,"max_hp_loss":0,"event_name":"conspire:Investor","floor":37,"gold_loss":0},{"damage_healed":0,"gold_gain":0,"player_choice":"RE RE ","damage_taken":39,"relics_obtained":["ReplayFunnel","conspire:TopHat"],"max_hp_gain":0,"max_hp_loss":0,"event_name":"betterSkull:BetterSkull","floor":46,"gold_loss":0,"cards_upgraded":[]},{"damage_healed":0,"gold_gain":3,"player_choice":"1","damage_taken":0,"max_hp_gain":0,"max_hp_loss":0,"event_name":"betterStone:BetterStone","floor":48,"gold_loss":0}],"is_beta":false,"boss_relics":[{"not_picked":["Runic Pyramid","halation:PinkAlligatorPlush"],"picked":"conspire:SlowCooker"},{"not_picked":["Coffee Dripper","aspiration:RunicSpoon"],"picked":"hubris:Stopwatch"}],"items_purged_floors":[14],"is_endless":false,"potions_floor_spawned":[1,7,13,22,24,29,30,31,36,40,45],"ascension_level":1}}