{"host":"zivz6e0vf73jivdq","time":1608550318,"event":{"mods":["ATMod(阿瑾Mod)","Act Like it!","BaseMod","Friendly Minions","Gensokyo","HololiveMod","Koishi","Marisa（F雨　魔理沙）","Minty Spire (QoL Compilation)","MostiFishMod","Pale of the Ancients","Prisma Mod","Reimu（博丽灵梦）","Remilia（蕾米莉亚）","Replay The Spire","RumiaBox-露米娅的神秘盒子","StSLib","The Jungle","The Servant 0.9.4","Youmu（魂魄妖梦）","【东方二次创作】八云紫mod","【遗物卡牌】REMEMod"],"gold_per_floor":[137,137,137,137,184,232,232,278,278,278,324,325,325],"floor_reached":12,"playtime":1018,"items_purged":[],"score":120,"play_id":"ad36853c-28b9-4fc6-8667-82f445e1c648","local_time":"20201221193158","is_ascension_mode":true,"campfire_choices":[{"data":"Robbery","floor":7,"key":"SMITH"}],"circlet_count":0,"master_deck":["Strike_MRS","Strike_MRS","Defend_MRS","Defend_MRS","Defend_MRS","MasterSpark","UpSweep","Robbery+1","PrismaMod:MiyuCarnivalDefend","AT_ShadowStep","Acceleration","Gensokyo:MarisaTwilightSpark","TreasureHunter+1","UnstableBomb"],"relics":["MiniHakkero","DaveBox","REME_ComplimentaryCards","AT_ATBox","BrkXgEgg","Question Card","MagicDraw4","FossilizedHelix"],"acts_visited":["Exordium"],"potions_floor_usage":[],"damage_taken":[{"damage":5,"enemies":"Gensokyo:3_Fairies","floor":1,"turns":4},{"damage":8,"enemies":"Gensokyo:Gryphon","floor":5,"turns":4},{"damage":0,"enemies":"Gensokyo:Aya","floor":6,"turns":4},{"damage":24,"enemies":"Gensokyo:Cirno","floor":8,"turns":8},{"damage":1,"enemies":"Gensokyo:2_Kodama","floor":11,"turns":3},{"damage":7,"enemies":"Gensokyo:Aya","floor":12,"turns":2}],"seed_played":"-3723973795956399072","potions_obtained":[{"floor":6,"key":"LiquidBronze"}],"is_trial":false,"path_per_floor":["M","?","?","?","M","E","R","E","T","?","M","E"],"character_chosen":"MARISA","items_purchased":[],"campfire_rested":0,"item_purchase_floors":[],"current_hp_per_floor":[70,70,40,40,32,32,32,8,8,8,7,0,0],"gold":325,"neow_bonus":"THREE_CARDS","is_daily":false,"chose_seed":false,"campfire_upgraded":1,"win_rate":0.0,"timestamp":1608550318,"path_taken":["M","?","?","?","M","E","R","E","T","?","M","E"],"items_purchased_type":[],"build_version":"2020-12-13","purchased_purges":0,"victory":false,"max_hp_per_floor":[75,75,75,75,75,75,75,75,75,75,75,75,75],"card_choices":[{"not_picked":["WitchLeyline","DarkSpark"],"picked":"Robbery","floor":0},{"not_picked":["UnstableBomb","GravityBeat"],"picked":"Acceleration","floor":1},{"not_picked":["DC","LuminesStrike","ManaConvection","NonDirectionalLaser"],"picked":"SKIP","floor":5},{"not_picked":["MysteriousBeam","Acceleration","MagicAbsorber","LuminesStrike"],"picked":"SKIP","floor":6},{"not_picked":["FairyDestructionRay","NonDirectionalLaser","GrandCross"],"picked":"TreasureHunter+1","floor":8},{"not_picked":["Singularity","StarlightTyphoon","ManaConvection"],"picked":"UnstableBomb","floor":11}],"player_experience":720891,"relics_obtained":[{"floor":1,"key":"Question Card"},{"floor":6,"key":"MagicDraw4"},{"floor":8,"key":"FossilizedHelix"}],"event_choices":[],"is_beta":false,"boss_relics":[],"items_purged_floors":[],"is_endless":false,"potions_floor_spawned":[6],"killed_by":"Gensokyo:Aya","ascension_level":2}}