{"host":"30jsp143e4v19aze","time":1608579293,"event":{"mods":["BaseMod","Colored Map","Colored Powertips","Curses Come First","DeckTracker","Highlight Path","Minty Spire (QoL Compilation)","Quick Restart","Relic Stats","StSLib"],"gold_per_floor":[113,43,63,81,156,156,156,189,243,282,329,371,383,383],"floor_reached":13,"playtime":2172,"items_purged":[],"score":162,"play_id":"0c853457-8772-49cc-b07f-100e39f80676","local_time":"20201221203453","is_ascension_mode":true,"campfire_choices":[{"data":"Infinite Blades","floor":6,"key":"SMITH"}],"circlet_count":0,"master_deck":["AscendersBane","Strike_G","Strike_G","Strike_G","Strike_G","Defend_G","Defend_G","Defend_G","Defend_G","Defend_G","Survivor","Neutralize","Distraction","Sucker Punch","Infinite Blades+1","Accuracy","Grand Finale","Underhanded Strike","Acrobatics","Envenom","Acrobatics","Cloak And Dagger"],"relics":["Ring of the Snake","Art of War","CeramicFish","MawBank","Prayer Wheel"],"acts_visited":["Exordium"],"potions_floor_usage":[8],"damage_taken":[{"damage":7,"enemies":"Small Slimes","floor":1,"turns":4},{"damage":0,"enemies":"Cultist","floor":3,"turns":4},{"damage":3,"enemies":"Jaw Worm","floor":4,"turns":5},{"damage":16,"enemies":"Gremlin Nob","floor":8,"turns":3},{"damage":6,"enemies":"Blue Slaver","floor":10,"turns":5},{"damage":27,"enemies":"3 Sentries","floor":11,"turns":8},{"damage":3,"enemies":"2 Fungi Beasts","floor":12,"turns":3},{"damage":11,"enemies":"Lagavulin","floor":13,"turns":4}],"seed_played":"4495079407937890921","potions_obtained":[{"floor":4,"key":"AttackPotion"},{"floor":10,"key":"FairyPotion"},{"floor":12,"key":"Ancient Potion"}],"is_trial":false,"path_per_floor":["M","?","M","M","?","R","?","E","T","M","E","M","E"],"character_chosen":"THE_SILENT","items_purchased":[],"campfire_rested":0,"item_purchase_floors":[],"current_hp_per_floor":[52,52,52,49,38,38,38,22,22,16,14,11,0,0],"gold":383,"neow_bonus":"TRANSFORM_CARD","is_daily":false,"chose_seed":false,"campfire_upgraded":1,"win_rate":0.0,"timestamp":1608579293,"path_taken":["M","?","?","M","?","R","?","E","T","M","E","M","E"],"items_purchased_type":[],"build_version":"2020-12-13","purchased_purges":0,"victory":false,"max_hp_per_floor":[66,66,66,66,66,66,66,66,66,66,66,66,66,66],"relic_stats":{"counters":[8,36],"CeramicFish":36,"Prayer Wheel":1,"Art of War":[2],"MawBank":48,"obtain_stats":[{"CeramicFish":8,"Prayer Wheel":11,"Art of War":2,"MawBank":9,"Ring of the Snake":0},{"CeramicFish":4,"Prayer Wheel":6,"Art of War":1,"MawBank":4,"Ring of the Snake":0},{"CeramicFish":16,"Prayer Wheel":29,"Art of War":4,"MawBank":16,"Ring of the Snake":0}],"Ring of the Snake":[16]},"card_choices":[{"not_picked":["Cloak And Dagger","Distraction"],"picked":"Sucker Punch","floor":1},{"not_picked":["Bane","Outmaneuver"],"picked":"Infinite Blades","floor":3},{"not_picked":["Flechettes","Backflip"],"picked":"Accuracy","floor":4},{"not_picked":["Bane","Sucker Punch","Tactician"],"picked":"SKIP","floor":8},{"not_picked":["Prepared","Finisher"],"picked":"Acrobatics","floor":10},{"not_picked":["Heel Hook","Backflip"],"picked":"Envenom","floor":11},{"not_picked":["Eviscerate","Dagger Spray"],"picked":"Acrobatics","floor":12},{"not_picked":["Masterful Stab","Acrobatics"],"picked":"Cloak And Dagger","floor":12}],"player_experience":3023803,"relics_obtained":[{"floor":8,"key":"CeramicFish"},{"floor":9,"key":"MawBank"},{"floor":11,"key":"Prayer Wheel"}],"event_choices":[{"damage_healed":0,"gold_gain":0,"player_choice":"Paid Gold","damage_taken":0,"relics_obtained":["Art of War"],"max_hp_gain":0,"max_hp_loss":0,"event_name":"WeMeetAgain","floor":2,"gold_loss":70},{"damage_healed":0,"gold_gain":75,"player_choice":"Gather Gold","damage_taken":11,"max_hp_gain":0,"max_hp_loss":0,"event_name":"World of Goop","floor":5,"gold_loss":0},{"damage_healed":0,"gold_gain":0,"player_choice":"2 cards matched","damage_taken":0,"max_hp_gain":0,"max_hp_loss":0,"event_name":"Match and Keep!","floor":7,"gold_loss":0,"cards_obtained":["Grand Finale","Underhanded Strike"]}],"is_beta":false,"boss_relics":[],"items_purged_floors":[],"is_endless":false,"potions_floor_spawned":[4,10,12],"killed_by":"Lagavulin","ascension_level":14}}