{"host":"d8hh7rr4yzitjeuj","time":1608541610,"event":{"mods":["2.2 Compatiblity","AchievementEnabler","BaseMod","CapriCore","Colored Map","Colored Powertips","Highlight Path","Keyboard Shortcuts","Marisa£¨Ùöéë¡¡Øª×âÞÞ£©","Minty Spire (QoL Compilation)","Permanent Neow","Quick Restart","StSLib","SuperFastMode"],"gold_per_floor":[116,116,142,142,167,167,167,167],"floor_reached":7,"playtime":187,"items_purged":[],"score":55,"play_id":"893ee742-9ff0-4887-9a89-34ed8963200f","local_time":"20201221180650","is_ascension_mode":true,"campfire_choices":[{"data":"WitchOfGreed","floor":6,"key":"SMITH"}],"circlet_count":0,"master_deck":["Strike_MRS","Strike_MRS","Strike_MRS","Strike_MRS","Defend_MRS","Defend_MRS","Defend_MRS","Defend_MRS","MasterSpark+1","UpSweep","EscapeVelocity","WitchOfGreed+1","Regret","WitchLeyline","MagicChant"],"relics":["MiniHakkero","Turnip"],"acts_visited":["Exordium"],"potions_floor_usage":[5,5,7],"damage_taken":[{"damage":2,"enemies":"Jaw Worm","floor":1,"turns":3},{"damage":6,"enemies":"2 Louse","floor":3,"turns":3},{"damage":17,"enemies":"Cultist","floor":5,"turns":4},{"damage":43,"enemies":"3 Sentries","floor":7,"turns":4}],"seed_played":"2835145063893554302","potions_obtained":[{"floor":3,"key":"EntropicBrew"}],"is_trial":false,"path_per_floor":["M","?","M","?","M","R","E"],"character_chosen":"MARISA","items_purchased":[],"campfire_rested":0,"item_purchase_floors":[],"current_hp_per_floor":[66,66,60,60,43,43,0,0],"gold":167,"neow_bonus":"ONE_RANDOM_RARE_CARD","is_daily":false,"chose_seed":false,"campfire_upgraded":1,"win_rate":0.0,"timestamp":1608541610,"path_taken":["M","?","M","?","M","R","E"],"items_purchased_type":[],"build_version":"2020-12-13","purchased_purges":0,"victory":false,"max_hp_per_floor":[75,75,75,75,75,75,75,75],"card_choices":[{"not_picked":["GalacticHalo","MagicChant"],"picked":"WitchOfGreed","floor":1},{"not_picked":["WitchOfGreed","SporeBomb"],"picked":"WitchLeyline","floor":3},{"not_picked":["DC","EventHorizon"],"picked":"MagicChant","floor":5}],"player_experience":1424057,"relics_obtained":[],"event_choices":[{"damage_healed":0,"gold_gain":0,"player_choice":"Box","damage_taken":0,"relics_obtained":["Turnip"],"max_hp_gain":0,"max_hp_loss":0,"event_name":"Big Fish","floor":2,"gold_loss":0,"cards_obtained":["Regret"]},{"damage_healed":0,"gold_gain":0,"player_choice":"Upgraded","damage_taken":0,"max_hp_gain":0,"max_hp_loss":0,"event_name":"Upgrade Shrine","floor":4,"gold_loss":0,"cards_upgraded":["MasterSpark"]}],"is_beta":false,"boss_relics":[],"items_purged_floors":[],"is_endless":false,"potions_floor_spawned":[3],"killed_by":"3 Sentries","ascension_level":7}}