{"host":"9jbduwjxg0e72hbg","time":1608521659,"event":{"mods":["AchievementEnabler","Act Like it!","Aspiration","BaseMod","Better Match","Better Skull","Better Third Choice","BetterRewards","Conspire","Downfall","Elementarium","Energized Spire","Gensokyo","GifTheSpireLib","Gold Saver","GungeonMod","Hallownest","Hubris","Infinite Spire","Jedi Mod","Marisa????????","Menagerie","Minty Spire (QoL Compilation)","Pale of the Ancients","Replay The Spire","SCP261 Mod","Shop Mod","Spicy Shops","StSLib","Stuff the Spire","The Animator","The Blue Laboratory","The Gatherer","Wandering Minibosses","vexMod"],"gold_per_floor":[948,948,948,968,987,1019,1086,1086,1086,1086],"floor_reached":8,"playtime":1096,"items_purged":["animator:Boros+1"],"score":95,"play_id":"b88c0a8a-4baf-4910-a317-a94ff30ffe73","local_time":"20201220193419","is_ascension_mode":true,"campfire_choices":[],"circlet_count":0,"master_deck":["animator:Boros+1","hexamod:Sear+1","hexamod:Float+1","Specialist+1","hexamod:SixthSeal","hexamod:FifthSeal","hexamod:SixthSeal","hexamod:ThirdSeal","animator:Chaa+1","hexamod:Firestarter+1","hexamod:FirstSeal","hexamod:FourthSeal","animator:Vesta+1","hexamod:SecondSeal","hexamod:ThirdSeal","hexamod:RadiantFlame+1","hexamod:Rewind","hexamod:Hexaguard","hexamod:SixthSeal","hexamod:SoulSteal","hexamod:HeatMetal"],"relics":["DemoMod:LamentConfigurum","DemoMod:LamentConfigurum","ReplayTheSpireMod:Ring of Challenge","hubris:TinFlute","hubris:TenFootPole","Gensokyo:PortableGap","Mummified Hand","Ring of Chaos","conspire:InfiniteJournal","Boot","vexMod:BarristanHead","hubris:DisguiseKit","Unceasing Top","DemoMod:Bottle"],"acts_visited":["Exordium"],"potions_floor_usage":[6,7,7,8,8],"damage_taken":[{"damage":3,"enemies":"Menagerie:MonstrousExperiment","floor":1,"turns":4},{"damage":14,"enemies":"Menagerie:2_RABBITS","floor":4,"turns":4},{"damage":6,"enemies":"Menagerie:WhisperingWraith","floor":5,"turns":3},{"damage":15,"enemies":"Menagerie:VoidReaper","floor":6,"turns":3},{"damage":31,"enemies":"Menagerie:Hydra","floor":7,"turns":8},{"damage":14,"enemies":"Menagerie:VoidReaper","floor":8,"turns":4}],"seed_played":"-4550349696818918334","potions_obtained":[{"floor":1,"key":"Swift Potion"},{"floor":4,"key":"sneckomod:MuddlingPotion"},{"floor":6,"key":"Flashbang"},{"floor":6,"key":"blueLaboratory:PolymorphPotion"},{"floor":7,"key":"Languid Potion"},{"floor":7,"key":"blueLaboratory:ArtificerPotion"}],"is_trial":false,"path_per_floor":["M","?","?","M","M","E","E","E"],"character_chosen":"THE_SPIRIT","items_purchased":["Specialist","hubris:TenFootPole"],"campfire_rested":0,"item_purchase_floors":[0,0],"current_hp_per_floor":[67,67,29,15,9,21,10,0,0,0],"gold":1086,"neow_bonus":"","is_daily":false,"chose_seed":false,"campfire_upgraded":0,"win_rate":0.0,"timestamp":1608521659,"path_taken":["M","?","?","?","M","E","E","E"],"items_purchased_type":["Card","Relic"],"build_version":"2020-12-13","purchased_purges":1,"victory":false,"max_hp_per_floor":[70,70,70,70,70,67,64,64,64,64],"card_choices":[{"not_picked":["hexamod:SpectersWail","hexamod:AdvancingGuard","hexamod:BacktrackSmack"],"picked":"SKIP","floor":1},{"not_picked":["hexamod:SecondSeal","hexamod:FourthSeal","hexamod:FirstSeal"],"picked":"hexamod:SixthSeal","floor":4},{"not_picked":["hexamod:SecondSeal","hexamod:SixthSeal","hexamod:FourthSeal"],"picked":"hexamod:ThirdSeal","floor":4},{"not_picked":["hexamod:NightmareGuise","hexamod:GhostLash","hexamod:GhostShield","animator:IzunaHatsuse"],"picked":"SKIP","floor":4},{"not_picked":["hexamod:RainOfEmbers","hexamod:GhostLash","hexamod:InspiringFlames"],"picked":"animator:Chaa","floor":5},{"not_picked":["hexamod:AdvancingGuard","hexamod:DynamicBlow","animator:Alexander"],"picked":"hexamod:Firestarter","floor":5},{"not_picked":["hexamod:SecondSeal","hexamod:FourthSeal","hexamod:SixthSeal"],"picked":"hexamod:FirstSeal","floor":5},{"not_picked":["hexamod:ThirdSeal","hexamod:SixthSeal","hexamod:SecondSeal"],"picked":"hexamod:FourthSeal","floor":5},{"not_picked":["hexamod:EtherealExpedition","hexamod:BurningTouch","hexamod:FastForward"],"picked":"animator:Vesta","floor":5},{"not_picked":["hexamod:SixthSeal","hexamod:FirstSeal","hexamod:FourthSeal"],"picked":"hexamod:SecondSeal","floor":6},{"not_picked":["hexamod:FourthSeal","hexamod:FirstSeal","hexamod:SixthSeal"],"picked":"hexamod:ThirdSeal","floor":6},{"not_picked":["hexamod:ShieldOfDarkness","hexamod:InspiringFlames","animator:Megumin"],"picked":"hexamod:RadiantFlame","floor":6},{"not_picked":["hexamod:TurnItUp","hexamod:RetreatToShadows","hexamod:GiftsFromTheDead","animator:Wiz"],"picked":"SKIP","floor":6},{"not_picked":["hexamod:GhostShield","hexamod:GhostLash","hexamod:FastForward","animator:Emonzaemon"],"picked":"SKIP","floor":6},{"not_picked":["hexamod:RecurringNightmare","hexamod:HauntingEcho","animator:Azekura"],"picked":"hexamod:Rewind","floor":7},{"not_picked":["hexamod:DynamicBlow","hexamod:SwordOfDarkness","animator:Rider"],"picked":"hexamod:Hexaguard","floor":7},{"not_picked":["hexamod:ApocalypseNow","hexamod:SkipABeat","animator:YachiyoNanami"],"picked":"hexamod:SixthSeal","floor":7},{"not_picked":["hexamod:BacktrackSmack","hexamod:FlamesFromBeyond","animator:EmiyaShirou"],"picked":"hexamod:SoulSteal","floor":7},{"not_picked":["hexamod:HexaLevel","hexamod:FastForward","animator:Togame"],"picked":"hexamod:HeatMetal","floor":7},{"not_picked":["hexamod:BacktrackSmack","hexamod:NightmareGuise","hexamod:GhostLash","animator:Shion"],"picked":"SKIP","floor":7}],"player_experience":876669,"relics_obtained":[{"floor":6,"key":"Unceasing Top"},{"floor":7,"key":"DemoMod:Bottle"}],"event_choices":[{"damage_healed":0,"gold_gain":0,"player_choice":"Enter","damage_taken":0,"relics_obtained":["Menagerie:MalignantTentacle"],"max_hp_gain":0,"max_hp_loss":0,"event_name":"Menagerie:CorruptingLight","floor":2,"gold_loss":0,"cards_upgraded":["Specialist","hexamod:Sear"]},{"damage_healed":0,"gold_gain":0,"player_choice":"UP UP UP RE RE ","damage_taken":87,"relics_obtained":["Boot","vexMod:BarristanHead"],"max_hp_gain":0,"max_hp_loss":0,"event_name":"betterSkull:BetterSkull","floor":3,"gold_loss":0,"cards_upgraded":["hexamod:Float"]}],"is_beta":false,"boss_relics":[],"items_purged_floors":[0],"is_endless":false,"potions_floor_spawned":[1,4],"killed_by":"Menagerie:VoidReaper","ascension_level":1}}