{"host":"gbop6m4qugddaz18","time":1608567472,"event":{"mods":["2.2 Compatiblity","BaseMod","Better Third Choice","Block Reminder","Downfall","GifTheSpireLib","Highlight Path","Minty Spire (QoL Compilation)","Replay The Spire","StSLib"],"gold_per_floor":[99,99,134,134,167,167,167,167,167,197,197,214,230,242,258,362,362,362,382,402,402,72,72,84,96,134,146,182,194,225,248,260,260],"floor_reached":32,"playtime":1333,"items_purged":[],"score":392,"play_id":"266bc070-ca00-44e6-ba29-c9ee70373880","local_time":"20201221111752","is_ascension_mode":true,"campfire_choices":[{"data":"hexamod:Float","floor":1,"key":"SMITH"},{"data":"hexamod:SpectersWail","floor":4,"key":"SMITH"},{"data":"hexamod:GhostOfSpireFuture","floor":9,"key":"SMITH"},{"data":"hexamod:WildfireWeapon","floor":18,"key":"SMITH"},{"floor":21,"key":"REST"},{"floor":25,"key":"REST"},{"floor":27,"key":"REST"}],"circlet_count":0,"master_deck":["hexamod:Defend","hexamod:Defend","hexamod:Defend","hexamod:Defend","hexamod:Sear","hexamod:Float+1","hexamod:SpectersWail+1","hexamod:GhostOfSpireFuture+1","hexamod:FourthSeal","hexamod:SpectralAdrenaline+1","Regret","hexamod:NightmareStrike","hexamod:RadiantFlame","hexamod:Hexaguard","hexamod:ThirdSeal","hexamod:WildfireWeapon+1","hexamod:TimeOfNeed","CurseOfTheBell","hexamod:ShieldOfDarkness","hexamod:BurningTouch","hexamod:FlamesFromBeyond+1","hexamod:Hexaguard+1","hexamod:SpectersWail","hexamod:GhostLash","hexamod:TimeWarp","Shame","hexamod:Hexaguard","hexamod:WildfireWeapon","hexamod:GhostflameBarrier","hexamod:SwordOfDarkness","Bite","Bite","Bite","Bite","Bite","hexamod:BurningTouch+1","hexamod:AdvancingGuard+1","hexamod:SpectralAdrenaline","hexamod:SpectralAdrenaline"],"relics":["hexamod:SpiritBrand","downfall:HeartsMalice","Lantern","Tiny Chest","Pantograph","ReplayTheSpireMod:TigerMarble","Calling Bell","ReplayFunnel","Garlic","StoneCalendar","ReplayTheSpireMod:Shallot","MawBank","Dream Catcher","Shuriken","Ancient Tea Set"],"acts_visited":["Exordium","TheCity"],"potions_floor_usage":[16,16,26,30,31],"damage_taken":[{"damage":0,"enemies":"Gremlin Nob","floor":3,"turns":1},{"damage":0,"enemies":"3 Sentries","floor":5,"turns":1},{"damage":0,"enemies":"Cultist","floor":6,"turns":1},{"damage":29,"enemies":"Lagavulin","floor":10,"turns":7},{"damage":3,"enemies":"2 Louse","floor":12,"turns":2},{"damage":0,"enemies":"Small Slimes","floor":13,"turns":1},{"damage":6,"enemies":"2 Fungi Beasts","floor":14,"turns":2},{"damage":1,"enemies":"Large Slime","floor":15,"turns":3},{"damage":50,"enemies":"downfall:Ironclad","floor":16,"turns":8},{"damage":33,"enemies":"Spheric Guardian","floor":19,"turns":6},{"damage":23,"enemies":"Shelled Parasite and Fungi","floor":20,"turns":7},{"damage":2,"enemies":"downfall:FleeingMerchant","floor":22,"turns":4},{"damage":11,"enemies":"Slavers","floor":26,"turns":6},{"damage":0,"enemies":"Chosen and Byrds","floor":30,"turns":5},{"damage":41,"enemies":"Centurion and Healer","floor":31,"turns":7},{"damage":13,"enemies":"3 Cultists","floor":32,"turns":2}],"seed_played":"8407260285935020311","potions_obtained":[{"floor":10,"key":"FearPotion"},{"floor":10,"key":"Fire Potion"},{"floor":12,"key":"Cursed Concoction"},{"floor":14,"key":"LiquidMemories"},{"floor":16,"key":"DuplicationPotion"},{"floor":16,"key":"Block Potion"},{"floor":20,"key":"Strength Potion"},{"floor":22,"key":"Guardian:BlockOnCardUsePotion"},{"floor":26,"key":"AttackPotion"},{"floor":30,"key":"Fire Potion"},{"floor":31,"key":"Fire Potion"}],"is_trial":false,"path_per_floor":["R","?","E","R","E","M","T","?","R","E","?","M","M","M","M","B",null,"R","M","M","R","$","?","T","R","E","R","T","?","M","M","M"],"character_chosen":"THE_SPIRIT","items_purchased":["ReplayTheSpireMod:Shallot","hexamod:TimeWarp"],"campfire_rested":3,"item_purchase_floors":[22,22],"current_hp_per_floor":[70,70,70,70,70,70,70,70,70,41,41,38,38,32,31,6,70,70,37,14,35,33,33,33,54,43,64,64,49,49,13,0,0],"gold":260,"neow_bonus":"THREE_ENEMY_KILL","is_daily":false,"chose_seed":false,"campfire_upgraded":4,"win_rate":0.0,"timestamp":1608567472,"path_taken":["R","?","E","R","E","M","T","?","R","E","?","M","M","M","M","BOSS","R","M","M","R","$","?","T","R","E","R","?","?","M","M","M"],"items_purchased_type":["Relic","Card"],"build_version":"2020-12-13","purchased_purges":0,"victory":false,"max_hp_per_floor":[70,70,70,70,70,70,70,70,70,70,70,70,70,70,70,70,70,70,70,70,70,70,70,70,70,70,70,70,49,49,49,49,49],"card_choices":[{"not_picked":["hexamod:SwordOfDarkness","hexamod:AdvancingGuard"],"picked":"hexamod:SpectersWail","floor":3},{"not_picked":["hexamod:ThermalTransfer","hexamod:NecessarySacrifice"],"picked":"hexamod:GhostOfSpireFuture","floor":5},{"not_picked":["hexamod:SkipABeat","hexamod:ThermalTransfer"],"picked":"hexamod:FourthSeal","floor":6},{"not_picked":["hexamod:GhostLash","hexamod:CrushingStance"],"picked":"hexamod:SpectralAdrenaline","floor":10},{"not_picked":["hexamod:ShieldOfDarkness","hexamod:Haunt"],"picked":"hexamod:NightmareStrike","floor":12},{"not_picked":["hexamod:Haunt","hexamod:ThermalTransfer"],"picked":"hexamod:RadiantFlame","floor":13},{"not_picked":["hexamod:SwordOfDarkness","hexamod:HauntingEcho"],"picked":"hexamod:Hexaguard","floor":14},{"not_picked":["hexamod:RainOfEmbers","hexamod:FastForward"],"picked":"hexamod:ThirdSeal","floor":15},{"not_picked":["hexamod:GiftsFromTheDead","hexamod:Toasty"],"picked":"hexamod:WildfireWeapon","floor":16},{"not_picked":["hexamod:UnlimitedPower","hexamod:GhostflameInferno"],"picked":"hexamod:TimeOfNeed","floor":16},{"not_picked":["hexamod:SwordOfDarkness","hexamod:InspiringFlames"],"picked":"hexamod:ShieldOfDarkness","floor":19},{"not_picked":["hexamod:FastForward","hexamod:GhostLash"],"picked":"hexamod:BurningTouch","floor":19},{"not_picked":["hexamod:RainOfEmbers","hexamod:HauntingEcho+1"],"picked":"hexamod:FlamesFromBeyond+1","floor":20},{"not_picked":["hexamod:NightmareStrike","hexamod:InspiringFlames"],"picked":"hexamod:Hexaguard+1","floor":20},{"not_picked":["hexamod:Hexaguard","hexamod:ThermalTransfer"],"picked":"hexamod:SpectersWail","floor":22},{"not_picked":["hexamod:FastForward","hexamod:RetreatToShadows+1"],"picked":"hexamod:GhostLash","floor":22},{"not_picked":["hexamod:GhostShield+1","hexamod:RainOfEmbers"],"picked":"hexamod:Hexaguard","floor":25},{"not_picked":["hexamod:BurningTouch+1","hexamod:NightmareStrike"],"picked":"hexamod:WildfireWeapon","floor":26},{"not_picked":["hexamod:InspiringFlames","hexamod:ApocalypticArmor"],"picked":"hexamod:GhostflameBarrier","floor":26},{"not_picked":["hexamod:SoulSteal","hexamod:FastForward"],"picked":"hexamod:SwordOfDarkness","floor":27},{"not_picked":["hexamod:InspiringFlames","hexamod:NightmareStrike+1"],"picked":"hexamod:BurningTouch+1","floor":30},{"not_picked":["hexamod:PowerFromBeyond","hexamod:HauntingEcho"],"picked":"hexamod:AdvancingGuard+1","floor":30},{"not_picked":["hexamod:InspiringFlames","hexamod:NightmareStrike"],"picked":"hexamod:SpectralAdrenaline","floor":31},{"not_picked":["hexamod:NightmareStrike","hexamod:NightmareGuise"],"picked":"hexamod:SpectralAdrenaline","floor":31}],"player_experience":570331,"relics_obtained":[{"floor":3,"key":"Lantern"},{"floor":5,"key":"Tiny Chest"},{"floor":7,"key":"Pantograph"},{"floor":10,"key":"ReplayTheSpireMod:TigerMarble"},{"floor":17,"key":"ReplayFunnel"},{"floor":17,"key":"Garlic"},{"floor":17,"key":"StoneCalendar"},{"floor":24,"key":"Dream Catcher"},{"floor":26,"key":"Shuriken"},{"floor":28,"key":"Ancient Tea Set"}],"event_choices":[{"damage_healed":0,"gold_gain":0,"player_choice":"Stole Relic","damage_taken":0,"relics_obtained":["MawBank"],"max_hp_gain":0,"max_hp_loss":0,"event_name":"Addict","floor":23,"gold_loss":0,"cards_obtained":["Shame"]},{"damage_healed":0,"gold_gain":0,"player_choice":"Became a vampire","damage_taken":0,"max_hp_gain":0,"max_hp_loss":21,"event_name":"Vampires","floor":29,"gold_loss":0,"cards_obtained":["Bite","Bite","Bite","Bite","Bite"]}],"is_beta":false,"boss_relics":[{"not_picked":["Astrolabe","Philosopher\u0027s Stone"],"picked":"Calling Bell"}],"items_purged_floors":[],"is_endless":false,"potions_floor_spawned":[10,12,13,14,16,20,30],"killed_by":"3 Cultists","ascension_level":1}}