{"host":"9l1t8qfvjw8023k6","time":1608573882,"event":{"mods":["AchievementEnabler","Aspiration","BaseMod","Conspire","Defuse TimeMaze Blight","Energized Spire","GungeonMod","Hubris","Infinite Spire","Jedi Mod","Lobotomy","Minty Spire (QoL Compilation)","Quick Restart","Replay The Spire","Shop Mod","StSLib","The Animator","The Bug Knight","The Construct","The Jungle","The Runesmith","The Servant 0.9.4"],"gold_per_floor":[116,189,189,189,189,189,189,189,189,189,189,228,248,284,284,374,374,392,392,6,6,6,6,6,6,6,59,69,69],"floor_reached":28,"playtime":918,"items_purged":[],"score":472,"play_id":"93c79657-5f96-4355-9e04-c4f5dc5a9c0e","local_time":"20201221110442","daily_mods":["Draft","Vintage","Heirloom","Time Dilation","Flight","DeadlyEvents","Elite Swarm"],"is_ascension_mode":true,"campfire_choices":[{"data":"Storm","floor":6,"key":"SMITH"},{"data":"Defragment","floor":7,"key":"SMITH"},{"data":"Crystallizer","floor":8,"key":"SMITH"},{"data":"FIFO Queue","floor":10,"key":"SMITH"},{"data":"jedi:reiji","floor":11,"key":"SMITH"},{"floor":15,"key":"REST"},{"floor":23,"key":"REST"},{"floor":24,"key":"REST"},{"data":"Buffer","floor":25,"key":"SMITH"}],"circlet_count":0,"master_deck":["AscendersBane","jedi:BurstLightning+1","BasicCrystalCard","jedi:markofdeath","Go for the Eyes","FIFO Queue+1","Beam Cell","BasicCrystalCard","jedi:reiji+1","Turbo","Doom and Gloom+1","Storm+1","Ball Lightning","Sweeping Beam","Loop+1","Crystallizer+1","Defragment+1","jedi:meditation","Buffer+1","Buffer","Self Repair","Self Repair","Replay:LoomingThreat"],"relics":["Unceasing Top","aspiration:AnachronicSnailShell","Vajra","jedi:cryingmask","conspire:DecoderRing","Golden Idol","Symbiotic Virus","hubris:DisguiseKit","Replay:WaspNest","Bag of Marbles","Black Star","infinitespire:Satchel","hubris:TenFootPole","PreservedInsect","Runic Capacitor","Replay:Bandana","Akabeko","StoneCalendar","jedi:angrymask","Whetstone","Pantograph"],"acts_visited":["Exordium","TheCity"],"potions_floor_usage":[12,27,27],"damage_taken":[{"damage":6,"enemies":"Small Slimes","floor":1,"turns":2},{"damage":7,"enemies":"Lagavulin","floor":12,"turns":3},{"damage":13,"enemies":"2 Louse","floor":13,"turns":3},{"damage":26,"enemies":"3 Sentries","floor":14,"turns":3},{"damage":12,"enemies":"The Guardian","floor":16,"turns":5},{"damage":4,"enemies":"Spheric Guardian","floor":18,"turns":4},{"damage":25,"enemies":"Gremlin Leader","floor":27,"turns":3},{"damage":35,"enemies":"Slavers","floor":28,"turns":2}],"seed_played":"1017507633643771400","potions_obtained":[{"floor":1,"key":"jedi:tentaclejuice"},{"floor":14,"key":"DuplicationPotion"},{"floor":18,"key":"FearPotion"}],"is_trial":true,"path_per_floor":["M","?","T","?","?","R","R","R","T","R","R","E","M","E","R","B",null,"M","$","$","?","AVR","R","R","R","T","E","E"],"character_chosen":"DEFECT","items_purchased":["hubris:TenFootPole","PreservedInsect","Runic Capacitor","Self Repair","Replay:Bandana","Akabeko"],"campfire_rested":3,"item_purchase_floors":[19,19,19,20,20,20],"current_hp_per_floor":[58,58,58,58,58,58,58,58,58,58,58,51,38,12,31,19,53,49,19,19,19,19,38,57,57,57,32,0,0],"gold":69,"neow_bonus":"","is_daily":false,"chose_seed":false,"campfire_upgraded":6,"win_rate":0.0,"timestamp":1608573882,"path_taken":["M","?","?","?","?","R","R","R","T","R","R","?","?","?","R","BOSS","M","?","$","?","AVR","R","R","R","T","E","?"],"items_purchased_type":["Relic","Relic","Relic","Card","Relic","Relic"],"build_version":"2020-12-13","purchased_purges":0,"victory":false,"max_hp_per_floor":[71,71,71,64,64,64,64,64,64,64,64,64,64,64,64,64,64,64,64,64,64,64,64,64,64,64,64,64,64],"card_choices":[{"not_picked":["FTL","Leap"],"picked":"jedi:BurstLightning","floor":0},{"not_picked":["Coolheaded","Stack"],"picked":"BasicCrystalCard","floor":0},{"not_picked":["ReplayTheSpireMod:Repulse","Compile Driver"],"picked":"jedi:markofdeath","floor":0},{"not_picked":["Rebound","Cold Snap"],"picked":"Go for the Eyes","floor":0},{"not_picked":["Time Bomb","Beam Cell"],"picked":"FIFO Queue","floor":0},{"not_picked":["jedi:BurstFrost","Barrage"],"picked":"Beam Cell","floor":0},{"not_picked":["Steam","Blizzard"],"picked":"BasicCrystalCard","floor":0},{"not_picked":["Steam","Stack"],"picked":"jedi:reiji","floor":0},{"not_picked":["Streamline","hubris:Ukulele"],"picked":"Turbo","floor":0},{"not_picked":["Redo","ReplayTheSpireMod:System Scan"],"picked":"Doom and Gloom","floor":0},{"not_picked":["Stack","jedi:blockon"],"picked":"Storm","floor":0},{"not_picked":["Cold Snap","Compile Driver"],"picked":"Ball Lightning","floor":0},{"not_picked":["Cold Snap","Scrape"],"picked":"Sweeping Beam","floor":0},{"not_picked":["Sunder","Melter"],"picked":"Loop","floor":0},{"not_picked":["Hologram","jedi:BurstLightning"],"picked":"Crystallizer","floor":0},{"not_picked":["Redo","Cold Snap"],"picked":"Defragment","floor":2},{"not_picked":["jedi:bruteforce","hubris:Prefetch"],"picked":"jedi:meditation","floor":12},{"not_picked":["Meteor Strike","jedi:BurstDark","Alpha"],"picked":"Buffer","floor":14},{"not_picked":["ReplayTheSpireMod:Omega Cannon","Core Surge","SpiritShield"],"picked":"Buffer","floor":16},{"not_picked":["hubris:Prefetch","jedi:bruteforce","Core Surge"],"picked":"Replay:LoomingThreat","floor":27}],"player_experience":177664,"relics_obtained":[{"floor":1,"key":"Vajra"},{"floor":2,"key":"jedi:cryingmask"},{"floor":3,"key":"conspire:DecoderRing"},{"floor":9,"key":"Symbiotic Virus"},{"floor":12,"key":"hubris:DisguiseKit"},{"floor":13,"key":"Replay:WaspNest"},{"floor":14,"key":"Bag of Marbles"},{"floor":18,"key":"infinitespire:Satchel"},{"floor":26,"key":"jedi:angrymask"},{"floor":27,"key":"Whetstone"},{"floor":27,"key":"Pantograph"}],"event_choices":[{"damage_healed":0,"gold_gain":0,"player_choice":"Lose Max HP","damage_taken":0,"relics_obtained":["Golden Idol"],"max_hp_gain":0,"max_hp_loss":7,"event_name":"Golden Idol","floor":4,"gold_loss":0}],"is_beta":false,"boss_relics":[{"not_picked":["jedi:paperlyon","Replay:Grab Bag"],"picked":"Black Star"}],"items_purged_floors":[],"is_endless":false,"potions_floor_spawned":[1,14,18],"killed_by":"Slavers","ascension_level":20}}