{"host":"hjw1ay65n7jm40lc","time":1608528520,"event":{"mods":["AchievementEnabler","BaseMod","Block Reminder","Colored Map","Colored Powertips","Downfall","Googly Eyes","Highlight Path","Minty Spire (QoL Compilation)","Quick Restart","Relic Stats","StSLib"],"gold_per_floor":[99,131,161,177,204,204,204,21,21,49,68,168,318,330,344,440,440,365,378,413,165,2,19,72,72,98,98,248,266,276,289,305,404,404,404,459,473,506,519,458,458,383,417,417,467,482,499,220,236,236],"floor_reached":51,"playtime":13494,"items_purged":["Injury","Slimebound:Icky","Clumsy","Doubt"],"score":962,"play_id":"9dbaa73c-db00-4631-8f7e-ab047f20ecf3","local_time":"20201221002840","is_ascension_mode":true,"campfire_choices":[{"data":"Guardian:TwinSlam","floor":1.0,"key":"SMITH"},{"data":"Guardian:CurlUp","floor":6.0,"key":"SMITH"},{"floor":9.0,"key":"REST"},{"data":"Guardian:FuturePlans","floor":18.0,"key":"SMITH"},{"data":"Guardian:ExploitGems","floor":25.0,"key":"SMITH"},{"data":"Guardian:FierceBash","floor":27,"key":"SMITH"},{"floor":35,"key":"RECALL"},{"floor":42,"key":"REST"},{"floor":44,"key":"REST"}],"circlet_count":0,"master_deck":["Guardian:Strike_Guardian","Guardian:Strike_Guardian","Guardian:Strike_Guardian","Guardian:Strike_Guardian","Guardian:Defend_Guardian","Guardian:Defend_Guardian","Guardian:Defend_Guardian","Guardian:Defend_Guardian","Guardian:CurlUp+1","Guardian:TwinSlam+1","Guardian:PiercingHide","Guardian:DonusPower","Guardian:EvasiveProtocol","Guardian:FuturePlans+1","Guardian:TimeSifter","Guardian:Clone","Guardian:ExploitGems+1","Guardian:PrismaticBeam","Guardian:Planning","Guardian:FierceBash+1","Guardian:ChargeUp","Guardian:Recover","Guardian:RevengeProtocol","Guardian:FloatingOrbs+1","Guardian:CompilePackage","Guardian:DecasProtection","Guardian:Clone","Guardian:CrystalBeam+1","Guardian:Orbwalk","Guardian:Gem_Synthetic"],"relics":["Cursed Key","Kunai","Question Card","Blood Vial","SlaversCollar","downfall:HeartBlessingGreen","InkBottle","Lantern","Turnip","Fusion Hammer","TungstenRod","Pen Nib","Regal Pillow","Smiling Mask","downfall:HeartBlessingRed","Darkstone Periapt","FossilizedHelix","ClockworkSouvenir"],"acts_visited":["Exordium","TheCity","TheBeyond"],"potions_floor_usage":[29,33,38,43,46,50,50],"damage_taken":[{"damage":62.0,"enemies":"Gremlin Nob","floor":2.0,"turns":6.0},{"damage":0.0,"enemies":"Small Slimes","floor":4.0,"turns":2.0},{"damage":0.0,"enemies":"Lagavulin","floor":5.0,"turns":7.0},{"damage":0.0,"enemies":"downfall:FleeingMerchant","floor":8.0,"turns":4.0},{"damage":10.0,"enemies":"3 Sentries","floor":10.0,"turns":8.0},{"damage":0.0,"enemies":"2 Louse","floor":11.0,"turns":2.0},{"damage":0.0,"enemies":"Jaw Worm","floor":14.0,"turns":1.0},{"damage":5.0,"enemies":"Exordium Thugs","floor":15.0,"turns":4.0},{"damage":20.0,"enemies":"downfall:Silent","floor":16.0,"turns":9.0},{"damage":10.0,"enemies":"Shell Parasite","floor":19.0,"turns":5.0},{"damage":0.0,"enemies":"Gremlin Leader","floor":20.0,"turns":10.0},{"damage":7.0,"enemies":"downfall:FleeingMerchant","floor":21.0,"turns":4.0},{"damage":5.0,"enemies":"downfall:FleeingMerchant","floor":22.0,"turns":4.0},{"damage":0.0,"enemies":"Chosen","floor":23.0,"turns":4.0},{"damage":4,"enemies":"Book of Stabbing","floor":26,"turns":4},{"damage":2,"enemies":"Shelled Parasite and Fungi","floor":29,"turns":4},{"damage":6,"enemies":"Snecko","floor":30,"turns":4},{"damage":4,"enemies":"Sentry and Sphere","floor":31,"turns":5},{"damage":5,"enemies":"Centurion and Healer","floor":32,"turns":5},{"damage":3,"enemies":"downfall:Defect","floor":33,"turns":6},{"damage":47,"enemies":"2 Orb Walkers","floor":36,"turns":5},{"damage":16,"enemies":"3 Shapes","floor":37,"turns":3},{"damage":9,"enemies":"Nemesis","floor":38,"turns":5},{"damage":0,"enemies":"Orb Walker","floor":39,"turns":3},{"damage":0,"enemies":"downfall:FleeingMerchant","floor":40,"turns":3},{"damage":16,"enemies":"Reptomancer","floor":43,"turns":4},{"damage":0,"enemies":"Mind Bloom Boss Battle","floor":45,"turns":5},{"damage":0,"enemies":"Spire Growth","floor":46,"turns":4},{"damage":0,"enemies":"Maw","floor":47,"turns":6},{"damage":0,"enemies":"Jaw Worm Horde","floor":49,"turns":4},{"damage":0,"enemies":"downfall:Watcher","floor":50,"turns":4}],"seed_played":"-2699243245441686081","potions_obtained":[{"floor":2.0,"key":"SkillPotion"},{"floor":4.0,"key":"sneckomod:MuddlingPotion"},{"floor":11.0,"key":"Guardian:StasisDiscoveryPotion"},{"floor":14.0,"key":"PowerPotion"},{"floor":19.0,"key":"EssenceOfSteel"},{"floor":20.0,"key":"Strength Potion"},{"floor":23.0,"key":"ColorlessPotion"},{"floor":30,"key":"CultistPotion"},{"floor":37,"key":"SpeedPotion"},{"floor":39,"key":"champ:CounterPotion"},{"floor":45,"key":"Block Potion"},{"floor":46,"key":"Guardian:StasisDiscoveryPotion"},{"floor":49,"key":"PowerPotion"}],"is_trial":false,"path_per_floor":["R","E","?","M","E","R","T","$","R","E","M","?","?","M","M","B",null,"R","M","E","$","$","M","T","R","E","R","?","M","M","M","M","B",null,"R","?","M","E","M","$","T","R","E","R","?","M","M","$","M","B",null],"character_chosen":"GUARDIAN","items_purchased":["Guardian:FuturePlans","Guardian:Gem_Cyan","Guardian:ExploitGems","Guardian:PrismaticBeam","Guardian:Gem_Red","Guardian:CompilePackage","Regal Pillow","Guardian:Orbwalk","ClockworkSouvenir"],"campfire_rested":3,"item_purchase_floors":[8,8,21,21,22,40,40,48,48],"current_hp_per_floor":[80,18,18,18,18,18,18,18,42,32,34,34,34,36,33,15,80,80,70,72,67,64,66,66,66,64,64,64,64,60,58,55,54,80,80,33,19,12,14,16,16,55,41,80,80,80,80,80,80,80],"gold":236,"neow_bonus":"BOSS_RELIC","is_daily":false,"chose_seed":false,"campfire_upgraded":5,"win_rate":0.0,"timestamp":1608528520,"path_taken":["R","E","?","M","E","R","T","$","R","E","M","?","?","?","M","BOSS","R","M","E","$","$","M","T","R","E","R","?","M","M","?","M","BOSS","R","?","M","E","M","$","T","R","E","R","?","M","M","$","M","BOSS"],"items_purchased_type":["Card","Card","Card","Card","Card","Card","Relic","Card","Relic"],"build_version":"2020-12-13","purchased_purges":4,"victory":true,"max_hp_per_floor":[80,80,80,80,80,80,80,80,80,80,80,80,80,80,80,80,80,80,80,80,80,80,80,80,80,80,80,80,80,80,80,80,80,80,80,80,80,80,80,80,80,80,80,80,80,80,80,80,80,80],"relic_stats":{"Darkstone Periapt":0,"Regal Pillow":30,"counters":[31,144],"Pen Nib":[7],"Cursed Key":3,"Question Card":27,"Smiling Mask":100,"Blood Vial":38,"Turnip":[12],"Kunai":[54],"obtain_stats":[{"Darkstone Periapt":43,"Lantern":24,"Regal Pillow":40,"downfall:HeartBlessingRed":42,"Guardian:ModeShifter":0,"Oddly Smooth Stone":7,"downfall:HeartBlessingGreen":18,"Pen Nib":38,"Cursed Key":0,"Question Card":5,"Smiling Mask":41,"ClockworkSouvenir":48,"Blood Vial":10,"SlaversCollar":17,"Turnip":26,"Fusion Hammer":34,"Kunai":2,"InkBottle":20,"TungstenRod":36,"FossilizedHelix":45},{"Darkstone Periapt":26,"Lantern":14,"Regal Pillow":25,"downfall:HeartBlessingRed":25,"Guardian:ModeShifter":0,"Oddly Smooth Stone":3,"downfall:HeartBlessingGreen":9,"Pen Nib":23,"Cursed Key":0,"Question Card":3,"Smiling Mask":25,"ClockworkSouvenir":29,"Blood Vial":5,"SlaversCollar":9,"Turnip":15,"Fusion Hammer":20,"Kunai":1,"InkBottle":11,"TungstenRod":21,"FossilizedHelix":27},{"Darkstone Periapt":121,"Lantern":70,"Regal Pillow":117,"downfall:HeartBlessingRed":117,"Guardian:ModeShifter":0,"Oddly Smooth Stone":15,"downfall:HeartBlessingGreen":43,"Pen Nib":111,"Cursed Key":0,"Question Card":15,"Smiling Mask":117,"ClockworkSouvenir":136,"Blood Vial":27,"SlaversCollar":43,"Turnip":74,"Fusion Hammer":98,"Kunai":6,"InkBottle":58,"TungstenRod":103,"FossilizedHelix":126}],"InkBottle":[52],"TungstenRod":6},"card_choices":[{"not_picked":["Guardian:DecasProtection","Guardian:Gem_Cyan"],"picked":"Guardian:Gem_Crimson","floor":2.0},{"not_picked":["Guardian:TemporalStrike","Guardian:TimeCapacitor"],"picked":"Guardian:PiercingHide","floor":4.0},{"not_picked":["Guardian:RollAttack","Guardian:TemporalStrike"],"picked":"Guardian:DonusPower","floor":5.0},{"not_picked":["Guardian:Reroute","Guardian:Gem_Green","Guardian:Clone"],"picked":"Guardian:EvasiveProtocol","floor":8.0},{"not_picked":["Guardian:SentryBeam","Guardian:Gem_Crimson","Guardian:StasisField"],"picked":"Guardian:TimeSifter","floor":10.0},{"not_picked":["Guardian:CrystalBeam","Guardian:WalkerClaw","Guardian:TemporalStrike"],"picked":"Guardian:Gem_White","floor":11.0},{"not_picked":["Guardian:TemporalShield","Guardian:ChargeCore","Guardian:PiercingHide"],"picked":"Guardian:Gem_Cyan","floor":14.0},{"not_picked":["Guardian:ChargeUp","Guardian:VentSteam","Guardian:SentryBeam"],"picked":"Guardian:Gem_Red","floor":15.0},{"not_picked":["Guardian:Gem_Synthetic","Guardian:GemFinder","Guardian:SphericShield"],"picked":"Guardian:Gem_Orange","floor":16.0},{"not_picked":["Guardian:ChargeUp","Guardian:Incinerate","Guardian:Gem_Crimson","Guardian:VentSteam"],"picked":"SKIP","floor":19.0},{"not_picked":["Guardian:Emergency","Guardian:FuturePlans","Guardian:Gem_Lightblue","Guardian:DecasProtection"],"picked":"SKIP","floor":20.0},{"not_picked":["Guardian:Suspension","Guardian:BronzeOrb","Guardian:Gem_White"],"picked":"Guardian:Clone","floor":21.0},{"not_picked":["Guardian:PolyBeam","Guardian:Gem_Cyan","Guardian:RefractedBeam+1"],"picked":"Guardian:Planning","floor":22.0},{"not_picked":["Guardian:PiercingHide","Guardian:TimeBomb","Guardian:ChargeCore"],"picked":"Guardian:Gem_Yellow","floor":23.0},{"not_picked":["Guardian:WalkerClaw","Guardian:DecasProtection","Guardian:ArmoredProtocol"],"picked":"Guardian:FierceBash","floor":26},{"not_picked":["Guardian:TimeBomb","Guardian:ChargeCore","Guardian:DecasProtection"],"picked":"Guardian:ChargeUp","floor":29},{"not_picked":["Guardian:PiercingHide","Guardian:PrimingBeam","Guardian:VentSteam"],"picked":"Guardian:Recover","floor":30},{"not_picked":["Guardian:Gem_Cyan","Guardian:DonusPower","Guardian:TemporalShield+1"],"picked":"Guardian:Gem_Red","floor":31},{"not_picked":["Guardian:Gem_Lightblue","Guardian:FuturePlans","Guardian:ShieldCharger","Guardian:Emergency"],"picked":"SKIP","floor":32},{"not_picked":["Guardian:StasisEngine","Guardian:ExploitGems","Guardian:CompilePackage"],"picked":"Guardian:RevengeProtocol","floor":33},{"not_picked":["Guardian:RollAttack+1","Guardian:Emergency+1","Guardian:TemporalStrike"],"picked":"Guardian:FloatingOrbs+1","floor":36},{"not_picked":["Guardian:Gem_Lightblue","Guardian:Gem_Red","Guardian:PrimingBeam"],"picked":"Guardian:Gem_Crimson","floor":37},{"not_picked":["Guardian:FuturePlans","Guardian:Recover+1","Guardian:Planning","Guardian:Gem_Red"],"picked":"SKIP","floor":38},{"not_picked":["Guardian:ChargeCore+1","Guardian:Gem_Crimson","Guardian:TemporalStrike","Guardian:Gem_Red"],"picked":"SKIP","floor":39},{"not_picked":["Guardian:Gem_Cyan","Guardian:GemFire","Guardian:Incinerate+1","Guardian:PrimingBeam"],"picked":"SKIP","floor":40},{"not_picked":["Guardian:Recover","Guardian:Gem_Blue","Guardian:Incinerate"],"picked":"Guardian:DecasProtection","floor":43},{"not_picked":["Guardian:PiercingHide","Guardian:Gem_Cyan","Guardian:SpikerProtocol+1"],"picked":"Guardian:Clone","floor":45},{"not_picked":["Guardian:RollAttack","Guardian:Gem_Lightblue","Guardian:Preprogram","Guardian:Planning+1"],"picked":"SKIP","floor":46},{"not_picked":["Guardian:PrismaticBeam+1","Guardian:TemporalStrike","Guardian:Reroute+1"],"picked":"Guardian:CrystalBeam+1","floor":47},{"not_picked":["Guardian:Incinerate","Guardian:Reroute+1","Guardian:Emergency+1"],"picked":"Guardian:Gem_Synthetic","floor":49}],"player_experience":425098,"relics_obtained":[{"floor":2.0,"key":"Kunai"},{"floor":5.0,"key":"Question Card"},{"floor":7.0,"key":"Oddly Smooth Stone"},{"floor":10.0,"key":"Blood Vial"},{"floor":20.0,"key":"InkBottle"},{"floor":24.0,"key":"Lantern"},{"floor":26,"key":"Turnip"},{"floor":36,"key":"TungstenRod"},{"floor":38,"key":"Pen Nib"},{"floor":41,"key":"Smiling Mask"},{"floor":43,"key":"Darkstone Periapt"},{"floor":45,"key":"FossilizedHelix"}],"event_choices":[{"damage_healed":0,"gold_gain":0,"player_choice":"Fight","damage_taken":0,"max_hp_gain":0,"max_hp_loss":0,"event_name":"Mysterious Sphere","floor":36,"gold_loss":0}],"is_beta":false,"boss_relics":[{"not_picked":["Ectoplasm","SacredBark"],"picked":"SlaversCollar"},{"not_picked":["Empty Cage","Coffee Dripper"],"picked":"Fusion Hammer"}],"items_purged_floors":[8,22,40,48],"is_endless":false,"potions_floor_spawned":[2,4,11,14,19,20,23,26,30,37,39,45,46,49],"ascension_level":3}}