{"host":"hf26dlu7397s98tc","time":1608562783,"event":{"mods":["Act Like it!","Astrologer","BaseMod","CapriCore","Duelist Mod","Elementarium","GifTheSpireLib","Hermit","Luminous","Minty Spire (QoL Compilation)","Pale of the Ancients","Pikachu Mod","Quick Restart","StSLib","The Gatherer","The Immortal","UnlockEverythingMod","【东方二次创作】八云紫mod"],"gold_per_floor":[113,73,73,73,73,103,103,121,121,132,307,136,149,168,168,273,273,287,187,187,187,203,231,231,244,270,286,286,314,314,35,35,140,190,205,205,219,69,83,83,99,99,122,122,122,122,135,152,152,152,152,152],"floor_reached":51,"playtime":2407,"items_purged":["Doubt","hermit:Defend_Hermit","hermit:Defend_Hermit","hermit:Defend_Hermit"],"score":775,"play_id":"2a3e7e0d-e0b5-485e-952d-d2e85e3541e0","local_time":"20201221225943","is_ascension_mode":false,"campfire_choices":[{"data":"hermit:Quickdraw","floor":7,"key":"SMITH"},{"data":"hermit:Desperado","floor":15,"key":"SMITH"},{"floor":24,"key":"REST"},{"floor":28,"key":"REST"},{"data":"hermit:FlashPowder","floor":32,"key":"SMITH"},{"data":"hermit:HeroicBravado","floor":40,"key":"SMITH"},{"data":"hermit:Determination","floor":42,"key":"SMITH"},{"data":"hermit:Gambit","floor":44,"key":"SMITH"},{"data":"hermit:Gestalt","floor":46,"key":"SMITH"},{"floor":49,"key":"REST"}],"circlet_count":0,"master_deck":["hermit:Strike_Hermit+1","hermit:Snapshot+1","hermit:Covet+1","hermit:Quickdraw+1","hermit:Determination+1","hermit:Determination+1","hermit:Desperado+1","hermit:Gambit+1","hermit:LowProfile+1","hermit:HoleUp","hermit:Gestalt+1","hermit:HeroicBravado+1","hermit:FlashPowder+1","hermit:HoleUp","hermit:Gestalt","hermit:LowProfile","hermit:HoleUp+1","hermit:SprayPray"],"relics":["hermit:Momento","NeowsBlessing","hermit:Spyglass","Pocketwatch","Mercury Hourglass","Empty Cage","HornCleat","Dream Catcher","Pen Nib","Medical Kit","Tiny House","Whetstone","paleoftheancients:Timepiece","Ice Cream","Gremlin Horn"],"acts_visited":["Exordium","TheCity","TheBeyond","paleoftheancients:PaleOfTheAncients"],"potions_floor_usage":[23,27,39],"damage_taken":[{"damage":0,"enemies":"Jaw Worm","floor":1,"turns":1},{"damage":0,"enemies":"Gremlin Nob","floor":6,"turns":1},{"damage":0,"enemies":"Small Slimes","floor":8,"turns":1},{"damage":0,"enemies":"2 Louse","floor":10,"turns":1},{"damage":2,"enemies":"Gremlin Gang","floor":13,"turns":3},{"damage":6,"enemies":"Blue Slaver","floor":14,"turns":3},{"damage":0,"enemies":"Slime Boss","floor":16,"turns":6},{"damage":15,"enemies":"Shell Parasite","floor":18,"turns":4},{"damage":4,"enemies":"2 Thieves","floor":22,"turns":4},{"damage":37,"enemies":"Slavers","floor":23,"turns":6},{"damage":0,"enemies":"Centurion and Healer","floor":25,"turns":6},{"damage":4,"enemies":"Cultist and Chosen","floor":27,"turns":7},{"damage":7,"enemies":"theDuelist:KaibaA2","floor":29,"turns":6},{"damage":4,"enemies":"Collector","floor":33,"turns":10},{"damage":6,"enemies":"3 Shapes","floor":35,"turns":6},{"damage":12,"enemies":"3 Darklings","floor":37,"turns":5},{"damage":14,"enemies":"Sphere and 2 Shapes","floor":39,"turns":6},{"damage":2,"enemies":"Transient","floor":41,"turns":5},{"damage":9,"enemies":"Jaw Worm Horde","floor":47,"turns":5},{"damage":2,"enemies":"Sphere and 2 Shapes","floor":48,"turns":7},{"damage":5,"enemies":"Time Eater","floor":50,"turns":9},{"damage":104,"enemies":"Time Eater","floor":51,"turns":7}],"seed_played":"-371795326506994756","potions_obtained":[{"floor":10,"key":"Swift Potion"},{"floor":13,"key":"Regen Potion"},{"floor":16,"key":"SpeedPotion"},{"floor":27,"key":"Fruit Juice"},{"floor":29,"key":"Block Potion"},{"floor":33,"key":"Weak Potion"},{"floor":37,"key":"hermit:Tonic"},{"floor":47,"key":"FearPotion"},{"floor":48,"key":"SteroidPotion"}],"is_trial":false,"path_per_floor":["M","$","?","?","?","E","R","M","T","M","?","$","M","M","R","B",null,"M","$","?","?","M","E","R","M","T","M","R","E","?","$","R","B",null,"M","?","M","$","M","R","M","R","T","R","?","R","M","M","R","B","M"],"character_chosen":"HERMIT","items_purchased":["hermit:Determination","hermit:ShadowCloak","hermit:LowProfile","Medical Kit"],"campfire_rested":3,"item_purchase_floors":[2,12,12,31],"current_hp_per_floor":[75,75,57,42,42,42,42,42,42,42,42,42,40,34,34,34,75,60,60,46,46,42,20,44,44,44,45,70,63,63,63,63,59,90,84,84,72,72,58,58,56,56,56,56,56,56,47,45,72,90,90,90],"gold":152,"neow_bonus":"THREE_ENEMY_KILL","is_daily":false,"chose_seed":false,"campfire_upgraded":7,"win_rate":0.0,"timestamp":1608562783,"path_taken":["M","$","?","?","?","E","R","M","T","?","?","$","M","M","R","BOSS","M","$","?","?","M","E","R","?","T","M","R","E","?","$","R","BOSS","M","?","M","$","M","R","?","R","T","R","?","R","M","M","R","BOSS","M"],"items_purchased_type":["Card","Card","Card","Relic"],"build_version":"2020-12-13","purchased_purges":4,"victory":false,"max_hp_per_floor":[75,75,75,75,75,75,75,75,75,75,75,75,75,75,75,75,75,75,75,80,80,80,80,80,80,80,85,85,85,85,85,85,85,90,90,90,90,90,90,90,90,90,90,90,90,90,90,90,90,90,90,90],"card_choices":[{"not_picked":["hermit:HoleUp","hermit:Coalescence"],"picked":"hermit:Quickdraw","floor":1},{"not_picked":["hermit:TakeAim","hermit:Misfire"],"picked":"hermit:Determination","floor":6},{"not_picked":["hermit:Quickdraw","hermit:Misfire"],"picked":"hermit:Desperado","floor":8},{"not_picked":["hermit:Virtue","hermit:CalledShot"],"picked":"hermit:Gambit","floor":10},{"not_picked":["hermit:Roulette","hermit:Quickdraw"],"picked":"hermit:HoleUp","floor":13},{"not_picked":["hermit:Manifest","hermit:Dive"],"picked":"hermit:Gestalt","floor":14},{"not_picked":["hermit:Purgatory","hermit:RoundhouseKick"],"picked":"hermit:HeroicBravado","floor":16},{"not_picked":["hermit:TrackingShot","hermit:Snipe"],"picked":"hermit:FlashPowder","floor":18},{"not_picked":["hermit:LuckOfTheDraw","hermit:Desperado"],"picked":"hermit:HoleUp","floor":22},{"not_picked":["hermit:Feint+1","hermit:HighCaliber"],"picked":"hermit:Gestalt","floor":23},{"not_picked":["hermit:Feint","hermit:Malice"],"picked":"hermit:LowProfile","floor":25},{"not_picked":["hermit:Dive","hermit:TakeCover+1","hermit:Gestalt"],"picked":"SKIP","floor":27},{"not_picked":["hermit:HighCaliber+1","hermit:Midnight+1"],"picked":"hermit:HoleUp+1","floor":28},{"not_picked":["hermit:FromBeyond","hermit:Misfire+1","hermit:Vantage"],"picked":"SKIP","floor":29},{"not_picked":["hermit:LowProfile","hermit:Headshot","hermit:LuckOfTheDraw+1"],"picked":"SKIP","floor":35},{"not_picked":["hermit:Spite","hermit:Ricochet+1","hermit:Shortfuse"],"picked":"SKIP","floor":37},{"not_picked":["hermit:Snipe","hermit:ItchyTrigger+1","hermit:Coalescence+1"],"picked":"SKIP","floor":39},{"not_picked":["hermit:HoleUp","hermit:Ricochet","hermit:Snipe"],"picked":"SKIP","floor":41},{"not_picked":["hermit:Spite","hermit:TakeAim","hermit:Ricochet"],"picked":"SKIP","floor":47},{"not_picked":["hermit:Gestalt","hermit:PistolWhip","hermit:NoHoldsBarred"],"picked":"SKIP","floor":48}],"player_experience":189763,"relics_obtained":[{"floor":6,"key":"Pocketwatch"},{"floor":9,"key":"Mercury Hourglass"},{"floor":23,"key":"HornCleat"},{"floor":26,"key":"Dream Catcher"},{"floor":29,"key":"Pen Nib"},{"floor":43,"key":"Whetstone"}],"event_choices":[{"damage_healed":0,"gold_gain":0,"player_choice":"Success","damage_taken":18,"relics_obtained":["hermit:Spyglass"],"max_hp_gain":0,"max_hp_loss":0,"event_name":"Scrap Ooze","floor":3,"gold_loss":0},{"damage_healed":0,"gold_gain":0,"player_choice":"Entered Light","damage_taken":15,"max_hp_gain":0,"max_hp_loss":0,"event_name":"Shining Light","floor":4,"gold_loss":0,"cards_upgraded":["hermit:Covet","hermit:Determination"]},{"cards_removed":["hermit:Strike_Hermit"],"damage_healed":0,"gold_gain":0,"player_choice":"Forget","damage_taken":0,"max_hp_gain":0,"max_hp_loss":0,"event_name":"Living Wall","floor":5,"gold_loss":0},{"damage_healed":0,"gold_gain":175,"player_choice":"AGREE","damage_taken":0,"max_hp_gain":0,"max_hp_loss":0,"event_name":"Liars Game","floor":11,"gold_loss":0,"cards_obtained":["Doubt"]},{"damage_healed":0,"gold_gain":0,"player_choice":"Shed Blood","damage_taken":19,"max_hp_gain":5,"max_hp_loss":0,"event_name":"Forgotten Altar","floor":20,"gold_loss":0},{"damage_healed":0,"gold_gain":0,"player_choice":"Ignored","damage_taken":0,"max_hp_gain":0,"max_hp_loss":0,"event_name":"N\u0027loth","floor":21,"gold_loss":0},{"cards_removed":["hermit:ShadowCloak"],"damage_healed":0,"gold_gain":0,"player_choice":"Elegance","damage_taken":0,"max_hp_gain":0,"max_hp_loss":0,"event_name":"Back to Basics","floor":30,"gold_loss":0},{"damage_healed":0,"gold_gain":0,"cards_transformed":["hermit:Strike_Hermit"],"player_choice":"Transformed","damage_taken":0,"max_hp_gain":0,"max_hp_loss":0,"event_name":"Transmorgrifier","floor":36,"gold_loss":0,"cards_obtained":["hermit:SprayPray"]}],"is_beta":false,"boss_relics":[{"not_picked":["Sozu","Ectoplasm"],"picked":"Empty Cage"},{"not_picked":["SacredBark","Runic Pyramid"],"picked":"Tiny House"}],"items_purged_floors":[12,19,31,38],"is_endless":false,"potions_floor_spawned":[10,13,16,22,27,29,33,37,47,48],"killed_by":"Time Eater","ascension_level":0}}