{"host":"f7rb14kzcw8hx1r1","time":1608588489,"event":{"mods":["BaseMod","Better Note","Better Third Choice","Colored Map","Highlight Path","Hubris","Minty Spire (QoL Compilation)","Replay The Spire","StSLib"],"gold_per_floor":[110,35,48,48,48,48,83,83,110,110,110,136,152,52,52,151,151,169,169,33,53,68,68,68],"floor_reached":23,"playtime":696,"items_purged":["Strike_B","Strike_B"],"score":222,"play_id":"fbc9abce-541f-4542-8fa1-b148d6326e49","local_time":"20201221230809","is_ascension_mode":false,"campfire_choices":[{"data":"Zap","floor":6,"key":"SMITH"},{"data":"Dualcast","floor":8,"key":"SMITH"},{"data":"White Noise","floor":10,"key":"SMITH"},{"data":"Barrage","floor":15,"key":"SMITH"}],"circlet_count":0,"master_deck":["Strike_B","Defend_B","Defend_B","Defend_B","Defend_B","Zap+1","Dualcast+1","White Noise+1","Cold Snap+1","Hologram+1","Barrage+1","Tempest+1","Creative AI","Compile Driver","Rebound","Conserve Battery+1","Ball Lightning","Loop","Defragment+1","Ball Lightning"],"relics":["Cracked Core","NeowsBlessing","hubris:Towel","Toxic Egg 2","ReplayFunnel","Eternal Feather","Black Star"],"acts_visited":["Exordium","TheCity"],"potions_floor_usage":[18,18,23],"damage_taken":[{"damage":0,"enemies":"Small Slimes","floor":1,"turns":1},{"damage":0,"enemies":"2 Louse","floor":3,"turns":1},{"damage":0,"enemies":"3 Sentries","floor":7,"turns":1},{"damage":21,"enemies":"Gremlin Nob","floor":12,"turns":5},{"damage":4,"enemies":"Jaw Worm","floor":13,"turns":2},{"damage":17,"enemies":"Hexaghost","floor":16,"turns":8},{"damage":5,"enemies":"2 Thieves","floor":18,"turns":3},{"damage":20,"enemies":"3 Byrds","floor":21,"turns":4},{"damage":24,"enemies":"Shelled Parasite and Fungi","floor":22,"turns":4},{"damage":38,"enemies":"Gremlin Leader","floor":23,"turns":11}],"seed_played":"2784847721846917839","potions_obtained":[{"floor":12,"key":"AttackPotion"},{"floor":13,"key":"FearPotion"},{"floor":16,"key":"Adrenaline Potion"},{"floor":22,"key":"Doom Potion"}],"is_trial":false,"path_per_floor":["M","$","M","?","?","R","E","R","T","R","?","E","M","$","R","B",null,"M","?","$","M","M","E"],"character_chosen":"DEFECT","items_purchased":["Conserve Battery+1","Ball Lightning","Loop"],"campfire_rested":0,"item_purchase_floors":[20,20,20],"current_hp_per_floor":[75,75,75,75,75,75,75,75,75,75,75,54,50,50,56,39,75,70,70,70,50,26,0,0],"gold":68,"neow_bonus":"THREE_ENEMY_KILL","is_daily":false,"chose_seed":false,"campfire_upgraded":4,"win_rate":0.0,"timestamp":1608588489,"path_taken":["M","$","M","?","?","R","E","R","T","R","?","E","M","$","R","BOSS","M","?","$","M","M","E"],"items_purchased_type":["Card","Card","Card"],"build_version":"2020-12-13","purchased_purges":2,"victory":false,"max_hp_per_floor":[75,75,75,75,75,75,75,75,75,75,75,75,75,75,75,75,75,75,75,75,75,75,75,75],"card_choices":[{"not_picked":["Steam","Turbo"],"picked":"White Noise","floor":1},{"not_picked":["Reprogram","Turbo"],"picked":"Cold Snap","floor":3},{"not_picked":["Compile Driver","Leap+1"],"picked":"Hologram+1","floor":7},{"not_picked":["Beam Cell","Steam+1"],"picked":"Barrage","floor":12},{"not_picked":["Streamline","Panic Button+1"],"picked":"Tempest+1","floor":13},{"not_picked":["Core Surge","Biased Cognition"],"picked":"Creative AI","floor":16},{"not_picked":["Beam Cell","Panic Button+1"],"picked":"Compile Driver","floor":18},{"not_picked":["Sweeping Beam","Static Discharge"],"picked":"Defragment+1","floor":21},{"not_picked":["Rebound","Beam Cell"],"picked":"Ball Lightning","floor":22}],"player_experience":837801,"relics_obtained":[{"floor":7,"key":"Toxic Egg 2"},{"floor":9,"key":"ReplayFunnel"},{"floor":12,"key":"Eternal Feather"}],"event_choices":[{"damage_healed":0,"gold_gain":0,"cards_transformed":["Strike_B"],"player_choice":"Transformed","damage_taken":0,"max_hp_gain":0,"max_hp_loss":0,"event_name":"Transmorgrifier","floor":19,"gold_loss":0,"cards_obtained":["Rebound"]}],"is_beta":false,"boss_relics":[{"not_picked":["Abe\u0027s Treasure","hubris:VirtuousBlindfold"],"picked":"Black Star"}],"items_purged_floors":[2,14],"is_endless":false,"potions_floor_spawned":[12,13,16,22],"killed_by":"Gremlin Leader","ascension_level":0}}