{"host":"a5523bqxi3k68xf3","time":1608557247,"event":{"mods":["BaseMod","BetterRewards","Hermit","Koishi","Marisa????????","Minty Spire (QoL Compilation)","Quick Restart","Random Character Button","Relic Stats","Shop Mod","StSLib","The Animator","The Cursed","The Necromancer","The Servant 0.9.4"],"gold_per_floor":[109,123,53,53,53,53,82,257,308,322,322,340,340,355,355,434,434,445,445,457,304,404,404,430,449,475,494,494,494],"floor_reached":28,"playtime":912,"items_purged":["Defend_G"],"score":475,"play_id":"7af97bdc-ab51-44c5-ba81-f761fe3315f9","local_time":"20201221142727","is_ascension_mode":true,"campfire_choices":[{"floor":6,"key":"REST"},{"data":"After Image","floor":11,"key":"SMITH"},{"data":"Infinite Blades","floor":13,"key":"SMITH"},{"floor":15,"key":"REST"},{"data":"Wraith Form v2","floor":23,"key":"SMITH"}],"circlet_count":0,"master_deck":["AscendersBane","Strike_G+1","Strike_G+1","Strike_G+1","Strike_G+1","Defend_G+1","Defend_G+1","Defend_G+1","Survivor","Neutralize","Bouncing Flask","Infinite Blades+1","Blade Dance","Finisher","Slice","Sucker Punch","Choke","After Image+1","Wraith Form v2+1","Blade Dance"],"relics":["Ring of the Snake","Pen Nib","Whetstone","HandDrill","Bird Faced Urn","Bronze Scales","Empty Cage","Blood Vial","Orichalcum","Toy Ornithopter"],"acts_visited":["Exordium","TheCity"],"potions_floor_usage":[24,28],"damage_taken":[{"damage":0,"enemies":"Cultist","floor":1,"turns":2},{"damage":9,"enemies":"Jaw Worm","floor":2,"turns":2},{"damage":0,"enemies":"Lagavulin","floor":7,"turns":4},{"damage":7,"enemies":"Small Slimes","floor":10,"turns":3},{"damage":5,"enemies":"3 Louse","floor":12,"turns":3},{"damage":7,"enemies":"Large Slime","floor":14,"turns":4},{"damage":34,"enemies":"The Guardian","floor":16,"turns":5},{"damage":16,"enemies":"Spheric Guardian","floor":18,"turns":4},{"damage":0,"enemies":"3 Byrds","floor":20,"turns":3},{"damage":0,"enemies":"Gremlin Leader","floor":24,"turns":8},{"damage":26,"enemies":"Cultist and Chosen","floor":25,"turns":5},{"damage":33,"enemies":"Centurion and Healer","floor":27,"turns":5},{"damage":21,"enemies":"Shelled Parasite and Fungi","floor":28,"turns":2}],"seed_played":"6775026907039267809","potions_obtained":[{"floor":7,"key":"CultistPotion"},{"floor":12,"key":"CunningPotion"}],"is_trial":false,"path_per_floor":["M","M","$","?","?","R","E","?","T","M","R","M","R","M","R","B",null,"M","?","M","$","?","R","E","M","T","M","M"],"character_chosen":"THE_SILENT","items_purchased":["Pen Nib","Whetstone","HandDrill","Bouncing Flask","Infinite Blades","Blade Dance","Finisher","Slice","Choke","Blood Vial"],"campfire_rested":2,"item_purchase_floors":[0,0,0,0,0,0,0,0,3,21],"current_hp_per_floor":[31,22,22,22,22,43,43,43,43,40,40,39,39,36,57,27,59,47,47,51,51,51,51,57,37,37,10,0,0],"gold":494,"neow_bonus":"","is_daily":false,"chose_seed":false,"campfire_upgraded":3,"win_rate":0.0,"timestamp":1608557247,"path_taken":["M","M","?","?","?","R","E","?","T","M","R","M","R","M","R","BOSS","M","?","M","$","?","R","E","M","T","M","?"],"items_purchased_type":["Relic","Relic","Relic","Card","Card","Card","Card","Card","Card","Relic"],"build_version":"2020-12-13","purchased_purges":1,"victory":false,"max_hp_per_floor":[70,70,70,70,70,70,70,70,70,70,70,70,70,70,70,70,70,70,70,70,70,70,70,70,70,70,70,70,70],"relic_stats":{"Blood Vial":8,"counters":[32,109],"Bird Faced Urn":[40],"Bronze Scales":[95],"Pen Nib":[17],"HandDrill":[14],"Whetstone":["Strike_G","Strike_G"],"Orichalcum":[0],"obtain_stats":[{"Potion Belt":12,"Regal Pillow":9,"NeowsBlessing":0,"Astrolabe":34,"Pen Nib":22,"The Courier":26,"Juzu Bracelet":21,"Omamori":31,"TeardropLocket":10,"Whetstone":0,"Orichalcum":24,"Sling":37,"Empty Cage":17,"Akabeko":6,"Blood Vial":21,"Busted Crown":17,"Bird Faced Urn":7,"Bronze Scales":9,"Tiny Chest":7,"Red Mask":38,"HandDrill":0,"Bottled Lightning":36,"PureWater":0,"Toy Ornithopter":26},{"Potion Belt":7,"Regal Pillow":4,"NeowsBlessing":0,"Astrolabe":15,"Pen Nib":12,"The Courier":13,"Juzu Bracelet":12,"Omamori":14,"TeardropLocket":5,"Whetstone":19,"Orichalcum":29,"Sling":16,"Empty Cage":26,"Akabeko":4,"Blood Vial":28,"Busted Crown":10,"Bird Faced Urn":22,"Bronze Scales":22,"Tiny Chest":4,"Red Mask":16,"HandDrill":19,"Bottled Lightning":16,"PureWater":0,"Toy Ornithopter":30},{"Potion Belt":13,"Regal Pillow":7,"NeowsBlessing":0,"Astrolabe":45,"Pen Nib":32,"The Courier":35,"Juzu Bracelet":32,"Omamori":38,"TeardropLocket":10,"Whetstone":59,"Orichalcum":97,"Sling":49,"Empty Cage":82,"Akabeko":7,"Blood Vial":89,"Busted Crown":25,"Bird Faced Urn":67,"Bronze Scales":67,"Tiny Chest":7,"Red Mask":49,"HandDrill":59,"Bottled Lightning":49,"PureWater":0,"Toy Ornithopter":102}],"Toy Ornithopter":5,"Ring of the Snake":[13]},"card_choices":[{"not_picked":["Dagger Throw","Deadly Poison"],"picked":"Sucker Punch","floor":1},{"not_picked":["Dagger Throw","Deadly Poison","Slice"],"picked":"SKIP","floor":2},{"not_picked":["Dagger Spray","Bane"],"picked":"After Image","floor":7},{"not_picked":["Reflex","Deflect","Deadly Poison"],"picked":"SKIP","floor":10},{"not_picked":["Escape Plan","Blur","Outmaneuver"],"picked":"SKIP","floor":12},{"not_picked":["Finisher","Terror","Crippling Poison"],"picked":"SKIP","floor":14},{"not_picked":["Glass Knife","Tools of the Trade"],"picked":"Wraith Form v2","floor":16},{"not_picked":["Dagger Spray","Distraction","Catalyst"],"picked":"SKIP","floor":18},{"not_picked":["Underhanded Strike","Acrobatics+1","Catalyst"],"picked":"SKIP","floor":20},{"not_picked":["Dagger Throw","Endless Agony"],"picked":"Blade Dance","floor":24},{"not_picked":["Dagger Spray","Slice","Backflip"],"picked":"SKIP","floor":25},{"not_picked":["Flechettes","Underhanded Strike","Blur"],"picked":"SKIP","floor":27}],"player_experience":1673197,"relics_obtained":[{"floor":7,"key":"Bird Faced Urn"},{"floor":9,"key":"Bronze Scales"},{"floor":24,"key":"Orichalcum"},{"floor":26,"key":"Toy Ornithopter"}],"event_choices":[{"damage_healed":0,"gold_gain":0,"player_choice":"Fled","damage_taken":0,"max_hp_gain":0,"max_hp_loss":0,"event_name":"Scrap Ooze","floor":4,"gold_loss":0},{"damage_healed":0,"gold_gain":0,"player_choice":"Ignored","damage_taken":0,"max_hp_gain":0,"max_hp_loss":0,"event_name":"Golden Idol","floor":5,"gold_loss":0},{"damage_healed":0,"gold_gain":175,"player_choice":"AGREE","damage_taken":0,"max_hp_gain":0,"max_hp_loss":0,"event_name":"Liars Game","floor":8,"gold_loss":0,"cards_obtained":["Doubt"]},{"damage_healed":0,"gold_gain":0,"player_choice":"Simplicity","damage_taken":0,"max_hp_gain":0,"max_hp_loss":0,"event_name":"Back to Basics","floor":19,"gold_loss":0,"cards_upgraded":["Strike_G","Strike_G","Defend_G","Defend_G","Defend_G"]},{"damage_healed":0,"gold_gain":100,"player_choice":"Pray","damage_taken":0,"max_hp_gain":0,"max_hp_loss":0,"event_name":"Golden Shrine","floor":22,"gold_loss":0}],"is_beta":false,"boss_relics":[{"not_picked":["Snecko Eye","Tiny House"],"picked":"Empty Cage"}],"items_purged_floors":[0],"is_endless":false,"potions_floor_spawned":[7,12,14,18],"killed_by":"Shelled Parasite and Fungi","ascension_level":13}}