{"host":"81h68oe4mr04pk3r","time":1608541065,"event":{"mods":["Act Like it!","Aspiration","BaseMod","BetterRewards","Colored Map","Colored Powertips","Conspire","Downfall","Hermit","Hubris","Infinite Spire","Jorbs\u0027s Wanderer Trilogy","Koishi","Lobotomy","LobotomyExtend","Marisa????????","Minty Spire (QoL Compilation)","Quick Restart","Reimu??????","Remilia??????","Replay The Spire","StSLib","The Bug Knight","The Construct","The Cursed","The Disciple","The Servant 0.9.4"],"gold_per_floor":[111,122,135,152,48,74,74,90,90,90,90,90,104,118,118,223,223,235,245,264,61,81,81,81],"floor_reached":23,"playtime":1317,"items_purged":[],"score":197,"play_id":"2a40df4b-36bc-4c21-83d2-34aaac4103ec","local_time":"20201221005745","is_ascension_mode":false,"campfire_choices":[{"floor":7,"key":"REST"},{"floor":10,"key":"REST"},{"data":"BlazeAway","floor":12,"key":"SMITH"},{"floor":15,"key":"REST"}],"circlet_count":0,"master_deck":["Strike_MRS","Strike_MRS","Strike_MRS","Defend_MRS","Defend_MRS","Defend_MRS","Defend_MRS","MasterSpark","UpSweep","Acceleration","PowerUp","BlazeAway+1","NonDirectionalLaser","ManaConvection+1","EarthLightRay","LuminesStrike","WitchLeyline","DragonMeteor","Acceleration","ShootingEcho","BlazeAway","PowerUp","ShootingEcho","BlazeAway","NonDirectionalLaser","WitchLeyline"],"relics":["MiniHakkero","LetterFromLob","ReplayFunnel","Durian","Honey Jar"],"acts_visited":["Exordium","TheCity"],"potions_floor_usage":[16,16,20,23],"damage_taken":[{"damage":1,"enemies":"Cultist","floor":1,"turns":3},{"damage":6,"enemies":"Jaw Worm","floor":2,"turns":3},{"damage":9,"enemies":"2 Louse","floor":3,"turns":3},{"damage":4,"enemies":"Blue Slaver","floor":4,"turns":3},{"damage":25,"enemies":"3 Sentries","floor":6,"turns":6},{"damage":16,"enemies":"Large Slime","floor":8,"turns":5},{"damage":24,"enemies":"Lots of Slimes","floor":13,"turns":4},{"damage":16,"enemies":"Exordium Thugs","floor":14,"turns":3},{"damage":40,"enemies":"Slime Boss","floor":16,"turns":8},{"damage":0,"enemies":"Spheric Guardian","floor":18,"turns":2},{"damage":42,"enemies":"2 Thieves","floor":19,"turns":3},{"damage":11,"enemies":"Snecko","floor":20,"turns":3},{"damage":40,"enemies":"Centurion and Healer","floor":22,"turns":5},{"damage":38,"enemies":"Book of Stabbing","floor":23,"turns":3}],"seed_played":"-8456824782914310506","potions_obtained":[{"floor":1,"key":"Dexterity Potion"},{"floor":6,"key":"GamblersBrew"},{"floor":13,"key":"Fire Potion"},{"floor":14,"key":"infinitespire:BlackPotion"},{"floor":18,"key":"FairyPotion"},{"floor":22,"key":"champ:CounterPotion"}],"is_trial":false,"path_per_floor":["M","M","M","M","$","E","R","M","T","R","?","R","M","M","R","B",null,"M","M","M","$","M","E"],"character_chosen":"MARISA","items_purchased":["NonDirectionalLaser","ManaConvection+1","PowerUp","ShootingEcho","BlazeAway","NonDirectionalLaser"],"campfire_rested":3,"item_purchase_floors":[5,5,21,21,21,21],"current_hp_per_floor":[74,68,59,55,55,30,52,36,41,65,80,80,59,47,71,35,80,80,38,35,35,24,0,0],"gold":81,"neow_bonus":"REMOVE_CARD","is_daily":false,"chose_seed":false,"campfire_upgraded":1,"win_rate":0.0,"timestamp":1608541065,"path_taken":["M","M","M","?","$","E","R","?","T","R","?","R","M","?","R","BOSS","M","M","M","$","M","E"],"items_purchased_type":["Card","Card","Card","Card","Card","Card"],"build_version":"2020-12-13","purchased_purges":0,"victory":false,"max_hp_per_floor":[75,75,75,75,75,75,75,75,80,80,80,80,80,80,80,80,80,80,80,80,80,80,80,80],"card_choices":[{"not_picked":["EnergyFlow","PropBag"],"picked":"Acceleration","floor":1},{"not_picked":["DC","AlicesGift"],"picked":"Orbital","floor":2},{"not_picked":["UnstableBomb","OneTimeOff"],"picked":"PowerUp","floor":3},{"not_picked":["WitchLeyline","IllusionStar"],"picked":"BlazeAway","floor":4},{"not_picked":["EscapeVelocity","AsteroidBelt"],"picked":"EarthLightRay","floor":6},{"not_picked":["GalacticHalo","WitchOfGreed"],"picked":"LuminesStrike","floor":8},{"not_picked":["ShootTheMoon","PropBag"],"picked":"WitchLeyline","floor":13},{"not_picked":["GravityBeat","AsteroidBelt"],"picked":"DragonMeteor","floor":14},{"not_picked":["GalacticHalo","EventHorizon","Occultation"],"picked":"Acceleration","floor":18},{"not_picked":["SprinkleStarSeal+1","PowerUp+1","GasGiant"],"picked":"ShootingEcho","floor":19},{"not_picked":["OrrerysSun+1","AsteroidBelt+1","GravityBeat+1"],"picked":"BlazeAway","floor":20},{"not_picked":["DarkMatter","IllusionStar+1","WitchOfGreed"],"picked":"WitchLeyline","floor":22}],"player_experience":149492,"relics_obtained":[{"floor":1,"key":"LetterFromLob"},{"floor":6,"key":"ReplayFunnel"},{"floor":9,"key":"Durian"}],"event_choices":[{"cards_removed":["Orbital"],"damage_healed":15,"gold_gain":0,"player_choice":"Offered Uncommon","damage_taken":0,"max_hp_gain":0,"max_hp_loss":0,"event_name":"Bonfire Elementals","floor":11,"gold_loss":0}],"is_beta":false,"boss_relics":[{"not_picked":["RedLine:ReiMu","hubris:VirtuousBlindfold"],"picked":"Honey Jar"}],"items_purged_floors":[],"is_endless":false,"potions_floor_spawned":[1,6,13,14,18,22],"killed_by":"Book of Stabbing","ascension_level":0}}