{"host":"0b6qkelyb1zitflw","time":1608574579,"event":{"mods":["BaseMod","CapriCore","Custom Start","Highlight Path","KOR Keyword Fix","Minty Spire (QoL Compilation)","StSLib","The Immortal"],"gold_per_floor":[118,193,193,203,153,153,170,170,170,170,170,17,17,27,27,27,27,27],"floor_reached":16,"playtime":394,"items_purged":[],"score":88,"play_id":"53088ea2-f56f-4cd1-ad46-ad7527971c89","local_time":"20201222031619","is_ascension_mode":false,"campfire_choices":[{"data":"MokouMod:HeatSpark","floor":6,"key":"SMITH"},{"data":"MokouMod:ResonatingAura","floor":8,"key":"SMITH"},{"floor":11,"key":"REST"},{"data":"MokouMod:Scorch","floor":15,"key":"SMITH"}],"circlet_count":0,"master_deck":["MokouMod:Strike","MokouMod:Strike","MokouMod:Strike","MokouMod:Strike","MokouMod:Strike","MokouMod:Defend+1","MokouMod:Defend","MokouMod:Defend+1","MokouMod:HeatSpark+1","MokouMod:FlareStarter","MokouMod:Scorch+1","MokouMod:ResonatingAura+1","MokouMod:Firecracker"],"relics":["MokouMod:PhoenixFeather","Bird Faced Urn","Mummified Hand","Membership Card"],"acts_visited":["Exordium"],"potions_floor_usage":[16],"damage_taken":[{"damage":8,"enemies":"Jaw Worm","floor":1,"turns":3},{"damage":6,"enemies":"Small Slimes","floor":4,"turns":5},{"damage":6,"enemies":"2 Louse","floor":7,"turns":2},{"damage":4,"enemies":"Looter","floor":14,"turns":3},{"damage":77,"enemies":"Slime Boss","floor":16,"turns":14}],"seed_played":"-8932326034979515890","potions_obtained":[{"floor":4,"key":"Ancient Potion"},{"floor":7,"key":"PowerPotion"},{"floor":14,"key":"BlessingOfTheForge"}],"is_trial":false,"path_per_floor":["M","?","?","M","?","R","M","R","T","?","R","$","$","M","R","B"],"character_chosen":"MKU","items_purchased":["Membership Card"],"campfire_rested":1,"item_purchase_floors":[12],"current_hp_per_floor":[60,49,54,48,48,48,42,42,42,27,48,48,48,46,46,2,2,2],"gold":27,"neow_bonus":"ONE_RARE_RELIC","is_daily":false,"chose_seed":false,"campfire_upgraded":3,"win_rate":0.0,"timestamp":1608574579,"path_taken":["M","?","?","M","?","R","M","R","T","?","R","?","$","?","R","BOSS"],"items_purchased_type":["Relic"],"build_version":"2020-12-13","purchased_purges":0,"victory":false,"max_hp_per_floor":[68,68,73,73,73,73,73,73,73,73,73,73,73,73,73,73,73,73],"card_choices":[{"not_picked":["MokouMod:InfernalWave","MokouMod:Overheat"],"picked":"MokouMod:FlareStarter","floor":1},{"not_picked":["MokouMod:Stoke","MokouMod:HeatFactory"],"picked":"MokouMod:Scorch","floor":4},{"not_picked":["MokouMod:RoaringFlare","MokouMod:Overheat"],"picked":"MokouMod:ResonatingAura","floor":7},{"not_picked":["MokouMod:Sear","MokouMod:IndiscriminateIgnition"],"picked":"MokouMod:Firecracker","floor":14}],"player_experience":309733,"relics_obtained":[{"floor":9,"key":"Mummified Hand"}],"event_choices":[{"damage_healed":0,"gold_gain":75,"player_choice":"Gather Gold","damage_taken":11,"max_hp_gain":0,"max_hp_loss":0,"event_name":"World of Goop","floor":2,"gold_loss":0},{"damage_healed":0,"gold_gain":0,"player_choice":"Donut","damage_taken":0,"max_hp_gain":5,"max_hp_loss":0,"event_name":"Big Fish","floor":3,"gold_loss":0},{"cards_removed":["MokouMod:Defend"],"damage_healed":0,"gold_gain":0,"player_choice":"Card Removal","damage_taken":0,"max_hp_gain":0,"max_hp_loss":0,"event_name":"The Cleric","floor":5,"gold_loss":50},{"damage_healed":0,"gold_gain":0,"player_choice":"Entered Light","damage_taken":15,"max_hp_gain":0,"max_hp_loss":0,"event_name":"Shining Light","floor":10,"gold_loss":0,"cards_upgraded":["MokouMod:Defend","MokouMod:Defend"]}],"is_beta":false,"boss_relics":[],"items_purged_floors":[],"is_endless":false,"potions_floor_spawned":[4,7,14],"killed_by":"Slime Boss","ascension_level":0}}