{"host":"baymyijz6sxaqj5s","time":1608563294,"event":{"mods":["AchievementEnabler","BaseMod","Colored Map","Colored Powertips","DeckTracker","KOR Keyword Fix","Keyboard Shortcuts","Minty Spire (QoL Compilation)","Quick Restart","StSLib","SuperFastMode"],"gold_per_floor":[118,193,193,205,205,205,124,124,124,139,158,158,177,193,193,293,343,359,359,284,27,44,44,62,161,185,285,303,323,341,360,360,360,360],"floor_reached":33,"playtime":863,"items_purged":["Strike_R"],"score":266,"play_id":"0a8eaee8-f526-4d2f-914d-cc83532bc982","local_time":"20201222000814","is_ascension_mode":false,"campfire_choices":[{"data":"Seeing Red","floor":6,"key":"SMITH"},{"data":"Spot Weakness","floor":12,"key":"SMITH"},{"data":"Shrug It Off","floor":15,"key":"SMITH"},{"floor":23,"key":"REST"},{"floor":32,"key":"REST"}],"circlet_count":0,"master_deck":["Strike_R+1","Strike_R","Strike_R","Strike_R","Defend_R","Defend_R","Defend_R","Defend_R","Bash","Shrug It Off+1","Seeing Red+1","Spot Weakness+1","Twin Strike","Sword Boomerang","Thunderclap","Limit Break","Ghostly Armor+1","Headbutt"],"relics":["Burning Blood","Centennial Puzzle","Tiny House","Mercury Hourglass","Oddly Smooth Stone"],"acts_visited":["Exordium","TheCity"],"potions_floor_usage":[14,14,14,22,24,28,28,31],"damage_taken":[{"damage":1,"enemies":"2 Louse","floor":1,"turns":3},{"damage":6,"enemies":"Jaw Worm","floor":4,"turns":4},{"damage":5,"enemies":"Small Slimes","floor":10,"turns":3},{"damage":2,"enemies":"Blue Slaver","floor":11,"turns":3},{"damage":2,"enemies":"Looter","floor":13,"turns":2},{"damage":7,"enemies":"Large Slime","floor":14,"turns":4},{"damage":59,"enemies":"Hexaghost","floor":16,"turns":8},{"damage":34,"enemies":"3 Byrds","floor":18,"turns":7},{"damage":15,"enemies":"2 Thieves","floor":22,"turns":4},{"damage":21,"enemies":"Cultist and Chosen","floor":24,"turns":5},{"damage":17,"enemies":"Sentry and Sphere","floor":28,"turns":5},{"damage":38,"enemies":"Centurion and Healer","floor":29,"turns":6},{"damage":16,"enemies":"Snake Plant","floor":30,"turns":4},{"damage":7,"enemies":"3 Cultists","floor":31,"turns":6},{"damage":79,"enemies":"Collector","floor":33,"turns":7}],"seed_played":"-8527849906902549668","potions_obtained":[{"floor":1,"key":"Explosive Potion"},{"floor":10,"key":"SteroidPotion"},{"floor":13,"key":"SneckoOil"},{"floor":16,"key":"Dexterity Potion"},{"floor":17,"key":"CultistPotion"},{"floor":18,"key":"SkillPotion"},{"floor":22,"key":"Explosive Potion"},{"floor":30,"key":"HeartOfIron"}],"is_trial":false,"path_per_floor":["M","?","?","M","?","R","$","?","T","M","M","R","M","M","R","B",null,"M","?","$","$","M","R","M","?","T","?","M","M","M","M","R","B"],"character_chosen":"IRONCLAD","items_purchased":["Spot Weakness","Mercury Hourglass"],"campfire_rested":2,"item_purchase_floors":[7,21],"current_hp_per_floor":[88,77,82,82,82,82,82,82,82,83,87,87,91,90,90,37,98,70,70,70,70,61,90,75,75,75,75,64,32,22,21,50,0,0],"gold":360,"neow_bonus":"TEN_PERCENT_HP_BONUS","is_daily":false,"chose_seed":false,"campfire_upgraded":3,"win_rate":0.0,"timestamp":1608563294,"path_taken":["M","?","?","M","?","R","?","?","T","M","M","R","M","M","R","BOSS","M","?","?","$","M","R","M","?","T","?","M","M","?","M","R","BOSS"],"items_purchased_type":["Card","Relic"],"build_version":"2020-12-13","purchased_purges":1,"victory":false,"max_hp_per_floor":[88,88,93,93,93,93,93,93,93,93,93,93,93,93,93,93,98,98,98,98,98,98,98,98,98,98,98,98,98,98,98,98,98,98],"card_choices":[{"not_picked":["Thunderclap","Anger"],"picked":"Shrug It Off","floor":1},{"not_picked":["Armaments","Dark Embrace"],"picked":"Seeing Red","floor":4},{"not_picked":["Second Wind","Battle Trance"],"picked":"Twin Strike","floor":10},{"not_picked":["Iron Wave","Entrench"],"picked":"Sword Boomerang","floor":11},{"not_picked":["Dropkick","Flex","Burning Pact"],"picked":"SKIP","floor":13},{"not_picked":["Dual Wield","Warcry"],"picked":"Thunderclap","floor":14},{"not_picked":["Feed","Juggernaut"],"picked":"Limit Break","floor":16},{"not_picked":["Dual Wield","Twin Strike","Whirlwind+1"],"picked":"SKIP","floor":18},{"not_picked":["Sword Boomerang","Anger","Uppercut+1"],"picked":"SKIP","floor":22},{"not_picked":["Twin Strike","Shrug It Off","Reckless Charge"],"picked":"SKIP","floor":24},{"not_picked":["Burning Pact+1","Dropkick","True Grit"],"picked":"SKIP","floor":28},{"not_picked":["Clash","Evolve"],"picked":"Ghostly Armor+1","floor":29},{"not_picked":["Flex","Clash+1"],"picked":"Headbutt","floor":30},{"not_picked":["Rampage","Havoc","Second Wind+1"],"picked":"SKIP","floor":31}],"player_experience":171585,"relics_obtained":[{"floor":9,"key":"Centennial Puzzle"},{"floor":26,"key":"Oddly Smooth Stone"}],"event_choices":[{"damage_healed":0,"gold_gain":75,"player_choice":"Gather Gold","damage_taken":11,"max_hp_gain":0,"max_hp_loss":0,"event_name":"World of Goop","floor":2,"gold_loss":0},{"damage_healed":0,"gold_gain":0,"player_choice":"Donut","damage_taken":0,"max_hp_gain":5,"max_hp_loss":0,"event_name":"Big Fish","floor":3,"gold_loss":0},{"damage_healed":0,"gold_gain":0,"player_choice":"Ignored","damage_taken":0,"max_hp_gain":0,"max_hp_loss":0,"event_name":"Liars Game","floor":5,"gold_loss":0},{"damage_healed":0,"gold_gain":0,"player_choice":"Ignored","damage_taken":0,"max_hp_gain":0,"max_hp_loss":0,"event_name":"Golden Idol","floor":8,"gold_loss":0},{"damage_healed":0,"gold_gain":0,"player_choice":"Ignored","damage_taken":0,"max_hp_gain":0,"max_hp_loss":0,"event_name":"Transmorgrifier","floor":19,"gold_loss":0},{"damage_healed":0,"gold_gain":99,"player_choice":"Stole From Cult","damage_taken":0,"max_hp_gain":0,"max_hp_loss":0,"event_name":"Nest","floor":25,"gold_loss":0},{"damage_healed":0,"gold_gain":100,"player_choice":"Pray","damage_taken":0,"max_hp_gain":0,"max_hp_loss":0,"event_name":"Golden Shrine","floor":27,"gold_loss":0}],"is_beta":false,"boss_relics":[{"not_picked":["SacredBark","Black Star"],"picked":"Tiny House"}],"items_purged_floors":[20],"is_endless":false,"potions_floor_spawned":[1,10,13,16,18,22,30],"killed_by":"Collector","ascension_level":0}}