{"host":"njruw0b0uprlitpx","time":1608525236,"event":{"mods":["2.2 Compatiblity","Astrologer","Bartender","BaseMod","Better Altar","Better Match","Better Note","Better Sensory Stone","Better Skull","Better Third Choice","BetterRewards","Block Reminder","Colored Map","Colored Powertips","Jedi Mod","Keyboard Shortcuts","Magitek Elite","Minty Spire (QoL Compilation)","Quick Restart","Relic Stats","Replay The Spire","SacredBarkPlus","Spicy Shops","StSLib","SuperFastMode","The Bug Knight","The Mystic"],"gold_per_floor":[113,78,78,142,142,154,154,6,32,32,52,72,72,101,101,205,205,217,217,236,246,246,246,275,275,326,351,368,20,35,135,135,237,237,248,258,16,16,16,16,16,16,96,96,173,173,173,201,28,62,62,62],"floor_reached":53,"playtime":1561,"items_purged":["Strike_Bartender"],"score":1389,"play_id":"ba8e413e-b721-4275-9849-c9908688108d","local_time":"20201220223356","is_ascension_mode":true,"campfire_choices":[{"data":"Raptor_Form","floor":7,"key":"SMITH"},{"data":"Hook","floor":10,"key":"SMITH"},{"data":"Stick_and_Move","floor":13,"key":"SMITH"},{"floor":15,"key":"REST"},{"floor":23,"key":"REST"},{"data":"Cross","floor":25,"key":"SMITH"},{"data":"Dancing_Jab","floor":32,"key":"SMITH"},{"data":"Dolphin_Blow","floor":42,"key":"SMITH"},{"floor":44,"key":"REST"},{"floor":51,"key":"DIG"}],"circlet_count":0,"master_deck":["Strike_Bartender","Strike_Bartender","Strike_Bartender+1","Defend_Bartender","Defend_Bartender","Defend_Bartender","Somersault","Raptor_Form+1","Alacrity+1","Hook+1","Axe_Heel_Kick+1","Sucker_Punch","Replay:BasicMightCard+1","Stick_and_Move+1","Greased_Lightning+1","Cross+1","Form_Shift+1","Ball_Of_Ice+1","Press_Forward+1","Vortex+","Meteodrive+1","OpoOpo_Form+1","Scowl+1","Perfect_Balance+1","Greased_Lightning+1","Axe_Heel_Kick+1","Dancing_Jab+1","Cold_Blooded+1","Dart+1","ThreeSidedStar+1","Wall_of_Ice+1","Dolphin_Blow+1","Dolphin_Blow"],"relics":["Sneakers","Membership Card","Bag of Preparation","Incense Burner","Toxic Egg 2","jedi:Pinwheel","Frozen Egg 2","Prayer Wheel","Omamori","Tintinnabulum","Runic Pyramid","Tiny Chest","Juzu Bracelet","Pen Nib","Genji_Glove","Mirror","jedi:paperlyon","Dead Branch","StrikeDummy","Onion Ring","Akabeko","Replay:Wax Seal","Power_Wrist","Ginger","Bottled Tornado","Mercury Hourglass"],"acts_visited":["Exordium","TheCity","TheBeyond"],"potions_floor_usage":[14,21,33,33,52,52],"damage_taken":[{"damage":5,"enemies":"Small Slimes","floor":1,"turns":3},{"damage":0,"enemies":"2 Louse","floor":6,"turns":2},{"damage":0,"enemies":"Cultist","floor":11,"turns":2},{"damage":0,"enemies":"3 Louse","floor":12,"turns":1},{"damage":20,"enemies":"Lagavulin","floor":14,"turns":3},{"damage":25,"enemies":"The Guardian","floor":16,"turns":4},{"damage":10,"enemies":"2 Thieves","floor":18,"turns":2},{"damage":0,"enemies":"Spheric Guardian","floor":20,"turns":3},{"damage":3,"enemies":"Centurion and Healer","floor":21,"turns":5},{"damage":0,"enemies":"Gremlin Leader","floor":24,"turns":3},{"damage":4,"enemies":"Replay:Snechameleon","floor":27,"turns":4},{"damage":0,"enemies":"Snake Plant","floor":28,"turns":5},{"damage":0,"enemies":"Snecko","floor":30,"turns":2},{"damage":30,"enemies":"Champ","floor":33,"turns":5},{"damage":27,"enemies":"3 Darklings","floor":35,"turns":3},{"damage":0,"enemies":"Orb Walker","floor":36,"turns":3},{"damage":0,"enemies":"R_Hoarder","floor":48,"turns":4},{"damage":2,"enemies":"Nemesis","floor":50,"turns":3},{"damage":14,"enemies":"Time Eater","floor":52,"turns":2}],"seed_played":"8158547273637267437","potions_obtained":[{"floor":6,"key":"jedi:hoardpotion"},{"floor":12,"key":"BlessingOfTheForge"},{"floor":20,"key":"Explosive Potion"},{"floor":24,"key":"Weak Potion"},{"floor":27,"key":"SkillPotion"},{"floor":48,"key":"Energy Potion"}],"is_trial":false,"path_per_floor":["M","?","?","?","?","M","R","$","T","R","M","M","R","E","R","B",null,"M","?","M","M","?","R","E","R","T","E","M","$","M","?","R","B",null,"M","M","$","?","PTL","PTL","?","R","T","R","T","?","?","E","$","E","R_BF","B",null],"character_chosen":"BARTENDER","items_purchased":["Membership Card","Bag of Preparation","Raptor_Form","Toxic Egg 2","jedi:Pinwheel","Alacrity+1","Hook","Axe_Heel_Kick","Frozen Egg 2","Prayer Wheel","Genji_Glove","Mirror","Axe_Heel_Kick+1","PowerPotion","Dolphin_Blow","Dolphin_Blow","Replay:Wax Seal","Power_Wrist","Ginger","PowerPotion"],"campfire_rested":3,"item_purchase_floors":[0,0,0,0,0,0,0,0,0,8,29,29,29,29,37,49,49,49,49,49],"current_hp_per_floor":[58,70,56,56,56,56,56,56,56,56,56,56,56,36,58,34,61,52,53,54,52,53,70,70,70,70,66,67,68,69,70,70,40,63,37,38,39,40,41,42,43,44,45,67,68,69,70,70,70,68,69,56],"gold":62,"neow_bonus":"","is_daily":false,"chose_seed":false,"campfire_upgraded":6,"win_rate":0.0,"timestamp":1608525236,"path_taken":["M","?","?","?","?","M","R","$","T","R","?","M","R","E","R","BOSS","M","?","?","M","?","R","E","R","T","E","M","$","M","?","R","BOSS","M","M","$","?","PTL","PTL","?","R","?","R","T","?","?","E","$","E","R_BF","BOSS"],"items_purchased_type":["Relic","Relic","Card","Relic","Relic","Card","Card","Card","Relic","Relic","Relic","Relic","Card","Potion","Card","Card","Relic","Relic","Relic","Potion"],"build_version":"2020-12-13","purchased_purges":1,"victory":true,"max_hp_per_floor":[70,70,70,70,70,70,70,70,70,70,70,70,70,70,70,70,70,70,70,70,70,70,70,70,70,70,70,70,70,70,70,70,70,70,70,70,70,70,70,70,70,70,70,70,70,70,70,70,70,70,70,70],"relic_stats":{"counters":[81,307],"Dead Branch":[14],"Prayer Wheel":9,"Tiny Chest":1,"Pen Nib":[26],"Bag of Preparation":[38],"Juzu Bracelet":1,"Ginger":[0],"obtain_stats":[{"Ice Cream":38,"Divine Protection":45,"Mark of the Bloom":45,"Gremlin Horn":8,"jedi:zontanonomicon":29,"Vajra":10,"Ginger":49,"Bottled Tornado":50,"Old Coin":33,"Replay:Ringing Soul":16,"Centennial Puzzle":7,"DollysMirror":23,"jedi:firstaidkit":27,"jedi:paperlyon":34,"Philosopher\u0027s Stone":19,"MealTicket":26,"Prayer Wheel":8,"Vampire_Amulet":0,"Fusion Hammer":36,"Replay:Wax Seal":12,"Toxic Egg 2":0,"Replay:Bottled Steam":19,"Girya":47,"Sneakers":31,"Happy Flower":39,"ReplayTheSpireMod:CursedCoin":21,"Counterbalance":2,"Replay:Grab Bag":19,"Dead Branch":0,"Eternal Feather":26,"Pen Nib":0,"Akabeko":28,"Runic Dome":19,"energizedSpire:NeverEndingSparkler":36,"Bronze Scales":19,"Tintinnabulum":14,"Pandora\u0027s Box":17,"Onion Ring":21,"ReplayTheSpireMod:TigerMarble":9,"Grinning Jar":9,"StrikeDummy":50,"Mirror":29,"Darkstone Periapt":11,"Enchiridion":29,"Bag of Preparation":39,"Juzu Bracelet":43,"Incense Burner":0,"jedi:Pinwheel":0,"Smiling Mask":23,"Power_Wrist":49,"Pet Ghost":12,"energizedSpire:BlackCloud":34,"BranchBurnRelic":31,"Nunchaku":30,"Mummified Hand":0,"Pantograph":12,"Tiny Chest":24,"Genji_Glove":29,"WingedGreaves":28,"Red Mask":33,"Replay:Bottled Eggs":8,"InkBottle":47,"Runic Pyramid":19,"BargainBundle":39,"Damaru":36,"PreservedInsect":19,"Protect_Vest":24,"Omamori":9,"Frozen Egg 2":0,"MawBank":28,"Mercury Hourglass":51,"Calling Bell":19,"jedi:ominousloannote":47,"ChewingGum":19,"Turnip":0,"Art of War":41,"Membership Card":0,"ReplayTheSpireMod:Lightbulb":40,"FossilizedHelix":19},{"Ice Cream":15,"Divine Protection":16,"Mark of the Bloom":38,"Gremlin Horn":25,"jedi:zontanonomicon":11,"Vajra":25,"Ginger":79,"Bottled Tornado":80,"Old Coin":54,"Replay:Ringing Soul":4,"Centennial Puzzle":43,"DollysMirror":8,"jedi:firstaidkit":11,"jedi:paperlyon":76,"Philosopher\u0027s Stone":5,"MealTicket":33,"Prayer Wheel":64,"Vampire_Amulet":0,"Fusion Hammer":13,"Replay:Wax Seal":26,"Toxic Egg 2":62,"Replay:Bottled Steam":5,"Girya":59,"Sneakers":53,"Happy Flower":15,"ReplayTheSpireMod:CursedCoin":49,"Counterbalance":1,"Replay:Grab Bag":5,"Dead Branch":40,"Eternal Feather":10,"Pen Nib":20,"Akabeko":11,"Runic Dome":48,"energizedSpire:NeverEndingSparkler":55,"Bronze Scales":30,"Tintinnabulum":67,"Pandora\u0027s Box":29,"Onion Ring":49,"ReplayTheSpireMod:TigerMarble":3,"Grinning Jar":25,"StrikeDummy":19,"Mirror":74,"Darkstone Periapt":45,"Enchiridion":33,"Bag of Preparation":15,"Juzu Bracelet":38,"Incense Burner":62,"jedi:Pinwheel":62,"Smiling Mask":32,"Power_Wrist":79,"Pet Ghost":46,"energizedSpire:BlackCloud":36,"BranchBurnRelic":53,"Nunchaku":34,"Mummified Hand":40,"Pantograph":4,"Tiny Chest":72,"Genji_Glove":74,"WingedGreaves":33,"Red Mask":12,"Replay:Bottled Eggs":3,"InkBottle":18,"Runic Pyramid":5,"BargainBundle":15,"Damaru":37,"PreservedInsect":5,"Protect_Vest":49,"Omamori":64,"Frozen Egg 2":62,"MawBank":52,"Mercury Hourglass":80,"Calling Bell":5,"jedi:ominousloannote":59,"ChewingGum":5,"Turnip":20,"Art of War":38,"Membership Card":62,"ReplayTheSpireMod:Lightbulb":57,"FossilizedHelix":5},{"Ice Cream":61,"Divine Protection":65,"Mark of the Bloom":146,"Gremlin Horn":98,"jedi:zontanonomicon":45,"Vajra":98,"Ginger":302,"Bottled Tornado":305,"Old Coin":209,"Replay:Ringing Soul":13,"Centennial Puzzle":168,"DollysMirror":32,"jedi:firstaidkit":45,"jedi:paperlyon":292,"Philosopher\u0027s Stone":19,"MealTicket":125,"Prayer Wheel":254,"Vampire_Amulet":0,"Fusion Hammer":54,"Replay:Wax Seal":99,"Toxic Egg 2":249,"Replay:Bottled Steam":19,"Girya":235,"Sneakers":205,"Happy Flower":61,"ReplayTheSpireMod:CursedCoin":193,"Counterbalance":3,"Replay:Grab Bag":19,"Dead Branch":156,"Eternal Feather":41,"Pen Nib":82,"Akabeko":45,"Runic Dome":190,"energizedSpire:NeverEndingSparkler":218,"Bronze Scales":115,"Tintinnabulum":260,"Pandora\u0027s Box":111,"Onion Ring":193,"ReplayTheSpireMod:TigerMarble":11,"Grinning Jar":98,"StrikeDummy":76,"Mirror":285,"Darkstone Periapt":174,"Enchiridion":125,"Bag of Preparation":61,"Juzu Bracelet":146,"Incense Burner":249,"jedi:Pinwheel":249,"Smiling Mask":121,"Power_Wrist":302,"Pet Ghost":178,"energizedSpire:BlackCloud":138,"BranchBurnRelic":205,"Nunchaku":127,"Mummified Hand":156,"Pantograph":13,"Tiny Chest":276,"Genji_Glove":285,"WingedGreaves":125,"Red Mask":48,"Replay:Bottled Eggs":11,"InkBottle":72,"Runic Pyramid":19,"BargainBundle":61,"Damaru":141,"PreservedInsect":19,"Protect_Vest":193,"Omamori":254,"Frozen Egg 2":249,"MawBank":203,"Mercury Hourglass":305,"Calling Bell":19,"jedi:ominousloannote":235,"ChewingGum":19,"Turnip":82,"Art of War":146,"Membership Card":249,"ReplayTheSpireMod:Lightbulb":225,"FossilizedHelix":19}],"Mercury Hourglass":[6]},"card_choices":[{"not_picked":["Bicycle_Kick","Greased_Lightning+1"],"picked":"Sucker_Punch","floor":1},{"not_picked":["ReplayTheSpireMod:Trickstab","Metamorphosis+1"],"picked":"Replay:BasicMightCard+1","floor":5},{"not_picked":["Bouncer+1","Ripple+1"],"picked":"Stick_and_Move","floor":6},{"not_picked":["Step_Of_The_Wind+1","Hook"],"picked":"Greased_Lightning+1","floor":11},{"not_picked":["Fading_Blow","Pony_Shot","Rope_A_Dope+1"],"picked":"SKIP","floor":11},{"not_picked":["On_The_Rocks+1","Rope_A_Dope+1","Tornado_Kick"],"picked":"SKIP","floor":12},{"not_picked":["Mirage+1","Ripple+1","Bicycle_Kick"],"picked":"SKIP","floor":12},{"not_picked":["Rope_A_Dope+1","Stick_and_Move"],"picked":"Cross","floor":14},{"not_picked":["Patience+1","Top_Shelf+1"],"picked":"Form_Shift+1","floor":16},{"not_picked":["With_A_Twist+1","Pony_Shot"],"picked":"Ball_Of_Ice+1","floor":18},{"not_picked":["Free_Pour+1","Sucker_Punch"],"picked":"Press_Forward+1","floor":18},{"not_picked":["Dragonkick","Bitters+1"],"picked":"Vortex+","floor":20},{"not_picked":["Phantom_Blow","Blizzard_Spikes+1"],"picked":"Meteodrive","floor":20},{"not_picked":["Well_Drinks+1","Dragonkick+1"],"picked":"OpoOpo_Form+1","floor":21},{"not_picked":["Stick_and_Move","Rope_A_Dope+1","Insight_B+1"],"picked":"SKIP","floor":21},{"not_picked":["Sucker_Punch","Cross"],"picked":"Scowl+1","floor":24},{"not_picked":["Phantom_Blow","Meditate+1"],"picked":"Perfect_Balance+1","floor":27},{"not_picked":["Form_Shift+1","Sucker_Punch"],"picked":"Greased_Lightning+1","floor":28},{"not_picked":["Free_Pour+1","Well_Drinks+1","Stick_and_Move"],"picked":"SKIP","floor":28},{"not_picked":["Training_Dummy+1","Sucker_Punch"],"picked":"Dancing_Jab","floor":30},{"not_picked":["Step_Of_The_Wind+1","Well_Drinks+1","Torment+1"],"picked":"SKIP","floor":30},{"not_picked":["Spirits_Within+1","Beat_Rush"],"picked":"Cold_Blooded+1","floor":33},{"not_picked":["Elbow_Slash","Cross+1"],"picked":"Dart+1","floor":35},{"not_picked":["Rope_A_Dope+1","Press_Forward+1"],"picked":"ThreeSidedStar+1","floor":35},{"not_picked":["Scowl+1","Center_Self+1"],"picked":"Wall_of_Ice+1","floor":36},{"not_picked":["Elbow_Slash+1","On_The_House+1","Rope_A_Dope+1"],"picked":"SKIP","floor":36},{"not_picked":["Raptor_Form+1","Pony_Shot","RockBreaker"],"picked":"SKIP","floor":48},{"not_picked":["Phantom_Blow+1","RockBreaker+","Pony_Shot"],"picked":"SKIP","floor":50}],"player_experience":1419950,"relics_obtained":[{"floor":9,"key":"Omamori"},{"floor":14,"key":"Tintinnabulum"},{"floor":24,"key":"Tiny Chest"},{"floor":26,"key":"Juzu Bracelet"},{"floor":27,"key":"Pen Nib"},{"floor":43,"key":"StrikeDummy"},{"floor":45,"key":"Onion Ring"},{"floor":48,"key":"Akabeko"},{"floor":50,"key":"Bottled Tornado"},{"floor":51,"key":"Mercury Hourglass"}],"event_choices":[{"damage_healed":17,"gold_gain":0,"player_choice":"Healed","damage_taken":0,"max_hp_gain":0,"max_hp_loss":0,"event_name":"The Cleric","floor":2,"gold_loss":35},{"damage_healed":70,"gold_gain":0,"player_choice":"Upgrade","damage_taken":14,"max_hp_gain":0,"max_hp_loss":70,"event_name":"betterThird:BetterShining","floor":3,"gold_loss":0,"cards_upgraded":["Axe_Heel_Kick","Strike_Bartender"]},{"damage_healed":0,"gold_gain":64,"player_choice":"Gained Gold","damage_taken":0,"max_hp_gain":0,"max_hp_loss":0,"event_name":"Golden Wing","floor":4,"gold_loss":0},{"damage_healed":0,"gold_gain":1,"player_choice":"1","damage_taken":0,"max_hp_gain":0,"max_hp_loss":0,"event_name":"betterStone:BetterStone","floor":5,"gold_loss":0},{"damage_healed":0,"gold_gain":0,"player_choice":"Ignored","damage_taken":0,"max_hp_gain":0,"max_hp_loss":0,"event_name":"N\u0027loth","floor":19,"gold_loss":0},{"damage_healed":0,"gold_gain":0,"player_choice":"Forge","damage_taken":0,"max_hp_gain":0,"max_hp_loss":0,"event_name":"Accursed Blacksmith","floor":22,"gold_loss":0,"cards_upgraded":["Meteodrive"]},{"damage_healed":0,"gold_gain":100,"player_choice":"Pray","damage_taken":0,"max_hp_gain":0,"max_hp_loss":0,"event_name":"Golden Shrine","floor":31,"gold_loss":0},{"cards_removed":["Defend_Bartender"],"damage_healed":0,"gold_gain":0,"player_choice":"Removed Skill","damage_taken":0,"max_hp_gain":0,"max_hp_loss":0,"event_name":"Falling","floor":38,"gold_loss":0},{"damage_healed":0,"gold_gain":0,"player_choice":"Gave Potion","damage_taken":0,"relics_obtained":["Dead Branch"],"max_hp_gain":0,"max_hp_loss":0,"event_name":"WeMeetAgain","floor":41,"gold_loss":0},{"damage_healed":0,"gold_gain":0,"player_choice":"Cursed","damage_taken":0,"max_hp_gain":0,"max_hp_loss":0,"event_name":"Wheel of Change","floor":47,"gold_loss":0,"cards_obtained":["Decay"]}],"is_beta":false,"boss_relics":[{"not_picked":["Abe\u0027s Treasure","Ring of Chaos"],"picked":"Runic Pyramid"},{"not_picked":["Snecko Eye","Silver_Glasses"],"picked":"jedi:paperlyon"}],"items_purged_floors":[29],"is_endless":false,"potions_floor_spawned":[6,12,20,24,27,48],"ascension_level":6}}