{"host":"78zdngn0u28jm0pp","time":1608523015,"event":{"mods":["BaseMod","Jorbs\u0027s Wanderer Trilogy","Minty Spire (QoL Compilation)","Permanent Neow","Quick Restart","Relic Stats","StSLib","Unceasing Turn Reminder"],"gold_per_floor":[364,106,106,106,106,106,137,137,162,178,178,178,178],"floor_reached":12,"playtime":395,"items_purged":["Strike_G"],"score":148,"play_id":"2dc3aeca-d42c-4da4-b6fd-a51a5f4fad6f","local_time":"20201220205655","is_ascension_mode":true,"campfire_choices":[{"data":"Calculated Gamble","floor":6,"key":"SMITH"},{"data":"Poisoned Stab","floor":8,"key":"SMITH"},{"floor":11,"key":"REST"}],"circlet_count":0,"master_deck":["AscendersBane","Strike_G","Strike_G","Strike_G","Strike_G","Defend_G","Defend_G","Defend_G","Defend_G","Defend_G","Survivor","Neutralize+1","Poisoned Stab+1","Calculated Gamble+1","Tactician","Dagger Throw","Eviscerate"],"relics":["Ring of the Snake","Anchor","Golden Idol","Torii","Potion Belt"],"acts_visited":["Exordium"],"potions_floor_usage":[7,7],"damage_taken":[{"damage":7,"enemies":"Jaw Worm","floor":1,"turns":6},{"damage":21,"enemies":"Lagavulin","floor":7,"turns":9},{"damage":1,"enemies":"Small Slimes","floor":10,"turns":3},{"damage":52,"enemies":"Gremlin Nob","floor":12,"turns":5}],"seed_played":"-7076496977652226","potions_obtained":[{"floor":1,"key":"Dexterity Potion"}],"is_trial":false,"path_per_floor":["M","$","?","?","?","R","E","R","T","M","R","E"],"character_chosen":"THE_SILENT","items_purchased":["Calculated Gamble","Tactician","SteroidPotion"],"campfire_rested":1,"item_purchase_floors":[2,2,2],"current_hp_per_floor":[52,52,47,47,47,47,26,26,26,25,41,0,0],"gold":178,"neow_bonus":"TWO_FIFTY_GOLD","is_daily":false,"chose_seed":false,"campfire_upgraded":2,"win_rate":0.0,"timestamp":1608523015,"path_taken":["M","$","?","?","?","R","E","R","T","M","R","E"],"items_purchased_type":["Card","Card","Potion"],"build_version":"2020-12-13","purchased_purges":1,"victory":false,"max_hp_per_floor":[60,60,60,54,54,54,54,54,54,54,54,54,54],"relic_stats":{"Torii":5,"counters":[4,23],"Golden Idol":9,"obtain_stats":[{"Potion Belt":9,"Anchor":3,"Torii":7,"Golden Idol":4,"Ring of the Snake":0},{"Potion Belt":2,"Anchor":1,"Torii":2,"Golden Idol":1,"Ring of the Snake":0},{"Potion Belt":15,"Anchor":6,"Torii":15,"Golden Idol":6,"Ring of the Snake":0}],"Ring of the Snake":[8]},"card_choices":[{"not_picked":["Calculated Gamble","Caltrops"],"picked":"Poisoned Stab","floor":1},{"not_picked":["Expertise","Tactician"],"picked":"Dagger Throw","floor":7},{"not_picked":["Finisher","Cloak And Dagger"],"picked":"Eviscerate","floor":10}],"player_experience":660567,"relics_obtained":[{"floor":7,"key":"Torii"},{"floor":9,"key":"Potion Belt"}],"event_choices":[{"damage_healed":0,"gold_gain":0,"player_choice":"Success","damage_taken":5,"relics_obtained":["Anchor"],"max_hp_gain":0,"max_hp_loss":0,"event_name":"Scrap Ooze","floor":3,"gold_loss":0},{"damage_healed":0,"gold_gain":0,"player_choice":"Lose Max HP","damage_taken":0,"relics_obtained":["Golden Idol"],"max_hp_gain":0,"max_hp_loss":6,"event_name":"Golden Idol","floor":4,"gold_loss":0},{"damage_healed":0,"gold_gain":0,"player_choice":"Grow","damage_taken":0,"max_hp_gain":0,"max_hp_loss":0,"event_name":"Living Wall","floor":5,"gold_loss":0,"cards_upgraded":["Neutralize"]}],"is_beta":false,"boss_relics":[],"items_purged_floors":[2],"is_endless":false,"potions_floor_spawned":[1],"killed_by":"Gremlin Nob","ascension_level":20}}