{"host":"c5j8t0wyh2hvx9ju","time":1608529615,"event":{"mods":["Astrologer","BaseMod","BetterRewards","HololiveMod","Minty Spire (QoL Compilation)","Prisma Mod","StSLib"],"gold_per_floor":[110,110,35,55,5,5,33,33,60,93,18,31,51,80,80,183,183,193,193,212,224,243,243,257,257,257,272,272,172,183,201,201,303,303,319,319,339,339,351,351,351],"floor_reached":40,"playtime":3966,"items_purged":["Strike_P","Writhe"],"score":603,"play_id":"2eceb60d-0f12-4e89-9243-a5c4ddd35eee","local_time":"20201221144655","is_ascension_mode":true,"campfire_choices":[{"data":"Crescendo","floor":6,"key":"SMITH"},{"floor":8,"key":"REST"},{"floor":15,"key":"REST"},{"floor":23,"key":"REST"},{"floor":25,"key":"REST"},{"data":"Study","floor":32,"key":"SMITH"}],"circlet_count":0,"master_deck":["Strike_P","Strike_P","Strike_P","Defend_P","Defend_P","Eruption","Vigilance","Halt","ReachHeaven","Brilliance","FearNoEvil","Crescendo+1","Indignation","EmptyBody","EmptyBody","ForeignInfluence","ThirdEye","FlurryOfBlows","BattleHymn","Alpha","Brilliance","Halt+1","Sanctity","Study+1","InnerPeace+1","TalkToTheHand","Adaptation","Adaptation+1","Vengeance","Devotion","MentalFortress+1","FlurryOfBlows+1","Blind","MentalFortress+1","Omniscience"],"relics":["HolyWater","Strange Spoon","Dream Catcher","Prayer Wheel","Regal Pillow","Kunai","Odd Mushroom","Sozu","MealTicket","Mercury Hourglass"],"acts_visited":["Exordium","TheCity","TheBeyond"],"potions_floor_usage":[10,16,30],"damage_taken":[{"damage":1,"enemies":"Jaw Worm","floor":1,"turns":3},{"damage":1,"enemies":"Cultist","floor":4,"turns":3},{"damage":27,"enemies":"3 Sentries","floor":7,"turns":9},{"damage":5,"enemies":"Gremlin Nob","floor":10,"turns":3},{"damage":4,"enemies":"Small Slimes","floor":12,"turns":3},{"damage":0,"enemies":"Blue Slaver","floor":13,"turns":3},{"damage":21,"enemies":"The Mushroom Lair","floor":14,"turns":3},{"damage":37,"enemies":"Hexaghost","floor":16,"turns":7},{"damage":10,"enemies":"Chosen","floor":18,"turns":4},{"damage":38,"enemies":"2 Thieves","floor":20,"turns":4},{"damage":5,"enemies":"Snake Plant","floor":21,"turns":4},{"damage":14,"enemies":"Chosen and Byrds","floor":22,"turns":5},{"damage":20,"enemies":"Cultist and Chosen","floor":24,"turns":5},{"damage":3,"enemies":"Centurion and Healer","floor":27,"turns":4},{"damage":11,"enemies":"Chosen and Byrds","floor":30,"turns":5},{"damage":0,"enemies":"3 Cultists","floor":31,"turns":4},{"damage":29,"enemies":"Champ","floor":33,"turns":9},{"damage":40,"enemies":"3 Darklings","floor":35,"turns":5},{"damage":12,"enemies":"3 Shapes","floor":37,"turns":3},{"damage":11,"enemies":"Jaw Worm Horde","floor":39,"turns":6},{"damage":10,"enemies":"Giant Head","floor":40,"turns":1}],"seed_played":"1160418545676153498","potions_obtained":[{"floor":7,"key":"Regen Potion"},{"floor":13,"key":"SkillPotion"},{"floor":14,"key":"FearPotion"}],"is_trial":false,"path_per_floor":["M","?","$","M","?","R","E","R","T","E","$","M","M","?","R","B",null,"M","?","M","M","M","R","M","R","T","M","?","$","M","M","R","B",null,"M","?","M","?","M","E"],"character_chosen":"WATCHER","items_purchased":["Halt","Strange Spoon","Dream Catcher","FearNoEvil"],"campfire_rested":4,"item_purchase_floors":[0,0,0,3],"current_hp_per_floor":[71,71,71,70,70,70,43,64,64,67,67,63,63,42,72,35,72,62,62,24,19,5,41,21,57,57,54,54,69,58,58,58,29,72,32,32,20,20,9,0,0],"gold":351,"neow_bonus":"","is_daily":false,"chose_seed":false,"campfire_upgraded":2,"win_rate":0.0,"timestamp":1608529615,"path_taken":["M","?","?","M","?","R","E","R","T","E","?","M","M","?","R","BOSS","M","?","M","M","M","R","M","R","T","M","?","$","M","M","R","BOSS","M","?","M","?","M","E"],"items_purchased_type":["Card","Relic","Relic","Card"],"build_version":"2020-12-13","purchased_purges":2,"victory":false,"max_hp_per_floor":[72,72,72,72,72,72,72,72,72,72,72,72,72,72,72,72,72,72,72,72,72,72,72,72,72,72,72,72,72,72,72,72,72,72,72,72,72,72,72,72,72],"card_choices":[{"not_picked":["CutThroughFate","Wireheading"],"picked":"ReachHeaven","floor":1},{"not_picked":["EmptyMind","SandsOfTime"],"picked":"Crescendo","floor":4},{"not_picked":["FearNoEvil","FlyingSleeves"],"picked":"Indignation","floor":7},{"not_picked":["Crescendo","FlyingSleeves"],"picked":"EmptyBody","floor":8},{"not_picked":["Crescendo","ReachHeaven"],"picked":"EmptyBody","floor":10},{"not_picked":["EmptyFist","BowlingBash"],"picked":"ForeignInfluence","floor":12},{"not_picked":["Pray","ThirdEye","Protect"],"picked":"SKIP","floor":12},{"not_picked":["Pray","Protect"],"picked":"ThirdEye","floor":12},{"not_picked":["Judgement","Halt"],"picked":"FlurryOfBlows","floor":13},{"not_picked":["EmptyFist","FlyingSleeves"],"picked":"BattleHymn","floor":13},{"not_picked":["Protect","CrushJoints"],"picked":"Alpha","floor":15},{"not_picked":["ConjureBlade","Wish"],"picked":"Brilliance","floor":16},{"not_picked":["Protect","Consecrate+1"],"picked":"Halt+1","floor":18},{"not_picked":["FlyingSleeves","BowlingBash","Crescendo"],"picked":"SKIP","floor":18},{"not_picked":["SignatureMove+1","FlyingSleeves"],"picked":"Sanctity","floor":20},{"not_picked":["Wallop","Nirvana","JustLucky+1"],"picked":"SKIP","floor":20},{"not_picked":["Fasting2","Prostrate+1"],"picked":"Study","floor":21},{"not_picked":["Wireheading","LikeWater"],"picked":"InnerPeace+1","floor":21},{"not_picked":["Nirvana","EmptyBody+1","JustLucky+1"],"picked":"SKIP","floor":22},{"not_picked":["FollowUp","CutThroughFate","Prostrate+1"],"picked":"SKIP","floor":22},{"not_picked":["SashWhip","Sanctity"],"picked":"TalkToTheHand","floor":23},{"not_picked":["FlyingSleeves","JustLucky","Halt"],"picked":"SKIP","floor":24},{"not_picked":["Swivel+1","BowlingBash","WreathOfFlame"],"picked":"SKIP","floor":24},{"not_picked":["FlyingSleeves","DeceiveReality"],"picked":"Adaptation","floor":27},{"not_picked":["ClearTheMind","CutThroughFate+1","SashWhip"],"picked":"SKIP","floor":27},{"not_picked":["Collect","Evaluate+1"],"picked":"Adaptation+1","floor":30},{"not_picked":["WheelKick+1","Conclude"],"picked":"Vengeance","floor":30},{"not_picked":["Meditate+1","WindmillStrike","FollowUp"],"picked":"SKIP","floor":31},{"not_picked":["Fasting2","Blasphemy","Sanctity"],"picked":"SKIP","floor":31},{"not_picked":["Blasphemy","Judgement"],"picked":"Devotion","floor":33},{"not_picked":["Consecrate+1","ThirdEye"],"picked":"MentalFortress+1","floor":35},{"not_picked":["EmptyBody+1","SashWhip"],"picked":"FlurryOfBlows+1","floor":35},{"not_picked":["Transmutation","Discovery"],"picked":"Blind","floor":36},{"not_picked":["Protect","Conclude","Wireheading+1"],"picked":"SKIP","floor":37},{"not_picked":["LikeWater","Halt+1","ThirdEye"],"picked":"SKIP","floor":37},{"not_picked":["Evaluate+1","PathToVictory"],"picked":"Omniscience","floor":39},{"not_picked":["Crescendo","InnerPeace","Worship"],"picked":"SKIP","floor":39}],"player_experience":855444,"relics_obtained":[{"floor":7,"key":"Prayer Wheel"},{"floor":9,"key":"Regal Pillow"},{"floor":10,"key":"Kunai"},{"floor":14,"key":"Odd Mushroom"},{"floor":26,"key":"Mercury Hourglass"}],"event_choices":[{"damage_healed":0,"gold_gain":0,"cards_transformed":["Defend_P"],"player_choice":"Transformed","damage_taken":0,"max_hp_gain":0,"max_hp_loss":0,"event_name":"Transmorgrifier","floor":2,"gold_loss":0,"cards_obtained":["Brilliance"]},{"cards_removed":["Defend_P"],"damage_healed":0,"gold_gain":0,"player_choice":"Card Removal","damage_taken":0,"max_hp_gain":0,"max_hp_loss":0,"event_name":"The Cleric","floor":5,"gold_loss":50},{"damage_healed":0,"gold_gain":0,"player_choice":"Fought Mushrooms","damage_taken":0,"max_hp_gain":0,"max_hp_loss":0,"event_name":"Mushrooms","floor":14,"gold_loss":0},{"damage_healed":0,"gold_gain":0,"player_choice":"Opened","damage_taken":0,"relics_obtained":["MealTicket"],"max_hp_gain":0,"max_hp_loss":0,"event_name":"The Mausoleum","floor":19,"gold_loss":0,"cards_obtained":["Writhe"]},{"damage_healed":0,"gold_gain":0,"player_choice":"Ignored","damage_taken":0,"max_hp_gain":0,"max_hp_loss":0,"event_name":"Vampires","floor":28,"gold_loss":0},{"damage_healed":0,"gold_gain":0,"player_choice":"Memory 1","damage_taken":0,"max_hp_gain":0,"max_hp_loss":0,"event_name":"SensoryStone","floor":36,"gold_loss":0},{"damage_healed":0,"gold_gain":0,"player_choice":"Copied","damage_taken":0,"max_hp_gain":0,"max_hp_loss":0,"event_name":"Duplicator","floor":38,"gold_loss":0,"cards_obtained":["MentalFortress"]}],"is_beta":false,"boss_relics":[{"not_picked":["Calling Bell","Runic Dome"],"picked":"Sozu"},{"not_picked":["Velvet Choker","Hololive_Finger"],"picked":"HolyWater"}],"items_purged_floors":[11,29],"is_endless":false,"potions_floor_spawned":[7,13,14,18,22,27,33],"killed_by":"Giant Head","ascension_level":1}}