{"host":"oeeu8njhzvf3llor","time":1608513988,"event":{"mods":["BaseMod","Better Match","Better Note","Better Skull","Better Third Choice","Colored Map","Hubris","Minty Spire (QoL Compilation)","Rare Cards Sparkle","Replay The Spire","Shop Mod","Spicy Shops","StSLib","Swap Starting Deck Mod"],"gold_per_floor":[119,36,36,55,68,88,88,123,123,134,134,59,114,125,125,223,223,236,236,236,246,328,328,228,283,329,349,349,349],"floor_reached":28,"playtime":617,"items_purged":["Strike_R","Amnesia"],"score":240,"play_id":"db49f709-c198-4a68-9813-71361565da5d","local_time":"20201220202628","is_ascension_mode":true,"campfire_choices":[{"data":"Spot Weakness","floor":7,"key":"SMITH"},{"floor":15,"key":"REST"},{"data":"Corruption","floor":23,"key":"SMITH"}],"circlet_count":0,"master_deck":["Strike_R+1","Defend_R","Defend_R","Defend_R","Defend_R","Bash+1","Replay:Undeath\u0027s Touch","Spot Weakness+1","Uppercut","ReplayTheSpireMod:Strike From Hell+1","Wild Strike","ReplayTheSpireMod:Strike From Hell+1","Shockwave","Corruption+1","hubris:ReadiedAction+1","Infernal Blade+1","Sword Boomerang+1","Cleave","Feed","Shrug It Off"],"relics":["Burning Blood","NeowsBlessing","Lizard Tail","Snack Pack","Astrolabe","hubris:BottledHeart","Toy Ornithopter","Replay:Bottled Eggs","Darkstone Periapt","Replay:Baseball"],"acts_visited":["Exordium","TheCity"],"potions_floor_usage":[8],"damage_taken":[{"damage":0,"enemies":"2 Louse","floor":1,"turns":1},{"damage":0,"enemies":"Cultist","floor":4,"turns":1},{"damage":0,"enemies":"Small Slimes","floor":5,"turns":1},{"damage":35,"enemies":"Exordium Thugs","floor":6,"turns":5},{"damage":16,"enemies":"Lagavulin","floor":8,"turns":5},{"damage":14,"enemies":"Red Slaver","floor":10,"turns":3},{"damage":0,"enemies":"Large Slime","floor":14,"turns":4},{"damage":31,"enemies":"Hexaghost","floor":16,"turns":9},{"damage":28,"enemies":"Spheric Guardian","floor":18,"turns":4},{"damage":0,"enemies":"3 Byrds","floor":21,"turns":6},{"damage":0,"enemies":"Snake Plant","floor":27,"turns":4},{"damage":0,"enemies":"Shelled Parasite and Fungi","floor":28,"turns":2}],"seed_played":"4486592834716493784","potions_obtained":[{"floor":1,"key":"SkillPotion"},{"floor":4,"key":"Weak Potion"},{"floor":6,"key":"EntropicBrew"},{"floor":16,"key":"Adrenaline Potion"}],"is_trial":false,"path_per_floor":["M","$","?","M","M","M","R","E","T","M","?","$","?","M","R","B",null,"M","?","?","M","T","R","$","?","T","M","M"],"character_chosen":"IRONCLAD","items_purchased":["Spot Weakness","Fire Potion"],"campfire_rested":1,"item_purchase_floors":[2,2],"current_hp_per_floor":[80,80,80,80,80,51,51,41,41,33,17,17,17,25,49,26,80,60,1,1,1,1,1,1,1,1,1,1,1],"gold":349,"neow_bonus":"THREE_ENEMY_KILL","is_daily":false,"chose_seed":false,"campfire_upgraded":2,"win_rate":0.0,"timestamp":1608513988,"path_taken":["M","$","?","M","M","?","R","E","T","M","?","?","?","M","R","BOSS","M","?","?","M","?","R","$","?","T","M","M"],"items_purchased_type":["Card","Potion"],"build_version":"2020-12-13","purchased_purges":2,"victory":false,"max_hp_per_floor":[80,80,80,80,80,80,80,80,80,80,80,80,80,80,80,80,80,80,1,1,1,1,1,1,1,1,1,1,1],"card_choices":[{"not_picked":["Dropkick","Shrug It Off"],"picked":"Replay:Undeath\u0027s Touch","floor":1},{"not_picked":["Life Link","Carnage"],"picked":"Uppercut","floor":4},{"not_picked":["Second Wind","Run Through"],"picked":"ReplayTheSpireMod:Strike From Hell","floor":5},{"not_picked":["Evolve","Clothesline"],"picked":"Wild Strike","floor":6},{"not_picked":["Clothesline","Uppercut"],"picked":"ReplayTheSpireMod:Strike From Hell","floor":8},{"not_picked":["ReplayTheSpireMod:LeadingStrike","Wild Strike","Havoc"],"picked":"SKIP","floor":10},{"not_picked":["ReplayReversal","Perfected Strike"],"picked":"Shockwave","floor":14},{"not_picked":["Berserk","Demon Form"],"picked":"Corruption","floor":16},{"not_picked":["ReplayTheSpireMod:Strike From Hell+1","Headbutt","Armaments"],"picked":"SKIP","floor":18},{"not_picked":["Iron Wave","Armaments"],"picked":"Cleave","floor":21},{"not_picked":["Sentinel","Shrug It Off"],"picked":"Feed","floor":25},{"not_picked":["Run Through","Iron Wave"],"picked":"Shrug It Off","floor":25},{"not_picked":["Pommel Strike","Power Through","Clash+1"],"picked":"SKIP","floor":27}],"player_experience":470427,"relics_obtained":[{"floor":8,"key":"Lizard Tail"},{"floor":9,"key":"Snack Pack"},{"floor":22,"key":"Replay:Bottled Eggs"},{"floor":25,"key":"Darkstone Periapt"},{"floor":26,"key":"Replay:Baseball"}],"event_choices":[{"damage_healed":0,"gold_gain":0,"player_choice":"Upgraded","damage_taken":0,"max_hp_gain":0,"max_hp_loss":0,"event_name":"Upgrade Shrine","floor":3,"gold_loss":0,"cards_upgraded":["Bash"]},{"damage_healed":33,"gold_gain":0,"player_choice":"Upgrade","damage_taken":16,"max_hp_gain":0,"max_hp_loss":80,"event_name":"betterThird:BetterShining","floor":11,"gold_loss":0,"cards_upgraded":["ReplayTheSpireMod:Strike From Hell","Strike_R"]},{"damage_healed":0,"gold_gain":55,"player_choice":"Gained Gold","damage_taken":0,"max_hp_gain":0,"max_hp_loss":0,"event_name":"Golden Wing","floor":13,"gold_loss":0}],"is_beta":false,"boss_relics":[{"not_picked":["hubris:GrandSneckoEye","Busted Crown"],"picked":"Astrolabe"}],"items_purged_floors":[12,24],"is_endless":false,"potions_floor_spawned":[1,4,5,6,16,27],"killed_by":"Shelled Parasite and Fungi","ascension_level":2}}