{"host":"2461dio7vetlq1z3","time":1608540383,"event":{"mods":["2.2 Compatiblity","AchievementEnabler","BaseMod","Better Third Choice","Hermit","Lobotomy","Minty Spire (QoL Compilation)","Relic Stats","Spicy Shops","StSLib","Waifu the Spire"],"gold_per_floor":[110,35,35,35,35,35,47,75,99,99,119,137,147,174,174,275,275],"floor_reached":16,"playtime":868,"items_purged":["Strike_R"],"score":150,"play_id":"d40216be-5b01-452b-87b4-9b571887bb2a","local_time":"20201221094623","is_ascension_mode":false,"campfire_choices":[{"floor":6,"key":"REST"},{"data":"Bash","floor":10,"key":"SMITH"},{"data":"Pommel Strike","floor":15,"key":"SMITH"}],"circlet_count":0,"master_deck":["Strike_R","Strike_R","Strike_R+1","Defend_R","Defend_R","Defend_R","Defend_R+1","Bash+1","Headbutt","MeatLantern","SignatureMove+1","LittleHelper","Pommel Strike+1","Funeral","BodiesMountain"],"relics":["Burning Blood","CogitoBucket","RabbitCall","Tiny Chest","PreservedInsect","Potion Belt","BehaviorAdjustment","Toy Ornithopter"],"acts_visited":["Exordium"],"potions_floor_usage":[16],"damage_taken":[{"damage":0,"enemies":"Small Slimes","floor":1,"turns":5},{"damage":9,"enemies":"Jaw Worm","floor":7,"turns":4},{"damage":16,"enemies":"3 Sentries","floor":8,"turns":14},{"damage":1,"enemies":"Cultist","floor":11,"turns":3},{"damage":0,"enemies":"2 Fungi Beasts","floor":12,"turns":2},{"damage":6,"enemies":"Gremlin Gang","floor":13,"turns":5},{"damage":26,"enemies":"The Guardian","floor":16,"turns":10}],"seed_played":"2671591993026646873","potions_obtained":[{"floor":8,"key":"EssenceOfSteel"},{"floor":11,"key":"DistilledChaos"},{"floor":13,"key":"Dexterity Potion"},{"floor":16,"key":"Regen Potion"}],"is_trial":false,"path_per_floor":["M","$","?","?","?","R","M","E","T","R","M","M","M","T","R","B"],"character_chosen":"IRONCLAD","items_purchased":[],"campfire_rested":1,"item_purchase_floors":[],"current_hp_per_floor":[80,80,42,35,19,43,40,30,30,30,38,44,49,49,49,39,39],"gold":275,"neow_bonus":"","is_daily":false,"chose_seed":false,"campfire_upgraded":2,"win_rate":0.0,"timestamp":1608540383,"path_taken":["M","$","?","?","?","R","M","E","T","R","M","M","?","?","R","BOSS"],"items_purchased_type":[],"build_version":"2020-12-13","purchased_purges":1,"victory":false,"max_hp_per_floor":[80,80,80,80,80,80,80,80,80,80,80,80,80,80,80,80,80],"relic_stats":{"counters":[8,44],"Tiny Chest":1,"PreservedInsect":0,"obtain_stats":[{"Potion Belt":9,"RabbitCall":0,"CogitoBucket":0,"Tiny Chest":3,"PreservedInsect":8,"BehaviorAdjustment":13,"Burning Blood":0,"Toy Ornithopter":14},{"Potion Belt":3,"RabbitCall":0,"CogitoBucket":0,"Tiny Chest":1,"PreservedInsect":3,"BehaviorAdjustment":7,"Burning Blood":0,"Toy Ornithopter":7},{"Potion Belt":23,"RabbitCall":0,"CogitoBucket":0,"Tiny Chest":5,"PreservedInsect":23,"BehaviorAdjustment":34,"Burning Blood":0,"Toy Ornithopter":34}],"Burning Blood":36,"Toy Ornithopter":5},"card_choices":[{"not_picked":["Body Slam","Clash"],"picked":"Headbutt","floor":1},{"not_picked":["Wellcheers","Murderer"],"picked":"MeatLantern","floor":1},{"not_picked":["Bloodbath","Scorched"],"picked":"SnowQueen","floor":7},{"not_picked":["Flex","Clothesline","Sever Soul"],"picked":"SKIP","floor":7},{"not_picked":["Thunderclap","Searing Blow","Anger"],"picked":"SKIP","floor":8},{"not_picked":["Murderer","NakedNest"],"picked":"LittleHelper","floor":11},{"not_picked":["Heavy Blade","Sentinel"],"picked":"Pommel Strike","floor":11},{"not_picked":["Laetitia","QueenOfHatred","BeautyBeast"],"picked":"Singing Bowl","floor":12},{"not_picked":["UniverseFragment","WallGazer"],"picked":"Funeral","floor":12},{"not_picked":["Iron Wave","Armaments","Sentinel"],"picked":"SKIP","floor":12},{"not_picked":["HeroicMonk","HappyTeddy","BeautyBeast"],"picked":"Singing Bowl","floor":13},{"not_picked":["Scarecrow","Murderer"],"picked":"BodiesMountain","floor":13},{"not_picked":["Thunderclap","Heavy Blade","Warcry"],"picked":"SKIP","floor":13}],"player_experience":814236,"relics_obtained":[{"floor":8,"key":"PreservedInsect"},{"floor":9,"key":"Potion Belt"},{"floor":14,"key":"Toy Ornithopter"}],"event_choices":[{"cards_removed":["Strike_R"],"damage_healed":0,"gold_gain":0,"player_choice":"Card Removal","damage_taken":7,"max_hp_gain":0,"max_hp_loss":0,"event_name":"Golden Wing","floor":4,"gold_loss":0},{"damage_healed":35,"gold_gain":0,"player_choice":"Upgrade","damage_taken":16,"max_hp_gain":0,"max_hp_loss":80,"event_name":"betterThird:BetterShining","floor":5,"gold_loss":0,"cards_upgraded":["Defend_R","Strike_R"]}],"is_beta":false,"boss_relics":[],"items_purged_floors":[2],"is_endless":false,"potions_floor_spawned":[8,11,13,16],"killed_by":"The Guardian","ascension_level":0}}