{"host":"7vidw0fny0glz923","time":1608561758,"event":{"mods":["ATMod(阿瑾Mod)","Act Like it!","BaseMod","Challenge The Spire","Downfall","Friendly Minions","HololiveMod","KinomotoSakuraMod(木之本樱)","Kiyohime（清姬）","KomeijiMod","Lobotomy","LobotomyExtend","Marisa（F雨　魔理沙）","Minty Spire (QoL Compilation)","MostiFishMod","Pale of the Ancients","READ ME - Guardian Mod","Reimu（博丽灵梦）","Remilia（蕾米莉亚）","Replay The Spire","RumiaBox-露米娅的神秘盒子","Shop Mod","StSLib","TestMod","The Cursed","The Jungle","The Poker Player","The Servant 0.9.4","Youmu（魂魄妖梦）","[地精首领爬塔]The Maniac","【东方二次创作】八云紫mod","【遗物卡牌】REMEMod"],"gold_per_floor":[111,36,56,56,73,73,105,115,168,168,196,196,46,63,63,137,137,137,137,137,137,137,137,155,155,209,43,43,70,89,89,89,89,89],"floor_reached":33,"playtime":1430,"items_purged":["Strike_P","Defend_P","Shame"],"score":558,"play_id":"4bd24767-eb66-49ea-b4c4-652f0363465d","local_time":"20201221144238","is_ascension_mode":true,"campfire_choices":[{"data":"Eruption","floor":6.0,"key":"SMITH"},{"data":"BattleHymn","floor":12,"key":"SMITH"},{"data":"CutThroughFate","floor":15,"key":"SMITH"},{"data":"AT_DrawKnifeCut","floor":23,"key":"SMITH"},{"data":"Wallop","floor":25,"key":"SMITH"},{"data":"Tantrum","floor":28,"key":"SMITH"},{"floor":32,"key":"REST"}],"circlet_count":0,"master_deck":["AscendersBane","Strike_P","Strike_P","Strike_P","Defend_P","HereticApostle","Defend_P","Eruption+1","Vigilance","AT_DrawKnifeCut+1","DamonLordCradle_Remiria","Wellcheers","Conclude","UniverseFragment","SnowQueen","Wallop+1","BattleHymn+1","CutThroughFate+1","BowlingBash","Replay:LoomingThreat","WhiteNight","REME_CRH","DespairKnight","Tantrum+1","BlackArmy"],"relics":["PureWater","testmod-TestBox","DaveBox","REME_ComplimentaryCards","AT_ATBox","testmod-SaigiyounoYou","ChiXiaoBlade","CogitoBucket","Question Card","LetterFromLob","AT_BellowingDragoncrestRing","testmod-IndustrialRevolution","Regal Pillow","SkinProphecy","ImportantClient","SoulBox","theJungle:SneckoAutograph","Replay:Wax Seal","Turnip","Art of War","LuminousBracelet"],"acts_visited":["Exordium","theJungle:Jungle"],"potions_floor_usage":[],"damage_taken":[{"damage":0.0,"enemies":"2 Louse","floor":1.0,"turns":1.0},{"damage":2.0,"enemies":"Jaw Worm","floor":3.0,"turns":2.0},{"damage":0.0,"enemies":"Cultist","floor":5.0,"turns":3.0},{"damage":47.0,"enemies":"Gremlin Nob","floor":7.0,"turns":5.0},{"damage":3.0,"enemies":"2 Fungi Beasts","floor":8.0,"turns":3.0},{"damage":10,"enemies":"3 Sentries","floor":11,"turns":3},{"damage":5,"enemies":"Looter","floor":14,"turns":2},{"damage":27,"enemies":"Fading Forest","floor":16,"turns":11},{"damage":4,"enemies":"theJungle:MUSHROOMGANG","floor":18,"turns":3},{"damage":58,"enemies":"theJungle:GiantWrat","floor":24,"turns":8},{"damage":0,"enemies":"theJungle:MamaSnecko","floor":29,"turns":2},{"damage":47,"enemies":"theJungle:JungleHuntersEncounter","floor":30,"turns":3},{"damage":134,"enemies":"theJungle:TotemBoss","floor":33,"turns":4}],"seed_played":"-3232365117193444861","potions_obtained":[{"floor":3.0,"key":"Weak Potion"},{"floor":8.0,"key":"Swift Potion"},{"floor":11,"key":"ColorlessPotion"}],"is_trial":false,"path_per_floor":["M","$","M","?","M","R","E","M","T","?","E","R","$","M","R","B",null,"M","?","?","?","?","R","M","R","T","$","R","E","M","$","R","B"],"character_chosen":"WATCHER","items_purchased":["BowlingBash","Tantrum"],"campfire_rested":1,"item_purchase_floors":[13,27],"current_hp_per_floor":[64,64,67,56,62,62,25,34,34,34,36,36,36,46,46,65,69,72,72,72,72,72,72,52,52,52,52,52,76,49,49,49,0,0],"gold":89,"neow_bonus":"","is_daily":false,"chose_seed":false,"campfire_upgraded":6,"win_rate":0.0,"timestamp":1608561758,"path_taken":["M","$","M","?","M","R","E","M","T","?","E","R","?","M","R","BOSS","M","?","?","?","?","R","M","R","T","$","R","E","M","?","R","BOSS"],"items_purchased_type":["Card","Card"],"build_version":"2020-12-13","purchased_purges":3,"victory":false,"max_hp_per_floor":[68,68,68,68,68,68,68,68,68,68,68,68,68,68,68,70,70,72,72,72,72,72,72,74,74,74,74,74,76,95,95,95,97,97],"card_choices":[{"not_picked":["FieryBird","CherryBlossoms","BeautyBeast"],"picked":"Singing Bowl","floor":1.0},{"not_picked":["BigBird","ShyLook"],"picked":"Wellcheers","floor":1.0},{"not_picked":["WreathOfFlame","Wireheading"],"picked":"Conclude","floor":1.0},{"not_picked":["PunishingBird","NakedNest","OldLady"],"picked":"Singing Bowl","floor":3.0},{"not_picked":["FairyFestival","FieryBird"],"picked":"UniverseFragment","floor":3.0},{"not_picked":["Replay:ManipulateFuture","Protect","ClearTheMind","FollowUp"],"picked":"SKIP","floor":3.0},{"not_picked":["RedShoes","OSAHOGD","FairyFestival"],"picked":"Singing Bowl","floor":5.0},{"not_picked":["FollowUp","PathToVictory","ClearTheMind","REME_Repentance"],"picked":"SKIP","floor":5.0},{"not_picked":["MHz","CherryBlossoms","Porccubus"],"picked":"Singing Bowl","floor":7.0},{"not_picked":["SpiderBud","MeatLantern"],"picked":"SnowQueen","floor":7.0},{"not_picked":["AT_ChampionKick","AT_ChampionStep","MostiFishMod:Clarity"],"picked":"Wallop","floor":7.0},{"not_picked":["QueenOfHatred","LongBird","CrumblingArmor"],"picked":"Singing Bowl","floor":8.0},{"not_picked":["REME_Repentance","Replay:AtTheReady","BowlingBash"],"picked":"BattleHymn","floor":8.0},{"not_picked":["Rudolta","MeatLantern","WhitesApple"],"picked":"Singing Bowl","floor":11},{"not_picked":["ClearTheMind","Protect","EmptyFist"],"picked":"CutThroughFate","floor":11},{"not_picked":["WhitesApple","Murderer","BeautyBeast"],"picked":"Singing Bowl","floor":14},{"not_picked":["Indignation","ThirdEye","SignatureMove","FlurryOfBlows"],"picked":"SKIP","floor":14},{"not_picked":["VoidDream","FieryBird","Yin"],"picked":"Singing Bowl","floor":16},{"not_picked":["AT_MachinaRedman","REME_WorshipGod","MostiFishMod:Pointsdynamics"],"picked":"Replay:LoomingThreat","floor":16},{"not_picked":["Porccubus","GalaxyChild","DreamingCurrent"],"picked":"Singing Bowl","floor":18},{"not_picked":["FairyFestival","WhitesApple"],"picked":"WhiteNight","floor":18},{"not_picked":["ThirdEye","Prostrate","CrushJoints","REME_Repentance"],"picked":"SKIP","floor":18},{"not_picked":["BeautyBeast","Woodsman","Freischutz"],"picked":"Singing Bowl","floor":24},{"not_picked":["Woodsman","ShyLook"],"picked":"DespairKnight","floor":24},{"not_picked":["Prostrate","ThirdEye","SandsOfTime","Perseverance+1"],"picked":"SKIP","floor":24},{"not_picked":["Bloodbath","Freischutz","WhitesApple"],"picked":"Singing Bowl","floor":29},{"not_picked":["Vengeance","Perseverance","PathToVictory","REME_Repentance"],"picked":"SKIP","floor":29},{"not_picked":["VoidDream","Scorched"],"picked":"BlackArmy","floor":30},{"not_picked":["CarveReality+1","SignatureMove","SashWhip","Swivel"],"picked":"SKIP","floor":30}],"player_experience":878093,"relics_obtained":[{"floor":1.0,"key":"Question Card"},{"floor":1.0,"key":"LetterFromLob"},{"floor":7.0,"key":"testmod-IndustrialRevolution"},{"floor":11,"key":"Regal Pillow"},{"floor":16,"key":"ImportantClient"},{"floor":26,"key":"Replay:Wax Seal"},{"floor":29,"key":"Art of War"}],"event_choices":[{"damage_healed":0.0,"max_hp_gain":0.0,"max_hp_loss":0.0,"gold_gain":0.0,"event_name":"Scrap Ooze","player_choice":"Success","floor":4.0,"gold_loss":0.0,"damage_taken":11.0,"relics_obtained":["AT_BellowingDragoncrestRing"]},{"damage_healed":0,"gold_gain":0,"player_choice":"Ignored","damage_taken":0,"max_hp_gain":0,"max_hp_loss":0,"event_name":"Shining Light","floor":10,"gold_loss":0},{"damage_healed":0,"gold_gain":0,"player_choice":"1 cards matched","damage_taken":0,"max_hp_gain":0,"max_hp_loss":0,"event_name":"Match and Keep!","floor":22,"gold_loss":0,"cards_obtained":["REME_CRH"]}],"is_beta":false,"boss_relics":[{"not_picked":["Pandora\u0027s Box","Transparent"],"picked":"SoulBox"}],"items_purged_floors":[2,13,27],"is_endless":false,"potions_floor_spawned":[3,8,11,16,24,30],"killed_by":"theJungle:TotemBoss","ascension_level":16}}