{"host":"sxnl403xm2xmiyj1","time":1608552612,"event":{"mods":["AchievementEnabler","BaseMod","Colored Map","Keyboard Shortcuts","Minty Spire (QoL Compilation)","Quick Restart","StSLib","SuperFastMode"],"gold_per_floor":[113,113,113,132,150,184,184,27,27,27,59,74,84,94,94,172,172,192,212,212,212],"floor_reached":20,"playtime":480,"items_purged":[],"score":353,"play_id":"78c9e775-e6e1-4277-a3b1-c30c15ec3141","local_time":"20201221211012","is_ascension_mode":true,"campfire_choices":[{"data":"Barrage","floor":7.0,"key":"SMITH"},{"data":"Coolheaded","floor":10.0,"key":"SMITH"},{"data":"Barrage","floor":15,"key":"SMITH"}],"circlet_count":0,"master_deck":["AscendersBane","Strike_B+1","Strike_B","Strike_B","Defend_B","Defend_B+1","Defend_B","Defend_B","Zap","Dualcast","Rainbow","Barrage+1","Cold Snap","Coolheaded+1","Barrage+1","Skim","Conserve Battery","Compile Driver","Genetic Algorithm","Creative AI","Conserve Battery"],"relics":["Cracked Core","Pantograph","Lee\u0027s Waffle","Singing Bowl","Coffee Dripper"],"acts_visited":["Exordium","TheCity"],"potions_floor_usage":[16,16,16,18],"damage_taken":[{"damage":0.0,"enemies":"Small Slimes","floor":1.0,"turns":3.0},{"damage":0.0,"enemies":"2 Louse","floor":4.0,"turns":2.0},{"damage":0.0,"enemies":"Cultist","floor":5.0,"turns":3.0},{"damage":20.0,"enemies":"Lagavulin","floor":6.0,"turns":7.0},{"damage":4.0,"enemies":"3 Sentries","floor":11.0,"turns":5.0},{"damage":0.0,"enemies":"Exordium Thugs","floor":12.0,"turns":3.0},{"damage":0.0,"enemies":"Blue Slaver","floor":13.0,"turns":3.0},{"damage":7,"enemies":"2 Fungi Beasts","floor":14,"turns":2},{"damage":53,"enemies":"Slime Boss","floor":16,"turns":12},{"damage":2,"enemies":"Shell Parasite","floor":18,"turns":6},{"damage":43,"enemies":"3 Byrds","floor":19,"turns":6},{"damage":19,"enemies":"Snake Plant","floor":20,"turns":3}],"seed_played":"-6164701101715080134","potions_obtained":[{"floor":1.0,"key":"LiquidMemories"},{"floor":6.0,"key":"EntropicBrew"},{"floor":11.0,"key":"EntropicBrew"},{"floor":18,"key":"SteroidPotion"},{"floor":19,"key":"Fire Potion"}],"is_trial":false,"path_per_floor":["M","?","?","M","M","E","R","$","T","R","E","M","M","M","R","B",null,"M","M","M"],"character_chosen":"DEFECT","items_purchased":["Lee\u0027s Waffle"],"campfire_rested":0,"item_purchase_floors":[8],"current_hp_per_floor":[64,43,43,43,43,23,23,78,78,78,74,74,74,67,67,25,65,63,22,3,3],"gold":212,"neow_bonus":"ONE_RANDOM_RARE_CARD","is_daily":false,"chose_seed":false,"campfire_upgraded":3,"win_rate":0.0,"timestamp":1608552612,"path_taken":["M","?","?","M","?","E","R","?","T","R","E","M","M","M","R","BOSS","M","M","M"],"items_purchased_type":["Relic"],"build_version":"2020-12-13","purchased_purges":0,"victory":false,"max_hp_per_floor":[71,71,71,71,71,71,71,78,78,78,78,78,78,78,78,78,78,78,80,80,80],"card_choices":[{"not_picked":["Leap","Beam Cell"],"picked":"Barrage","floor":1.0},{"not_picked":["Storm","Beam Cell"],"picked":"Cold Snap","floor":4.0},{"not_picked":["Steam Power","Darkness"],"picked":"Coolheaded","floor":5.0},{"not_picked":["Leap","Doom and Gloom"],"picked":"Barrage","floor":6.0},{"not_picked":["Tempest","Fusion"],"picked":"Skim","floor":11.0},{"not_picked":["All For One","BootSequence"],"picked":"Conserve Battery","floor":12.0},{"not_picked":["Barrage","Conserve Battery"],"picked":"Compile Driver","floor":13.0},{"not_picked":["Turbo","Conserve Battery"],"picked":"Genetic Algorithm","floor":14},{"not_picked":["Seek","All For One"],"picked":"Creative AI","floor":16},{"not_picked":["Reprogram","Rebound"],"picked":"Conserve Battery","floor":18},{"not_picked":["Stack","Fission","Redo"],"picked":"Singing Bowl","floor":19}],"player_experience":112763,"relics_obtained":[{"floor":6.0,"key":"Pantograph"},{"floor":11.0,"key":"Singing Bowl"}],"event_choices":[{"damage_healed":0.0,"max_hp_gain":0.0,"max_hp_loss":0.0,"gold_gain":0.0,"event_name":"Shining Light","player_choice":"Entered Light","floor":2.0,"gold_loss":0.0,"damage_taken":21.0,"cards_upgraded":["Strike_B","Defend_B"]},{"cards_removed":["Strike_B"],"damage_healed":0.0,"max_hp_gain":0.0,"max_hp_loss":0.0,"gold_gain":0.0,"event_name":"Purifier","player_choice":"Purged","floor":3.0,"gold_loss":0.0,"damage_taken":0.0}],"is_beta":false,"boss_relics":[{"not_picked":["Tiny House","Pandora\u0027s Box"],"picked":"Coffee Dripper"}],"items_purged_floors":[],"is_endless":false,"potions_floor_spawned":[1,6,11,18,19],"killed_by":"Snake Plant","ascension_level":18}}