{"host":"gx04ak8ofzo346nl","time":1608588234,"event":{"mods":["BaseMod","Colored Map","Downfall","Googly Eyes","Highlight Path","Infinite Spire","Minty Spire (QoL Compilation)","Replay The Spire","StSLib"],"gold_per_floor":[99,115,150,150,162,179,179,206,56,84,184,204,223,21,41,41,41],"floor_reached":16,"playtime":1150,"items_purged":[],"score":122,"play_id":"84943d50-17b1-46d5-91a9-c425fbf63a79","local_time":"20201221140354","is_ascension_mode":false,"campfire_choices":[{"floor":1,"key":"RECALL"},{"data":"sneckomod:Nope","floor":9,"key":"SMITH"}],"circlet_count":0,"master_deck":["sneckomod:Strike","sneckomod:Strike","sneckomod:Strike","sneckomod:Defend","sneckomod:Defend","sneckomod:Defend","sneckomod:TailWhip","sneckomod:SnekBite","sneckomod:Unknown","sneckomod:Unknown","Thinking Ahead","sneckomod:UnknownUncommonAttack+1","sneckomod:Nope+1","sneckomod:UnknownUncommonPower","sneckomod:UnknownCommonAttack","sneckomod:Unknown1Cost","sneckomod:UnknownRareAttack","sneckomod:SnekBeam","sneckomod:UnknownClassINFINITE_BLACK","sneckomod:WideSting","sneckomod:Unknown3Cost","sneckomod:UnknownUncommonPower","sneckomod:UnknownUncommonAttack","sneckomod:Nope"],"relics":["sneckomod:SneckoSoul","Onion Ring","Centennial Puzzle","downfall:HeartBlessingRed","downfall:HeartBlessingBlue","Potion Belt","Toy Ornithopter"],"acts_visited":["Exordium"],"potions_floor_usage":[8,11,11,12,14,14,14,16],"damage_taken":[{"damage":0,"enemies":"2 Louse","floor":2,"turns":2},{"damage":36,"enemies":"Gremlin Nob","floor":3,"turns":5},{"damage":3,"enemies":"Jaw Worm","floor":5,"turns":2},{"damage":1,"enemies":"Cultist","floor":6,"turns":3},{"damage":8,"enemies":"3 Sentries","floor":8,"turns":7},{"damage":19,"enemies":"Replay:BlueRogue","floor":10,"turns":4},{"damage":20,"enemies":"downfall:LadyInBlue","floor":11,"turns":7},{"damage":0,"enemies":"Large Slime","floor":12,"turns":3},{"damage":4,"enemies":"Gremlin Gang","floor":13,"turns":2},{"damage":17,"enemies":"downfall:FleeingMerchant","floor":14,"turns":4},{"damage":0,"enemies":"2 Fungi Beasts","floor":15,"turns":2},{"damage":18,"enemies":"downfall:Ironclad","floor":16,"turns":6}],"seed_played":"-4447483516047296451","potions_obtained":[{"floor":2,"key":"SpeedPotion"},{"floor":5,"key":"Swift Potion"},{"floor":6,"key":"SteroidPotion"},{"floor":11,"key":"Death Potion"},{"floor":11,"key":"DistilledChaos"},{"floor":11,"key":"hexamod:EctoCoolerPotion"},{"floor":12,"key":"SkillPotion"}],"is_trial":false,"path_per_floor":["R","M","E","?","M","M","T","E","R","E","?","M","M","$","M","B"],"character_chosen":"THE_SNECKO","items_purchased":["sneckomod:UnknownUncommonPower","sneckomod:UnknownUncommonAttack","ColorlessPotion"],"campfire_rested":0,"item_purchase_floors":[14,14,14],"current_hp_per_floor":[81,82,46,46,44,44,44,37,47,29,9,15,11,12,12,0,0],"gold":41,"neow_bonus":"RANDOM_COLORLESS_2","is_daily":false,"chose_seed":false,"campfire_upgraded":1,"win_rate":0.0,"timestamp":1608588234,"path_taken":["R","M","E","?","M","M","T","E","R","E","?","?","M","$","M","BOSS"],"items_purchased_type":["Card","Card","Potion"],"build_version":"2020-12-13","purchased_purges":0,"victory":false,"max_hp_per_floor":[81,82,82,82,83,84,84,85,95,96,96,97,97,100,100,100,100],"card_choices":[{"not_picked":["ReplayTheSpireMod:Necrogeddon","The Bomb"],"picked":"Thinking Ahead","floor":0},{"not_picked":["sneckomod:Nope","sneckomod:SnakeSap"],"picked":"sneckomod:UnknownUncommonAttack","floor":2},{"not_picked":["sneckomod:QuickMove","sneckomod:UnknownClassGREEN"],"picked":"sneckomod:Nope","floor":3},{"not_picked":["sneckomod:DiceCrush","sneckomod:Nope"],"picked":"sneckomod:UnknownUncommonPower","floor":5},{"not_picked":["sneckomod:IronFang","sneckomod:UnknownClassGUARDIAN"],"picked":"sneckomod:UnknownCommonAttack","floor":6},{"not_picked":["sneckomod:DangerNoodle","sneckomod:QuickMove"],"picked":"sneckomod:Unknown1Cost","floor":8},{"not_picked":["sneckomod:UnknownUncommonSkill","sneckomod:UnknownBlock"],"picked":"sneckomod:UnknownRareAttack","floor":10},{"not_picked":["sneckomod:Unknown1Cost","sneckomod:WideSting"],"picked":"sneckomod:SnekBeam","floor":11},{"not_picked":["sneckomod:QuickBite","sneckomod:WideSting"],"picked":"sneckomod:UnknownClassINFINITE_BLACK","floor":12},{"not_picked":["sneckomod:Nope","sneckomod:IronFang"],"picked":"sneckomod:WideSting","floor":13},{"not_picked":["sneckomod:UnknownCommonSkill","sneckomod:UnknownClassGUARDIAN"],"picked":"sneckomod:Unknown3Cost","floor":14},{"not_picked":["sneckomod:SoulDraw","sneckomod:RainOfDice"],"picked":"sneckomod:Nope","floor":15}],"player_experience":223282,"relics_obtained":[{"floor":3,"key":"Onion Ring"},{"floor":8,"key":"Centennial Puzzle"},{"floor":10,"key":"Potion Belt"},{"floor":11,"key":"Toy Ornithopter"}],"event_choices":[],"is_beta":false,"boss_relics":[],"items_purged_floors":[],"is_endless":false,"potions_floor_spawned":[2,5,6,12],"killed_by":"downfall:Ironclad","ascension_level":0}}