{"host":"uwh382mre4waz4ff","time":1608517705,"event":{"mods":["AchievementEnabler","BaseMod","Better Note","Better Third Choice","BetterRewards","Highlight Path","HololiveMod","Minty Spire (QoL Compilation)","Shop Mod","StSLib"],"gold_per_floor":[80,93,109,124,157,183,213,257,281,338,384,441,482,543,555,668,680,719,767,809,821,871,883,937,974,986,1032,1078,1120,1132,1181,1193,1322,1334,1374,1417,1429,1494,1547,1626,1638,1734,1773,1833,1898,1957,1969,2017,2029,2089,2101,2113,1901,1928,1972],"floor_reached":56,"playtime":3386,"items_purged":["Hololive_Strike"],"score":3784,"play_id":"6173b6df-e506-41f0-8130-78f3a156f5bb","local_time":"20201221102825","is_ascension_mode":true,"campfire_choices":[{"data":"Hololive_MaximGun","floor":15.0,"key":"SMITH"},{"data":"Hololive_CallAmaneKanata","floor":23.0,"key":"SMITH"},{"data":"Hololive_Rebirth","floor":32.0,"key":"SMITH"},{"data":"Hololive_CallShiroganeNoel","floor":41.0,"key":"SMITH"},{"floor":49,"key":"RECALL"},{"data":"Hololive_DiamondStrike","floor":52,"key":"SMITH"}],"circlet_count":0,"master_deck":["AscendersBane","Hololive_CallHoushouMarine","Hololive_CallShiroganeNoel+1","Hololive_CallUruhaRushia","Hololive_CallOkamiMio","Hololive_Drill","Hololive_MaximGun+1","Hololive_CallDoris","Hololive_CallMinatoAqua","Hololive_CallYuzukiChoco","Hololive_CallAkaiHaato","Hololive_CallAyundaRisu","Hololive_CallYozoraMel","Hololive_CallRosalyn","Hololive_CallArtia","Hololive_CallSpadeEcho","Hololive_StrengthChampion","Hololive_Rebirth+1","Hololive_CallMomosuzuNene+18","Hololive_CallAmaneKanata+1","Hololive_CallHimemoriLuna","Hololive_CallShishiroBotan","Hololive_CallNekomataOkayu","Hololive_CallMurasakiShion+1","Hololive_CallUsadaPekora+1","Hololive_BeCareful","Hololive_CallAkaiHaato","Hololive_CallSakuraMiko","Hololive_ScarfAndHalo","Hololive_CallTokinoSora","Hololive_CallRoboco","Hololive_CallShishiroBotan","Hololive_CocoNews+1","Hololive_CallShirakamiFubuki","Hololive_CocoNews","Hololive_CallTsunomakiWatame","Hololive_DiamondStrike+1","Hololive_CallAiraniIofifteen+1","Hololive_CallHoushouMarine+1","Apotheosis","Hololive_CallYogiri","Hololive_CallInugamiKorone"],"relics":["Hololive_TheStar","Bird Faced Urn","Ice Cream","MerchantsRug","Oddly Smooth Stone","FaceOfCleric","Hololive_LightStick","Nunchaku","MawBank","Ginger","Regal Pillow","Happy Flower","Empty Cage","Thread and Needle","Blood Vial","Bottled Lightning","Runic Dome","Pantograph","Potion Belt","Boot","Torii","MealTicket","Bag of Preparation"],"acts_visited":["Exordium","TheCity","TheBeyond","TheEnding"],"potions_floor_usage":[55,55,55],"damage_taken":[{"damage":0.0,"enemies":"Small Slimes","floor":1.0,"turns":3.0},{"damage":0.0,"enemies":"Cultist","floor":2.0,"turns":3.0},{"damage":0.0,"enemies":"Jaw Worm","floor":3.0,"turns":2.0},{"damage":0.0,"enemies":"2 Fungi Beasts","floor":4.0,"turns":2.0},{"damage":1.0,"enemies":"Gremlin Gang","floor":5.0,"turns":4.0},{"damage":0.0,"enemies":"Large Slime","floor":6.0,"turns":3.0},{"damage":0.0,"enemies":"Exordium Thugs","floor":7.0,"turns":2.0},{"damage":0.0,"enemies":"Lagavulin","floor":8.0,"turns":4.0},{"damage":0.0,"enemies":"Gremlin Nob","floor":10.0,"turns":3.0},{"damage":0.0,"enemies":"Lots of Slimes","floor":11.0,"turns":1.0},{"damage":0.0,"enemies":"Lagavulin","floor":12.0,"turns":4.0},{"damage":0.0,"enemies":"2 Fungi Beasts","floor":13.0,"turns":2.0},{"damage":0.0,"enemies":"Gremlin Nob","floor":14.0,"turns":3.0},{"damage":0.0,"enemies":"Hexaghost","floor":16.0,"turns":8.0},{"damage":0.0,"enemies":"Spheric Guardian","floor":18.0,"turns":3.0},{"damage":0.0,"enemies":"Shell Parasite","floor":19.0,"turns":3.0},{"damage":1.0,"enemies":"Shelled Parasite and Fungi","floor":20.0,"turns":5.0},{"damage":0.0,"enemies":"Centurion and Healer","floor":22.0,"turns":6.0},{"damage":0.0,"enemies":"Book of Stabbing","floor":24.0,"turns":5.0},{"damage":0.0,"enemies":"Sentry and Sphere","floor":25.0,"turns":4.0},{"damage":0.0,"enemies":"Slavers","floor":27.0,"turns":4.0},{"damage":0.0,"enemies":"Chosen and Byrds","floor":28.0,"turns":5.0},{"damage":0.0,"enemies":"Gremlin Leader","floor":29.0,"turns":5.0},{"damage":0.0,"enemies":"Snecko","floor":31.0,"turns":3.0},{"damage":0.0,"enemies":"Automaton","floor":33.0,"turns":8.0},{"damage":0.0,"enemies":"Orb Walker","floor":35.0,"turns":3.0},{"damage":0.0,"enemies":"3 Darklings","floor":36.0,"turns":4.0},{"damage":0.0,"enemies":"Writhing Mass","floor":38.0,"turns":5.0},{"damage":0.0,"enemies":"Jaw Worm Horde","floor":39.0,"turns":3.0},{"damage":0.0,"enemies":"Giant Head","floor":40.0,"turns":8.0},{"damage":0.0,"enemies":"Nemesis","floor":42.0,"turns":7.0},{"damage":0.0,"enemies":"Reptomancer","floor":44.0,"turns":5.0},{"damage":0,"enemies":"Transient","floor":45,"turns":6},{"damage":0,"enemies":"Nemesis","floor":46,"turns":5},{"damage":0,"enemies":"3 Darklings","floor":48,"turns":5},{"damage":0,"enemies":"Donu and Deca","floor":50,"turns":6},{"damage":8,"enemies":"Shield and Spear","floor":54,"turns":6},{"damage":9,"enemies":"The Heart","floor":55,"turns":7}],"seed_played":"-8934087206345000169","potions_obtained":[{"floor":1.0,"key":"EntropicBrew"},{"floor":5.0,"key":"SneckoOil"},{"floor":7.0,"key":"Block Potion"},{"floor":12.0,"key":"Strength Potion"},{"floor":14.0,"key":"Swift Potion"},{"floor":19.0,"key":"DistilledChaos"},{"floor":20.0,"key":"Energy Potion"},{"floor":24.0,"key":"DuplicationPotion"},{"floor":31.0,"key":"Block Potion"},{"floor":45,"key":"Block Potion"}],"is_trial":false,"path_per_floor":["M","M","M","M","M","M","M","E","T","E","M","E","M","E","R","B",null,"M","M","M","?","M","R","E","M","T","E","M","E","?","M","R","B",null,"M","M","?","M","M","E","R","E","T","E","M","E","?","M","R","B",null,"R","$","E","B",null],"character_chosen":"Hololive_HololiveCharacter","items_purchased":["Ice Cream","MerchantsRug","Oddly Smooth Stone","Hololive_CallOkamiMio","Apotheosis","Hololive_CallYogiri"],"campfire_rested":0,"item_purchase_floors":[0,0,0,0,53,53],"current_hp_per_floor":[10,19,26,29,30,31,32,33,33,34,35,36,37,38,38,39,39,40,41,42,39,43,43,44,45,45,46,47,48,48,49,49,50,50,51,52,45,53,54,55,55,56,56,57,58,59,59,60,60,61,61,61,61,62,63],"gold":1972,"neow_bonus":"","is_daily":false,"chose_seed":false,"campfire_upgraded":5,"win_rate":0.0,"timestamp":1608517705,"path_taken":["M","M","M","M","M","M","M","E","T","E","M","E","M","E","R","BOSS","M","M","M","?","M","R","E","M","T","E","?","E","?","M","R","BOSS","M","M","?","M","M","E","R","E","T","E","?","E","?","M","R","BOSS","R","$","E","BOSS"],"items_purchased_type":["Relic","Relic","Relic","Card","Card","Card"],"build_version":"2020-12-13","purchased_purges":1,"victory":true,"max_hp_per_floor":[26,27,28,29,30,31,32,33,33,34,35,36,37,38,38,39,39,40,41,42,42,43,43,44,45,45,46,47,48,48,49,49,50,50,51,52,52,53,54,55,55,56,56,57,58,59,59,60,60,61,61,61,61,62,63],"card_choices":[{"not_picked":["Hololive_CallHoushouMarine","Hololive_RevenueBasedLive","Hololive_Psychosis"],"picked":"Hololive_CocoNews","floor":1.0},{"not_picked":["Hololive_Rebound","Hololive_Trident","Hololive_Yoholoon"],"picked":"Hololive_MaximGun","floor":2.0},{"not_picked":["Hololive_CallCivia","Hololive_CocoNews","Hololive_Psychosis"],"picked":"Hololive_CallDoris","floor":3.0},{"not_picked":["Hololive_CallHoushouMarine","Hololive_CallRosalyn","Hololive_CallUsadaPekora"],"picked":"Hololive_CallMinatoAqua","floor":4.0},{"not_picked":["Hololive_StrengthChampion","Hololive_Sequa","Hololive_IdolExercise"],"picked":"Hololive_CallYuzukiChoco","floor":5.0},{"not_picked":["Hololive_Spy","Hololive_StrengthChampion","Hololive_CallFriendA"],"picked":"Hololive_CallAkaiHaato","floor":6.0},{"not_picked":["Hololive_Breathe","Hololive_CocoNews","Hololive_StrengthChampion"],"picked":"Hololive_CallAyundaRisu","floor":7.0},{"not_picked":["Hololive_HuntDinosaur","Hololive_ILoveYou","Hololive_Rebound"],"picked":"Hololive_CallYozoraMel","floor":8.0},{"not_picked":["Hololive_LuckPotion","Hololive_StrengthChampion","Hololive_CallCivia"],"picked":"Hololive_CallRosalyn","floor":10.0},{"not_picked":["Hololive_CocoNews","Hololive_Breathe","Hololive_CallShirakamiFubuki"],"picked":"Hololive_CallArtia","floor":11.0},{"not_picked":["Hololive_FlyingPonyTail","Hololive_Psychosis","Hololive_RevenueBasedLive"],"picked":"Hololive_CallSpadeEcho","floor":12.0},{"not_picked":["Hololive_Sequa","Hololive_Psychosis","Hololive_Breathe"],"picked":"Hololive_StrengthChampion","floor":13.0},{"not_picked":["Hololive_Psychosis","Hololive_HighAtkLowDef","Hololive_Breathe","Hololive_Drill"],"picked":"SKIP","floor":14.0},{"not_picked":["Hololive_StarCraft","Hololive_HighAtkLowDef","Hololive_Thief"],"picked":"Hololive_Rebirth","floor":16.0},{"not_picked":["Hololive_FlyingPonyTail","Hololive_HuntDinosaur","Hololive_OvertimeWork"],"picked":"Hololive_CallMomosuzuNene","floor":18.0},{"not_picked":["Hololive_CallTokoyamiTowa","Hololive_Rebound","Hololive_CallHimemoriLuna"],"picked":"Hololive_CallAmaneKanata","floor":19.0},{"not_picked":["Hololive_CocoNews+1","Hololive_Trident","Hololive_HuntDinosaur"],"picked":"Hololive_CallHimemoriLuna","floor":20.0},{"not_picked":["Hololive_Breathe","Hololive_Psychosis","Hololive_Rebound","Hololive_ManjiGathering"],"picked":"SKIP","floor":22.0},{"not_picked":["Hololive_StrengthChampion","Hololive_CocoNews","Hololive_BeCareful"],"picked":"Hololive_CallShishiroBotan","floor":24.0},{"not_picked":["Hololive_CallRoboco","Hololive_OvertimeWork","Hololive_CocoNews"],"picked":"Hololive_CallNekomataOkayu","floor":25.0},{"not_picked":["Hololive_Breathe+1","Hololive_Trident","Hololive_Sequa"],"picked":"Hololive_CallMurasakiShion+1","floor":27.0},{"not_picked":["Hololive_ASMR","Hololive_HuntDinosaur","Hololive_Teleport","Hololive_Psychosis"],"picked":"SKIP","floor":28.0},{"not_picked":["Hololive_StrengthChampion","Hololive_Yoholoon","Hololive_CallArtia"],"picked":"Hololive_CallUsadaPekora+1","floor":29.0},{"not_picked":["Hololive_CocoNews","Hololive_Breathe","Hololive_Sequa+1"],"picked":"Hololive_CallSakuraMiko","floor":31.0},{"not_picked":["Hololive_Recruit","Hololive_OpenUp","Hololive_HighAtkLowDef"],"picked":"Hololive_ScarfAndHalo","floor":33.0},{"not_picked":["Hololive_FlyingPonyTail","Hololive_Trident","Hololive_CallYozoraMel"],"picked":"Hololive_CallTokinoSora","floor":35.0},{"not_picked":["Hololive_LuckPotion","Hololive_CocoNews","Hololive_Rebound"],"picked":"Hololive_CallRoboco","floor":36.0},{"not_picked":["Hololive_LuckPotion","Hololive_Psychosis","Hololive_FlyingPonyTail"],"picked":"Hololive_CallShishiroBotan","floor":38.0},{"not_picked":["Hololive_CallUruhaRushia","Hololive_FlyingPonyTail","Hololive_LuckPotion"],"picked":"Hololive_CocoNews+1","floor":39.0},{"not_picked":["Hololive_Sequa","Hololive_StrengthChampion","Hololive_Nanodesu"],"picked":"Hololive_CallShirakamiFubuki","floor":40.0},{"not_picked":["Hololive_RevenueBasedLive+1","Hololive_ILoveYou+1","Hololive_StrengthChampion+1"],"picked":"Hololive_CocoNews","floor":42.0},{"not_picked":["Hololive_ILoveYou+1","Hololive_ManjiGathering","Hololive_CallArtia"],"picked":"Hololive_CallTsunomakiWatame","floor":44.0},{"not_picked":["Hololive_Drill+1","Hololive_RevenueBasedLive+1","Hololive_CallAyundaRisu+1"],"picked":"Hololive_DiamondStrike","floor":45},{"not_picked":["Hololive_OvertimeWork","Hololive_RevenueBasedLive","Hololive_HuntDinosaur"],"picked":"Hololive_CallAiraniIofifteen+1","floor":46},{"not_picked":["Hololive_Sequa","Hololive_RevenueBasedLive","Hololive_LuckPotion"],"picked":"Hololive_CallHoushouMarine+1","floor":48},{"not_picked":["Hololive_Thief","Hololive_Sequa","Hololive_BringToTrial"],"picked":"Hololive_CallInugamiKorone","floor":54}],"player_experience":151795,"relics_obtained":[{"floor":8.0,"key":"Nunchaku"},{"floor":9.0,"key":"MawBank"},{"floor":10.0,"key":"Ginger"},{"floor":12.0,"key":"Regal Pillow"},{"floor":14.0,"key":"Happy Flower"},{"floor":24.0,"key":"Thread and Needle"},{"floor":27.0,"key":"Blood Vial"},{"floor":29.0,"key":"Bottled Lightning"},{"floor":40.0,"key":"Pantograph"},{"floor":42.0,"key":"Potion Belt"},{"floor":43.0,"key":"Boot"},{"floor":44.0,"key":"Torii"},{"floor":46,"key":"MealTicket"},{"floor":54,"key":"Bag of Preparation"}],"event_choices":[{"damage_healed":0.0,"max_hp_gain":0.0,"max_hp_loss":0.0,"gold_gain":0.0,"event_name":"The Woman in Blue","player_choice":"Bought 0 Potions","floor":21.0,"gold_loss":0.0,"damage_taken":0.0},{"damage_healed":0.0,"max_hp_gain":0.0,"max_hp_loss":0.0,"gold_gain":0.0,"cards_transformed":["Hololive_Defend","Hololive_CallUsadaPekora"],"event_name":"Drug Dealer","player_choice":"Became Test Subject","floor":30.0,"gold_loss":0.0,"damage_taken":0.0,"cards_obtained":["Hololive_BeCareful","Hololive_CallAkaiHaato"]},{"damage_healed":0.0,"max_hp_gain":0.0,"max_hp_loss":0.0,"gold_gain":0.0,"event_name":"Wheel of Change","player_choice":"Damaged","floor":37.0,"gold_loss":0.0,"damage_taken":7.0},{"cards_removed":["Hololive_CocoNews"],"damage_healed":5,"gold_gain":0,"player_choice":"Offered Common","damage_taken":0,"max_hp_gain":0,"max_hp_loss":0,"event_name":"Bonfire Elementals","floor":47,"gold_loss":0},{"cards_removed":["Hololive_CocoNews"],"damage_healed":5,"gold_gain":0,"player_choice":"Offered Special","damage_taken":0,"max_hp_gain":0,"max_hp_loss":0,"event_name":"Bonfire Elementals","floor":47,"gold_loss":0}],"is_beta":false,"boss_relics":[{"not_picked":["SacredBark","Runic Pyramid"],"picked":"Empty Cage"},{"not_picked":["Fusion Hammer","Velvet Choker"],"picked":"Runic Dome"}],"items_purged_floors":[0],"is_endless":false,"potions_floor_spawned":[1,5,6,7,12,14,19,20,24,31,33,35,38,39,40,45],"ascension_level":18}}