{"host":"sxnl403xm2xmiyj1","time":1608537143,"event":{"mods":["AchievementEnabler","BaseMod","Colored Map","Keyboard Shortcuts","Minty Spire (QoL Compilation)","Quick Restart","StSLib","SuperFastMode"],"gold_per_floor":[111,111,111,39,58,58,73,100,400,420,438,454,454,473,473,572,572,583,593,692,692,706,706,7,40,40,67,67,79,104,122,122,219,219,230,279,296,47,62,95,95,128,128,128,138,163,163,175,175,175,175,175,3,38,38,38],"floor_reached":55,"playtime":1811,"items_purged":["Strike_G","Strike_G"],"score":988,"play_id":"b86a7399-66a6-47eb-8bff-0731f2b7b20e","local_time":"20201221165223","is_ascension_mode":true,"campfire_choices":[{"data":"Apotheosis","floor":6.0,"key":"SMITH"},{"floor":15.0,"key":"REST"},{"data":"Footwork","floor":23.0,"key":"SMITH"},{"floor":32.0,"key":"DIG"},{"floor":47.0,"key":"REST"},{"floor":49.0,"key":"RECALL"},{"floor":52,"key":"DIG"}],"circlet_count":0,"master_deck":["Strike_G","Strike_G","Defend_G","Defend_G","Defend_G","Defend_G","Defend_G","Survivor","Neutralize","Apotheosis+1","Cloak And Dagger","Footwork+1","Slice","Expertise","Prepared","Crippling Poison","PiercingWail","Tools of the Trade","Deadly Poison","Deflect+1","Terror","Cloak And Dagger","Tactician+1","Calculated Gamble+1","Underhanded Strike","Infinite Blades","Caltrops+1","Dodge and Roll+1","Tactician+1","Eviscerate","Storm of Steel+1","PiercingWail+1","Phantasmal Killer+1","Blur+1","Bane+1","Sucker Punch+1","Caltrops","Concentrate+1","Deadly Poison+1","Deflect+1","Prepared+1","Writhe","Reflex+1","Quick Slash+1","Acrobatics+1","Dodge and Roll+1","Cloak And Dagger+1","Bane+1"],"relics":["Ring of the Snake","Sundial","Old Coin","HoveringKite","Toxic Egg 2","Medical Kit","Darkstone Periapt","Shovel","Ice Cream","HornCleat","Centennial Puzzle","WristBlade","Turnip","FossilizedHelix","StoneCalendar","Blue Candle","Shuriken"],"acts_visited":["Exordium","TheCity","TheBeyond","TheEnding"],"potions_floor_usage":[55],"damage_taken":[{"damage":5.0,"enemies":"Small Slimes","floor":1.0,"turns":4.0},{"damage":0.0,"enemies":"Jaw Worm","floor":5.0,"turns":5.0},{"damage":0.0,"enemies":"2 Louse","floor":7.0,"turns":3.0},{"damage":19.0,"enemies":"Lagavulin","floor":8.0,"turns":10.0},{"damage":7.0,"enemies":"Lots of Slimes","floor":10.0,"turns":5.0},{"damage":12.0,"enemies":"Exordium Wildlife","floor":11.0,"turns":6.0},{"damage":0.0,"enemies":"2 Fungi Beasts","floor":12.0,"turns":3.0},{"damage":0.0,"enemies":"Blue Slaver","floor":14.0,"turns":4.0},{"damage":15.0,"enemies":"Slime Boss","floor":16.0,"turns":8.0},{"damage":0.0,"enemies":"Chosen","floor":18.0,"turns":6.0},{"damage":2.0,"enemies":"3 Byrds","floor":19.0,"turns":6.0},{"damage":0.0,"enemies":"Snake Plant","floor":22.0,"turns":4.0},{"damage":0.0,"enemies":"Slavers","floor":25.0,"turns":6.0},{"damage":22.0,"enemies":"Gremlin Leader","floor":27.0,"turns":7.0},{"damage":17.0,"enemies":"Sentry and Sphere","floor":29.0,"turns":6.0},{"damage":15.0,"enemies":"Book of Stabbing","floor":30.0,"turns":6.0},{"damage":0.0,"enemies":"Shelled Parasite and Fungi","floor":31.0,"turns":4.0},{"damage":30.0,"enemies":"Collector","floor":33.0,"turns":10.0},{"damage":7.0,"enemies":"3 Darklings","floor":35.0,"turns":7.0},{"damage":10.0,"enemies":"2 Orb Walkers","floor":36.0,"turns":6.0},{"damage":4.0,"enemies":"3 Shapes","floor":37.0,"turns":5.0},{"damage":15.0,"enemies":"Spire Growth","floor":39.0,"turns":4.0},{"damage":49.0,"enemies":"Giant Head","floor":40.0,"turns":8.0},{"damage":6.0,"enemies":"Nemesis","floor":42.0,"turns":7.0},{"damage":21.0,"enemies":"Jaw Worm Horde","floor":45.0,"turns":4.0},{"damage":18.0,"enemies":"Reptomancer","floor":46.0,"turns":9.0},{"damage":10.0,"enemies":"3 Darklings","floor":48.0,"turns":6.0},{"damage":16.0,"enemies":"Awakened One","floor":50.0,"turns":12.0},{"damage":10,"enemies":"Shield and Spear","floor":54,"turns":7},{"damage":76,"enemies":"The Heart","floor":55,"turns":6}],"seed_played":"6016236332947931590","potions_obtained":[{"floor":5.0,"key":"GhostInAJar"},{"floor":8.0,"key":"FairyPotion"},{"floor":10.0,"key":"Poison Potion"},{"floor":12.0,"key":"Poison Potion"},{"floor":14.0,"key":"Fire Potion"},{"floor":22.0,"key":"SkillPotion"},{"floor":29.0,"key":"Energy Potion"},{"floor":30.0,"key":"Strength Potion"},{"floor":35.0,"key":"EntropicBrew"},{"floor":40.0,"key":"CunningPotion"},{"floor":46.0,"key":"FearPotion"},{"floor":48.0,"key":"Strength Potion"}],"is_trial":false,"path_per_floor":["M","?","?","$","M","R","M","E","T","M","M","M","?","M","R","B",null,"M","M","?","?","M","R","$","E","T","E","?","M","E","M","R","B",null,"M","?","M","$","M","E","?","E","T","?","M","E","R","M","R","B",null,"R","$","E","B"],"character_chosen":"THE_SILENT","items_purchased":["Footwork","Toxic Egg 2","Tactician+1","Calculated Gamble+1","Medical Kit","Underhanded Strike","Infinite Blades","Caltrops","Concentrate+1","Dodge and Roll+1","Cloak And Dagger+1","LiquidBronze"],"campfire_rested":2,"item_purchase_floors":[4,24,24,24,24,24,24,38,38,53,53,53],"current_hp_per_floor":[44,49,42,42,42,42,42,23,23,16,4,4,4,4,26,11,75,75,73,73,73,73,73,73,73,73,51,51,34,19,19,19,22,75,73,63,59,59,44,24,24,18,18,44,23,5,30,20,20,4,86,86,86,76,0,0],"gold":38,"neow_bonus":"RANDOM_COLORLESS_2","is_daily":false,"chose_seed":false,"campfire_upgraded":2,"win_rate":0.0,"timestamp":1608537143,"path_taken":["M","?","?","?","M","R","M","E","T","M","M","M","?","M","R","BOSS","M","M","?","?","M","R","$","E","T","E","?","?","E","M","R","BOSS","M","?","M","$","M","E","?","E","T","?","M","E","R","M","R","BOSS","R","$","E","BOSS"],"items_purchased_type":["Card","Relic","Card","Card","Relic","Card","Card","Card","Card","Card","Card","Potion"],"build_version":"2020-12-13","purchased_purges":2,"victory":false,"max_hp_per_floor":[70,75,75,75,75,75,75,75,75,75,75,75,75,75,75,75,75,75,75,75,75,75,75,75,75,75,75,75,75,75,75,75,75,75,80,80,80,80,80,80,80,80,80,86,86,86,86,86,86,86,86,86,86,86,86,86],"card_choices":[{"not_picked":["Metamorphosis","Secret Technique"],"picked":"Apotheosis","floor":0.0},{"not_picked":["Dagger Throw","Flying Knee"],"picked":"Cloak And Dagger","floor":1.0},{"not_picked":["Skewer","Riddle With Holes"],"picked":"Slice","floor":5.0},{"not_picked":["Concentrate","Deflect"],"picked":"Expertise","floor":7.0},{"not_picked":["Reflex","Underhanded Strike"],"picked":"Poisoned Stab","floor":8.0},{"not_picked":["Backflip","Deflect"],"picked":"Prepared","floor":10.0},{"not_picked":["Flying Knee","Poisoned Stab"],"picked":"Crippling Poison","floor":11.0},{"not_picked":["Distraction","Dagger Spray","Outmaneuver"],"picked":"SKIP","floor":12.0},{"not_picked":["Expertise","Deflect"],"picked":"PiercingWail","floor":14.0},{"not_picked":["Adrenaline","Bullet Time"],"picked":"Tools of the Trade","floor":16.0},{"not_picked":["Expertise","Quick Slash"],"picked":"Deadly Poison","floor":18.0},{"not_picked":["Dagger Throw","Dagger Spray"],"picked":"Deflect+1","floor":19.0},{"not_picked":["Finisher","Prepared+1"],"picked":"Cloak And Dagger","floor":22.0},{"not_picked":["Dodge and Roll+1","Finisher"],"picked":"Caltrops+1","floor":25.0},{"not_picked":["Dagger Throw","Riddle With Holes+1"],"picked":"Dodge and Roll+1","floor":27.0},{"not_picked":["Blade Dance+1","Terror+1"],"picked":"Eviscerate","floor":29.0},{"not_picked":["PiercingWail+1","Skewer"],"picked":"Storm of Steel+1","floor":30.0},{"not_picked":["Deflect+1","Dagger Spray"],"picked":"PiercingWail+1","floor":31.0},{"not_picked":["Corpse Explosion+1","Storm of Steel+1"],"picked":"Phantasmal Killer+1","floor":33.0},{"not_picked":["All Out Attack+1","Backflip+1"],"picked":"Blur+1","floor":35.0},{"not_picked":["Distraction+1","Predator+1"],"picked":"Bane+1","floor":36.0},{"not_picked":["Eviscerate","Well Laid Plans+1"],"picked":"Sucker Punch+1","floor":37.0},{"not_picked":["Caltrops","Sucker Punch+1"],"picked":"Deadly Poison+1","floor":39.0},{"not_picked":["Slice+1","Phantasmal Killer+1"],"picked":"Deflect+1","floor":40.0},{"not_picked":["Quick Slash","Terror+1"],"picked":"Prepared+1","floor":42.0},{"not_picked":["Deadly Poison+1","Outmaneuver+1"],"picked":"Reflex+1","floor":45.0},{"not_picked":["Calculated Gamble+1","Concentrate+1"],"picked":"Quick Slash+1","floor":46.0},{"not_picked":["Deadly Poison+1","Grand Finale"],"picked":"Acrobatics+1","floor":48.0},{"not_picked":["Backstab+1","Escape Plan+1"],"picked":"Bane+1","floor":54}],"player_experience":109469,"relics_obtained":[{"floor":8.0,"key":"Sundial"},{"floor":9.0,"key":"Old Coin"},{"floor":25.0,"key":"Darkstone Periapt"},{"floor":26.0,"key":"Shovel"},{"floor":27.0,"key":"Ice Cream"},{"floor":30.0,"key":"HornCleat"},{"floor":32.0,"key":"Centennial Puzzle"},{"floor":36.0,"key":"Turnip"},{"floor":42.0,"key":"FossilizedHelix"},{"floor":46.0,"key":"StoneCalendar"},{"floor":52,"key":"Blue Candle"},{"floor":54,"key":"Shuriken"}],"event_choices":[{"damage_healed":0.0,"max_hp_gain":5.0,"max_hp_loss":0.0,"gold_gain":0.0,"event_name":"Big Fish","player_choice":"Donut","floor":2.0,"gold_loss":0.0,"damage_taken":0.0},{"cards_removed":["Strike_G"],"damage_healed":0.0,"max_hp_gain":0.0,"max_hp_loss":0.0,"gold_gain":0.0,"event_name":"Golden Wing","player_choice":"Card Removal","floor":3.0,"gold_loss":0.0,"damage_taken":7.0},{"damage_healed":0.0,"max_hp_gain":0.0,"max_hp_loss":0.0,"gold_gain":0.0,"event_name":"Scrap Ooze","player_choice":"Fled","floor":13.0,"gold_loss":0.0,"damage_taken":0.0},{"damage_healed":0.0,"max_hp_gain":0.0,"max_hp_loss":0.0,"gold_gain":99.0,"event_name":"Nest","player_choice":"Stole From Cult","floor":20.0,"gold_loss":0.0,"damage_taken":0.0},{"damage_healed":0.0,"max_hp_gain":0.0,"max_hp_loss":0.0,"gold_gain":0.0,"event_name":"The Library","player_choice":"Read","floor":21.0,"gold_loss":0.0,"damage_taken":0.0,"cards_obtained":["Terror"]},{"damage_healed":0.0,"max_hp_gain":0.0,"max_hp_loss":0.0,"gold_gain":0.0,"event_name":"Duplicator","player_choice":"Copied","floor":28.0,"gold_loss":0.0,"damage_taken":0.0,"cards_obtained":["Tactician"]},{"damage_healed":0.0,"max_hp_gain":0.0,"max_hp_loss":0.0,"gold_gain":0.0,"event_name":"Mysterious Sphere","player_choice":"Fight","floor":36.0,"gold_loss":0.0,"damage_taken":0.0},{"cards_removed":["Poisoned Stab"],"damage_healed":0.0,"max_hp_gain":0.0,"max_hp_loss":0.0,"gold_gain":0.0,"event_name":"Falling","player_choice":"Removed Attack","floor":41.0,"gold_loss":0.0,"damage_taken":0.0},{"damage_healed":20.0,"max_hp_gain":0.0,"max_hp_loss":0.0,"gold_gain":0.0,"event_name":"Winding Halls","player_choice":"Writhe","floor":44.0,"gold_loss":0.0,"damage_taken":0.0,"cards_obtained":["Writhe"]}],"is_beta":false,"boss_relics":[{"not_picked":["Runic Dome","Sozu"],"picked":"HoveringKite"},{"not_picked":["Calling Bell","Ring of the Serpent"],"picked":"WristBlade"}],"items_purged_floors":[24,38],"is_endless":false,"potions_floor_spawned":[5,8,10,12,14,22,29,30,35,40,46,48],"killed_by":"The Heart","ascension_level":3}}