{"host":"cbnfbo28eyz4xcn1","time":1608592031,"event":{"mods":["BaseMod","Colored Map","Colored Powertips","Infinite Spire","Minty Spire (QoL Compilation)","Replay The Spire","StSLib"],"gold_per_floor":[209,284,23,23,41,41,41,41,41,69,82,113,113,125,125,227,227,247,334,334,350,350,350],"floor_reached":22,"playtime":951,"items_purged":["Decay"],"score":307,"play_id":"acbfec5e-64d2-45bb-a06d-1c684f6c0f33","local_time":"20201222000711","is_ascension_mode":true,"campfire_choices":[{"data":"Bash","floor":6.0,"key":"SMITH"},{"floor":13.0,"key":"REST"},{"data":"Reaper","floor":13.0,"key":"SMITH"},{"data":"Anger","floor":15.0,"key":"SMITH"}],"circlet_count":0,"master_deck":["AscendersBane","Strike_R","Strike_R","Strike_R","Strike_R","Strike_R","Defend_R","Defend_R","Defend_R","Defend_R","Bash+1","Power Through","Wild Strike","Run Through","Reaper+1","Run Through","Anger+1","Reaper","Shrug It Off","Rupture","Thunderclap","Cleave","Whirlwind"],"relics":["Burning Blood","infinitespire:WardingShard","Anchor","Pear","infinitespire:Magic Flask","Chameleon Ring","Ring of Chaos","Pantograph"],"acts_visited":["Exordium","TheCity"],"potions_floor_usage":[16,22],"damage_taken":[{"damage":4.0,"enemies":"Jaw Worm","floor":1.0,"turns":6.0},{"damage":6.0,"enemies":"Cultist","floor":5.0,"turns":4.0},{"damage":40.0,"enemies":"3 Sentries","floor":10.0,"turns":12.0},{"damage":1.0,"enemies":"2 Louse","floor":11.0,"turns":3.0},{"damage":10.0,"enemies":"Gremlin Nob","floor":12.0,"turns":4.0},{"damage":0.0,"enemies":"Red Slaver","floor":14.0,"turns":3.0},{"damage":79,"enemies":"Fading Forest","floor":16,"turns":11},{"damage":17,"enemies":"Chosen","floor":18,"turns":6},{"damage":67,"enemies":"Shell Parasite","floor":21,"turns":8},{"damage":30,"enemies":"Shelled Parasite and Fungi","floor":22,"turns":3}],"seed_played":"3706874798543538041","potions_obtained":[{"floor":10.0,"key":"LiquidBronze"},{"floor":11.0,"key":"Energy Potion"},{"floor":21,"key":"SpeedPotion"}],"is_trial":false,"path_per_floor":["M","?","$","T","M","R","?","$","T","E","M","E","R","M","R","B",null,"M","?","AVR","M","M"],"character_chosen":"IRONCLAD","items_purchased":["infinitespire:WardingShard"],"campfire_rested":1,"item_purchase_floors":[3],"current_hp_per_floor":[74,66,66,66,66,66,66,66,76,42,47,49,76,82,82,37,77,77,77,77,29,0,0],"gold":350,"neow_bonus":"HUNDRED_GOLD","is_daily":false,"chose_seed":false,"campfire_upgraded":3,"win_rate":0.0,"timestamp":1608592031,"path_taken":["M","?","$","?","M","R","?","$","T","E","M","E","R","M","R","BOSS","M","?","AVR","M","?"],"items_purchased_type":["Relic"],"build_version":"2020-12-13","purchased_purges":1,"victory":false,"max_hp_per_floor":[80,80,80,80,80,80,80,80,90,90,90,90,90,90,90,90,90,90,90,90,90,90,90],"card_choices":[{"not_picked":["Intimidate","Evolve"],"picked":"Power Through","floor":1.0},{"not_picked":["Sword Boomerang","Heavy Blade"],"picked":"Wild Strike","floor":5.0},{"not_picked":["Perfected Strike","Sword Boomerang"],"picked":"Run Through","floor":10.0},{"not_picked":["Sentinel","Run Through"],"picked":"Reaper","floor":11.0},{"not_picked":["Abandon","ReplayTheSpireMod:Strike From Hell"],"picked":"Run Through","floor":12.0},{"not_picked":["Clothesline","Replay:Undeath\u0027s Touch"],"picked":"Anger","floor":14.0},{"not_picked":["Limit Break","Hemogenesis"],"picked":"Reaper","floor":16},{"not_picked":["Sword Boomerang","Thunderclap"],"picked":"Shrug It Off","floor":18},{"not_picked":["Iron Wave","ReplayTheSpireMod:LeadingStrike"],"picked":"Rupture","floor":19},{"not_picked":["Seeing Red","ReplayTheSpireMod:Strike From Hell"],"picked":"Thunderclap","floor":19},{"not_picked":["Brutality","Twin Strike"],"picked":"Cleave","floor":19},{"not_picked":["Thunderclap","ReplayTheSpireMod:LeadingStrike"],"picked":"Whirlwind","floor":21}],"player_experience":448874,"relics_obtained":[{"floor":4.0,"key":"Anchor"},{"floor":9.0,"key":"Pear"},{"floor":10.0,"key":"infinitespire:Magic Flask"},{"floor":12.0,"key":"Chameleon Ring"}],"event_choices":[{"damage_healed":0.0,"max_hp_gain":0.0,"max_hp_loss":0.0,"gold_gain":75.0,"event_name":"FaceTrader","player_choice":"Touch","floor":2.0,"gold_loss":0.0,"damage_taken":8.0},{"damage_healed":0.0,"max_hp_gain":0.0,"max_hp_loss":0.0,"gold_gain":0.0,"event_name":"Wheel of Change","player_choice":"Cursed","floor":7.0,"gold_loss":0.0,"damage_taken":0.0,"cards_obtained":["Decay"]}],"is_beta":false,"boss_relics":[{"not_picked":["Runic Dome","Pandora\u0027s Box"],"picked":"Ring of Chaos"}],"items_purged_floors":[20],"is_endless":false,"potions_floor_spawned":[10,11,21],"killed_by":"Shelled Parasite and Fungi","ascension_level":12}}