{"host":"iw0syt1icqzwzkkt","time":1608514300,"event":{"mods":["ATMod(阿瑾Mod)","Act Like it!","BaseMod","Better Vampires","Challenge The Spire","Conspire","Dota2Spire","Downfall","Gensokyo","GungeonMod","Hallownest","Hunter 猎人","KinomotoSakuraMod(木之本樱)","Luminous","Minty Spire (QoL Compilation)","Permanent Neow","Reimu（博丽灵梦）","Relic Stats","Replay The Spire","RumiaBox-露米娅的神秘盒子","SIMod","Spicy Shops","StSLib","TestMod","The Animator","The Cursed","The Hierophant","The Servant 0.9.4","UnlockEverythingMod","Waifu the Spire","WarShipGirlsR/战舰少女R mod","[地精首领爬塔]The Maniac","noobMod","vexMod","【东方二次创作】八云紫mod","【遗物卡牌】REMEMod","篝火指南"],"gold_per_floor":[46,56,1,19,19,19,19,27,27,27,27,27,27,42,42,134,134,134,134],"floor_reached":18,"playtime":803,"items_purged":[],"score":200,"play_id":"8500f4e9-4d38-4110-893f-de9692dd93b1","local_time":"20201221093140","is_ascension_mode":false,"campfire_choices":[{"data":"maniac:Deal","floor":6.0,"key":"SMITH"},{"data":"maniac:Deal+1","floor":11.0,"key":"SMITH"},{"floor":15,"key":"REST"}],"circlet_count":1,"master_deck":["maniac:Strike","maniac:Strike","maniac:Strike","maniac:Strike","maniac:Strike","maniac:BurnBlood","maniac:AbyssShackle+1","AT_FamilyPortrait+1","maniac:WardAndDefend","maniac:Whirlscythe+1","maniac:Refine","maniac:Refine","maniac:Deal+3","Writhe","maniac:Recollect","Hallownest:skillSlugHide","Hallownest:skillSlugHide","Hallownest:skillSlugHide","Hallownest:skillSlugHide","Hallownest:skillSlugHide","maniac:SpectralKnives","maniac:ForsakenHand+1"],"relics":["maniac:DamagedAnvil","maniac:BrokenHorn","AT_ATBox","testmod-TestBox","ice","REME_ComplimentaryCards","Hallownest:StagBellRelic1","Hallownest:DreamNailRelic","Circlet","vexMod:ImprovementManual"],"acts_visited":["Hallownest:Greenpath","Hallownest:CityofTears"],"potions_floor_usage":[16,16,16],"damage_taken":[{"damage":4.0,"enemies":"2_ Uuma","floor":1.0,"turns":2.0},{"damage":3.0,"enemies":"Hallownest:monsterHuskWarrior","floor":2.0,"turns":4.0},{"damage":24.0,"enemies":"Hallownest:monsterHuskGuard","floor":4.0,"turns":5.0},{"damage":0.0,"enemies":"Hallownest:Wandering_and_Horned","floor":8.0,"turns":5.0},{"damage":49,"enemies":"Hallownest:Guard_and_Warrior","floor":14,"turns":5},{"damage":32,"enemies":"Hallownest:BossHornet","floor":16,"turns":8},{"damage":19,"enemies":"Hallownest:3_Youths","floor":18,"turns":3}],"seed_played":"556301646060877988","potions_obtained":[{"floor":4.0,"key":"Dota2Spire:HealingSalve"},{"floor":8.0,"key":"LiquidBronze"},{"floor":14,"key":"EssenceOfSteel"}],"is_trial":false,"path_per_floor":["M","M","$","M","?","R","?","M","T","?","R","?","?","M","R","B",null,"M"],"character_chosen":"THE_MANIAC","items_purchased":["maniac:Refine"],"campfire_rested":1,"item_purchase_floors":[3],"current_hp_per_floor":[76,73,73,49,59,59,59,59,59,59,59,59,59,10,37,32,90,71,71],"gold":134,"neow_bonus":"RANDOM_EVENT","is_daily":false,"chose_seed":false,"campfire_upgraded":2,"win_rate":0.0,"timestamp":1608514300,"path_taken":["M","M","$","?","?","R","?","?","T","?","R","?","?","M","R","BOSS","M"],"items_purchased_type":["Card"],"build_version":"2020-12-13","purchased_purges":0,"victory":false,"max_hp_per_floor":[80,80,80,80,90,90,90,90,90,90,90,90,90,90,90,90,90,90,90],"relic_stats":{"counters":[7,32],"obtain_stats":[{"maniac:DamagedAnvil":0,"maniac:BrokenHorn":0,"Hallownest:StagBellRelic1":0,"AT_ATBox":0,"testmod-TestBox":0,"Circlet":12,"DemoMod:GlassGuonStoneRelic":4,"ice":0,"Hallownest:DreamNailRelic":7,"vexMod:ImprovementManual":17,"REME_ComplimentaryCards":0},{"maniac:DamagedAnvil":0,"maniac:BrokenHorn":0,"Hallownest:StagBellRelic1":0,"AT_ATBox":0,"testmod-TestBox":0,"Circlet":4,"DemoMod:GlassGuonStoneRelic":3,"ice":0,"Hallownest:DreamNailRelic":3,"vexMod:ImprovementManual":6,"REME_ComplimentaryCards":0},{"maniac:DamagedAnvil":0,"maniac:BrokenHorn":0,"Hallownest:StagBellRelic1":0,"AT_ATBox":0,"testmod-TestBox":0,"Circlet":16,"DemoMod:GlassGuonStoneRelic":11,"ice":0,"Hallownest:DreamNailRelic":11,"vexMod:ImprovementManual":29,"REME_ComplimentaryCards":0}]},"card_choices":[{"not_picked":["maniac:ShelteringEdge","maniac:ListenToNone"],"picked":"maniac:WardAndDefend","floor":1.0},{"not_picked":["maniac:WardAndDefend","maniac:ShelteringEdge"],"picked":"maniac:Whirlscythe","floor":2.0},{"not_picked":["maniac:ShiftingShadows","maniac:MeleeStrike"],"picked":"maniac:Deal","floor":4.0},{"not_picked":["maniac:Refine","maniac:ListenToNone"],"picked":"maniac:Recollect","floor":8.0},{"not_picked":["maniac:UntravelledPath","maniac:Confront"],"picked":"maniac:SpectralKnives","floor":14},{"not_picked":["maniac:Trap","maniac:Simulacrum"],"picked":"maniac:ForsakenHand","floor":16}],"player_experience":552466,"relics_obtained":[],"event_choices":[],"is_beta":false,"boss_relics":[{"not_picked":["Sozu","Replay:Ancient Bell"],"picked":"vexMod:ImprovementManual"}],"items_purged_floors":[],"is_endless":false,"potions_floor_spawned":[4,8,14],"killed_by":"Hallownest:3_Youths","ascension_level":0}}