{"host":"87fdiiwflhrwsj8a","time":1608582730,"event":{"mods":["Aspiration","BaseMod","Better Match","Better Third Choice","BetterRewards","Colored Map","Downfall","GifTheSpireLib","Infinite Spire","Minty Spire (QoL Compilation)","Relic Sorter","Replay The Spire","Robot Space Explorer","StSLib","Stuff the Spire","The Cursed"],"gold_per_floor":[116,116,8,20,20,52,52,129,152,185,201,201,234,246,246,324,324,338,338,353,366,33,33,58,58,58,58,58,88,108,121,121,200,200,210,221,234,245,53,53,87,87,142,142,155,255,289,302,302,380,456,456,470,479,479,488,488,504,515,515,515,542,543,281,281,294,294,366,366,378,38,38,54,54,54,78,106,106,106,106],"floor_reached":79,"playtime":2860,"items_purged":["StuffTheSpire:CuriosityCurse","StuffTheSpire:GnomedCurse"],"score":3347,"play_id":"9a0b1185-d5b9-407d-9883-d4318a759610","local_time":"20201221153210","is_ascension_mode":true,"campfire_choices":[{"floor":7.0,"key":"REST"},{"floor":12.0,"key":"REST"},{"data":"Searing Blow","floor":23.0,"key":"SMITH"},{"data":"Searing Blow+1","floor":25.0,"key":"SMITH"},{"data":"Searing Blow+2","floor":28.0,"key":"SMITH"},{"data":"TheCursedMod:Dregs","floor":32.0,"key":"PURGE"},{"data":"Demon Form","floor":40.0,"key":"SMITH"},{"data":"Searing Blow+3","floor":42.0,"key":"SMITH"},{"data":"Searing Blow+4","floor":49.0,"key":"SMITH"},{"data":"Searing Blow+5","floor":65.0,"key":"SMITH"},{"data":"Searing Blow+6","floor":67.0,"key":"SMITH"},{"data":"Searing Blow+7","floor":75.0,"key":"SMITH"},{"data":"Searing Blow+8","floor":75.0,"key":"SMITH"}],"circlet_count":0,"master_deck":["AscendersBane","Strike_R","Strike_R","Strike_R","Strike_R","Strike_R","Defend_R","Defend_R","Bash","Hemokinesis","Bandage Up","Bloodletting","Pommel Strike","Havoc+1","Seeing Red+1","Ghostly Armor+1","Offering+1","Immolate","Searing Blow+9","ReplayTheSpireMod:Stacked+1","StuffTheSpire:Slingshot","Perfected Strike+1","Demon Form+1","StuffTheSpire:BloodClot+1","Warcry+1","Burning Pact+1","Infernal Blade+1","infinitespire:Collect+1","Heavy Blade","Infernal Blade+1","Juggernaut","Brutality","Rupture","Rage+1","Heavy Blade","Flex+1","Heavy Blade","Rupture","ReplayTheSpireMod:Echoes of Time+1","infinitespire:Gouge"],"relics":["Burning Blood","infinitespire:Golems Mask","Iron Hammer","infinitespire:ShieldingShard","Chemical X","Durian","FaceOfCleric","infinitespire:EmpoweringShard","PreservedInsect","Toxic Egg 2","Bottled Lightning","Replay:Ancient Bell","Bag of Preparation","Snack Pack","StuffTheSpire:DarkSteelAnvil","Dead Branch","Ice Cream","StuffTheSpire:EmeraldSignet","Replay:WaspNest","Mango","Electric Blood","ReplayTheSpireMod:CursedCoin","Onion Ring","Replay:Bottled Steam","MealTicket","Frozen Eye","Replay:Drink Me","Lizard Tail","aspiration:TomeofQuesting","Busted Crown","CultistMask","infinitespire:Bottled Soul","Ginger","infinitespire:Eraser","Replay:Bottled Eggs","Bag of Marbles","StuffTheSpire:RunicHypercube","Replay:Arrowhead","MutagenicStrength","Omamori","Gambling Chip","Akabeko"],"acts_visited":["Exordium","TheCity","TheBeyond","Exordium","TheCity"],"potions_floor_usage":[79,79],"damage_taken":[{"damage":9.0,"enemies":"Jaw Worm","floor":1.0,"turns":3.0},{"damage":0.0,"enemies":"Cultist","floor":4.0,"turns":3.0},{"damage":27.0,"enemies":"Gremlin Nob","floor":6.0,"turns":4.0},{"damage":26.0,"enemies":"Lagavulin","floor":10.0,"turns":6.0},{"damage":0.0,"enemies":"2 Louse","floor":11.0,"turns":2.0},{"damage":0.0,"enemies":"Gremlin Nob","floor":13.0,"turns":2.0},{"damage":0.0,"enemies":"Looter","floor":14.0,"turns":2.0},{"damage":51.0,"enemies":"Slime Boss","floor":16.0,"turns":10.0},{"damage":2.0,"enemies":"Shell Parasite","floor":18.0,"turns":2.0},{"damage":0.0,"enemies":"Chosen","floor":20.0,"turns":2.0},{"damage":3.0,"enemies":"Snake Plant","floor":21.0,"turns":1.0},{"damage":0.0,"enemies":"Slavers","floor":24.0,"turns":1.0},{"damage":29.0,"enemies":"Nightmare","floor":29.0,"turns":4.0},{"damage":0.0,"enemies":"Centurion and Healer","floor":30.0,"turns":3.0},{"damage":3.0,"enemies":"Snecko","floor":31.0,"turns":3.0},{"damage":48.0,"enemies":"Champ","floor":33.0,"turns":7.0},{"damage":23.0,"enemies":"3 Shapes","floor":35.0,"turns":1.0},{"damage":13.0,"enemies":"Orb Walker","floor":36.0,"turns":2.0},{"damage":2.0,"enemies":"Spire Growth","floor":37.0,"turns":1.0},{"damage":4.0,"enemies":"Jaw Worm Horde","floor":38.0,"turns":1.0},{"damage":2.0,"enemies":"Reptomancer","floor":41.0,"turns":2.0},{"damage":3.0,"enemies":"3 Darklings","floor":45.0,"turns":1.0},{"damage":0.0,"enemies":"infinitespire:Three Voidlings","floor":46.0,"turns":2.0},{"damage":40.0,"enemies":"Nightmare_Alpha","floor":46.0,"turns":2.0},{"damage":2.0,"enemies":"Giant Head","floor":47.0,"turns":2.0},{"damage":2.0,"enemies":"Spire Growth","floor":48.0,"turns":1.0},{"damage":99.0,"enemies":"infinitespire:MassOfShapes","floor":50.0,"turns":5.0},{"damage":13.0,"enemies":"Replay:Hell Engine","floor":51.0,"turns":4.0},{"damage":0.0,"enemies":"2 Louse","floor":53.0,"turns":1.0},{"damage":0.0,"enemies":"Small Slimes","floor":54.0,"turns":1.0},{"damage":0.0,"enemies":"Jaw Worm","floor":56.0,"turns":1.0},{"damage":3.0,"enemies":"Lagavulin","floor":58.0,"turns":1.0},{"damage":0.0,"enemies":"Looter","floor":59.0,"turns":1.0},{"damage":0.0,"enemies":"Gremlin Nob","floor":62.0,"turns":1.0},{"damage":0.0,"enemies":"3 Louse","floor":63.0,"turns":1.0},{"damage":0.0,"enemies":"Large Slime","floor":66.0,"turns":1.0},{"damage":0.0,"enemies":"Slime Boss","floor":68.0,"turns":1.0},{"damage":0.0,"enemies":"Shell Parasite","floor":70.0,"turns":1.0},{"damage":0.0,"enemies":"2 Thieves","floor":73.0,"turns":1.0},{"damage":0.0,"enemies":"Gremlin Leader","floor":77.0,"turns":1.0},{"damage":0,"enemies":"Shelled Parasite and Fungi","floor":79,"turns":1}],"seed_played":"3022845355800976492","potions_obtained":[{"floor":6.0,"key":"Regen Potion"},{"floor":10.0,"key":"Energy Potion"},{"floor":38.0,"key":"Swift Potion"},{"floor":51.0,"key":"Languid Potion"},{"floor":53.0,"key":"BloodPotion"}],"is_trial":false,"path_per_floor":["M","?","$","M","?","E","R","?","T","E","M","R","E","M","R_BF","B",null,"M","AVR","M","M","$","R","E","R","T","?","R","NM","M","M","R_BF","B",null,"M","M","M","M","$","R","E","R","T","AVR","M","?","E","M","R","B","B",null,"M","M","?","M","?","E","M","AVR","T","E","M","$","R","M","R","B",null,"M","$","?","M","?","R","T","E","T","M"],"character_chosen":"IRONCLAD","items_purchased":["Iron Hammer","infinitespire:ShieldingShard","Chemical X","Hemokinesis","Bandage Up","Ice Cream","ReplayTheSpireMod:CursedCoin","Onion Ring","Bag of Marbles","Rupture","Replay:Arrowhead"],"campfire_rested":2,"item_purchase_floors":[0,0,0,0,3,22,39,39,64,64,71],"current_hp_per_floor":[23,23,23,36,36,20,44,44,44,29,36,61,74,81,81,41,76,85,85,89,90,90,90,91,91,91,91,91,83,97,105,105,73,100,88,91,98,103,103,103,110,110,110,86,87,61,72,81,81,9,15,74,81,88,88,96,96,97,98,98,98,99,100,100,100,101,101,102,102,103,103,78,87,87,87,87,96,96,105,105],"gold":106,"neow_bonus":"","is_daily":false,"chose_seed":false,"campfire_upgraded":10,"win_rate":0.0,"timestamp":1608582730,"path_taken":["M","?","?","M","?","E","R","?","T","E","M","R","E","M","R_BF","BOSS","M","AVR","M","M","$","R","E","R","T","?","R","NM","M","M","R_BF","BOSS","M","?","M","M","$","R","E","R","T","AVR","M","?","E","M","R","BOSS","BOSS","M","M","?","?","?","E","M","AVR","T","E","M","$","R","M","R","BOSS","M","$","?","M","?","R","?","E","T","M"],"items_purchased_type":["Relic","Relic","Relic","Card","Card","Relic","Relic","Relic","Relic","Card","Relic"],"build_version":"2020-12-13","purchased_purges":2,"victory":false,"max_hp_per_floor":[80,80,80,81,81,82,82,82,82,83,84,84,85,86,86,87,87,88,88,89,90,90,90,91,91,91,91,91,106,107,108,108,109,109,110,111,112,113,113,113,114,114,114,86,87,89,90,91,91,92,93,93,94,95,95,96,96,97,98,98,98,99,100,100,100,101,101,102,102,103,103,103,104,104,104,104,105,105,105,105],"card_choices":[{"not_picked":["StuffTheSpire:Incineration","Carnage"],"picked":"Uppercut","floor":1.0},{"not_picked":["Dark Embrace","Replay:Undeath\u0027s Touch"],"picked":"Bloodletting","floor":4.0},{"not_picked":["Clothesline","StuffTheSpire:Slingshot"],"picked":"Pommel Strike","floor":6.0},{"not_picked":["ReplayTheSpireMod:Strike From Hell","StuffTheSpire:RockThrow","ReplayTheSpireMod:Corrosion Curse+1"],"picked":"SKIP","floor":10.0},{"not_picked":["Fire Breathing","Clothesline"],"picked":"Havoc+1","floor":11.0},{"not_picked":["Thunderclap","Sword Boomerang"],"picked":"Seeing Red+1","floor":13.0},{"not_picked":["ReplayTheSpireMod:LeadingStrike","StuffTheSpire:Incineration"],"picked":"Ghostly Armor+1","floor":14.0},{"not_picked":["Brutality","Eclipse+1"],"picked":"Offering+1","floor":16.0},{"not_picked":["betterMatch:CurseCard","Normality"],"picked":"StuffTheSpire:CuriosityCurse","floor":17.0},{"not_picked":["ReplayTheSpireMod:Restless Dread","Writhe"],"picked":"TheCursedMod:Dregs","floor":17.0},{"not_picked":["Doubt","StuffTheSpire:WarCurse"],"picked":"Amnesia","floor":17.0},{"not_picked":["Thunderclap","Perfected Strike","Sword Boomerang"],"picked":"SKIP","floor":18.0},{"not_picked":["Clash","Clothesline"],"picked":"Immolate","floor":20.0},{"not_picked":["infinitespire:OneForAll","Run Through"],"picked":"Searing Blow","floor":21.0},{"not_picked":["Wild Strike","Pommel Strike","Twin Strike"],"picked":"SKIP","floor":24.0},{"not_picked":["Massacre","Clothesline"],"picked":"ReplayTheSpireMod:Stacked+1","floor":29.0},{"not_picked":["Thunderclap","Life Link"],"picked":"StuffTheSpire:Slingshot","floor":30.0},{"not_picked":["Massacre","StuffTheSpire:Incineration"],"picked":"Perfected Strike+1","floor":31.0},{"not_picked":["Hemogenesis","Reaper"],"picked":"Demon Form","floor":33.0},{"not_picked":["Blood for Blood","Pommel Strike"],"picked":"StuffTheSpire:BloodClot+1","floor":35.0},{"not_picked":["Replay:Undeath\u0027s Touch+1","ReplayReversal+1"],"picked":"Warcry+1","floor":36.0},{"not_picked":["Intimidate+1","Life Link","Entrench+1"],"picked":"SKIP","floor":37.0},{"not_picked":["Heavy Blade","Pommel Strike"],"picked":"Burning Pact+1","floor":38.0},{"not_picked":["Iron Wave","Metallicize"],"picked":"Warcry+1","floor":41.0},{"not_picked":["Clothesline","StuffTheSpire:Incineration+1"],"picked":"Infernal Blade+1","floor":45.0},{"not_picked":["infinitespire:FinalStrike","infinitespire:Menacing"],"picked":"infinitespire:Collect","floor":46.0},{"not_picked":["StuffTheSpire:Slingshot+1","Armaments+1"],"picked":"Heavy Blade","floor":46.0},{"not_picked":["Havoc+1","StuffTheSpire:RockThrow","Metallicize"],"picked":"SKIP","floor":47.0},{"not_picked":["Eclipse+1","Clash+1"],"picked":"Infernal Blade+1","floor":48.0},{"not_picked":["Eclipse+1","Feed"],"picked":"Juggernaut","floor":50.0},{"not_picked":["Juggernaut","Hemogenesis"],"picked":"Brutality","floor":51.0},{"not_picked":[],"picked":"Rupture","floor":53.0},{"not_picked":["StuffTheSpire:Resist"],"picked":"SKIP","floor":54.0},{"not_picked":[],"picked":"Rage+1","floor":56.0},{"not_picked":[],"picked":"Heavy Blade","floor":58.0},{"not_picked":["Carnage"],"picked":"SKIP","floor":59.0},{"not_picked":[],"picked":"Flex+1","floor":62.0},{"not_picked":[],"picked":"Heavy Blade","floor":63.0},{"not_picked":["Massacre"],"picked":"SKIP","floor":66.0},{"not_picked":["ReplayTheSpireMod:??????????????????????","ReplayTheSpireMod:Book of Names"],"picked":"ReplayTheSpireMod:Echoes of Time","floor":69.0},{"not_picked":["StuffTheSpire:Resist"],"picked":"SKIP","floor":70.0},{"not_picked":["infinitespire:NeuralNetwork","infinitespire:Oblivion"],"picked":"infinitespire:Gouge","floor":72.0},{"not_picked":["StuffTheSpire:RockThrow"],"picked":"SKIP","floor":73.0},{"not_picked":["Twin Strike"],"picked":"SKIP","floor":77.0}],"player_experience":2605472,"relics_obtained":[{"floor":6.0,"key":"infinitespire:EmpoweringShard"},{"floor":9.0,"key":"PreservedInsect"},{"floor":10.0,"key":"Toxic Egg 2"},{"floor":13.0,"key":"Bottled Lightning"},{"floor":24.0,"key":"StuffTheSpire:EmeraldSignet"},{"floor":26.0,"key":"Replay:WaspNest"},{"floor":29.0,"key":"Mango"},{"floor":41.0,"key":"Replay:Bottled Steam"},{"floor":43.0,"key":"MealTicket"},{"floor":46.0,"key":"Lizard Tail"},{"floor":47.0,"key":"aspiration:TomeofQuesting"},{"floor":58.0,"key":"infinitespire:Bottled Soul"},{"floor":61.0,"key":"infinitespire:Eraser"},{"floor":62.0,"key":"Replay:Bottled Eggs"},{"floor":76.0,"key":"Omamori"},{"floor":77.0,"key":"Gambling Chip"},{"floor":78.0,"key":"Akabeko"}],"event_choices":[{"damage_healed":0.0,"max_hp_gain":0.0,"max_hp_loss":0.0,"gold_gain":0.0,"event_name":"FaceTrader","player_choice":"Trade","floor":2.0,"gold_loss":0.0,"damage_taken":0.0,"relics_obtained":["FaceOfCleric"]},{"damage_healed":0.0,"max_hp_gain":0.0,"max_hp_loss":0.0,"gold_gain":77.0,"event_name":"Golden Wing","player_choice":"Gained Gold","floor":8.0,"gold_loss":0.0,"damage_taken":0.0},{"damage_healed":0.0,"max_hp_gain":0.0,"max_hp_loss":0.0,"gold_gain":0.0,"event_name":"Living Wall","player_choice":"Grow","floor":15.0,"gold_loss":0.0,"damage_taken":0.0,"cards_upgraded":["Uppercut"]},{"cards_removed":["Amnesia"],"damage_healed":0.0,"max_hp_gain":0.0,"max_hp_loss":0.0,"gold_gain":0.0,"event_name":"Purifier","player_choice":"Purged","floor":27.0,"gold_loss":0.0,"damage_taken":0.0},{"cards_removed":["Warcry"],"damage_healed":0.0,"max_hp_gain":0.0,"max_hp_loss":0.0,"gold_gain":0.0,"event_name":"Purifier","player_choice":"Purged","floor":46.0,"gold_loss":0.0,"damage_taken":0.0},{"damage_healed":0.0,"max_hp_gain":0.0,"max_hp_loss":0.0,"gold_gain":0.0,"event_name":"FaceTrader","player_choice":"Trade","floor":55.0,"gold_loss":0.0,"damage_taken":0.0,"relics_obtained":["CultistMask"]},{"damage_healed":0.0,"max_hp_gain":0.0,"max_hp_loss":0.0,"gold_gain":0.0,"event_name":"Drug Dealer","player_choice":"Inject Mutagens","floor":74.0,"gold_loss":0.0,"damage_taken":0.0,"relics_obtained":["MutagenicStrength"]}],"is_beta":false,"boss_relics":[{"not_picked":["Kintsugi","aspiration:RunicSpoon"],"picked":"Replay:Ancient Bell"},{"not_picked":["Boot","ReplayTheSpireMod:TigerMarble"],"picked":"Bag of Preparation"},{"not_picked":["Question Card","InkBottle"],"picked":"Snack Pack"},{"not_picked":["Torii","Girya"],"picked":"StuffTheSpire:DarkSteelAnvil"},{"not_picked":["Black Star","Coffee Dripper"],"picked":"Electric Blood"},{"not_picked":["infinitespire:Burning Sword","aspiration:WatcherSkillbook"],"picked":"Busted Crown"},{"not_picked":["Coffee Dripper","aspiration:WatcherSkillbook"],"picked":"StuffTheSpire:RunicHypercube"}],"items_purged_floors":[19,39],"is_endless":true,"potions_floor_spawned":[6,10,14,16,21,24,31,38,45,47,48,51,53,56,58,59,62,73],"killed_by":"Shelled Parasite and Fungi","ascension_level":20}}