{"host":"chv1qanoipyt46jc","time":1608515325,"event":{"mods":["2.2 Compatiblity","AchievementEnabler","Bartender","BaseMod","BetterRewards","CapriCore","Card Filter","Conspire","Gold Saver","Grow up Mod","Minty Spire (QoL Compilation)","Rare Cards Sparkle","Relic Filter","Remove Card Discount Mod","Reorder Act Four","StSLib"],"gold_per_floor":[1787,1732,1763,1763,1821,1821,1916,1969,1969,2004,1860,2035,2035,2071,2071,2194,2194,2263,2323,2317,2352,2417,2417,2518,2578,2578,2578,2595,2637,2637,2672,2672,2775,2775,2816,2857,2900,2940,2984,2994,2994,3031,3031,3081,3161,3161,3172,3172,3172,3247,3247,3096,3096,3125,3125],"floor_reached":56,"playtime":1214,"items_purged":["Strike_Bartender","Strike_Bartender","Strike_Bartender","Strike_Bartender","Defend_Bartender","Defend_Bartender","Defend_Bartender","Defend_Bartender","Somersault","Power_Up_Punch","Power_Up_Punch","Doubt","HandOfGreed+1"],"score":1579,"play_id":"45a18851-f59f-49f6-a820-1c3d9d4924f7","local_time":"20201220194845","is_ascension_mode":false,"campfire_choices":[{"data":"Dolphin_Blow","floor":6,"key":"SMITH"},{"data":"Dolphin_Blow","floor":13,"key":"SMITH"},{"data":"HandOfGreed","floor":15,"key":"SMITH"},{"floor":23,"key":"RECALL"},{"data":"Bitters","floor":27,"key":"SMITH"},{"data":"Bitters","floor":30,"key":"SMITH"},{"floor":32,"key":"REST"},{"floor":41,"key":"REST"},{"data":"1","floor":46,"key":"LIFT"},{"data":"2","floor":49,"key":"LIFT"},{"data":"Madness","floor":53,"key":"SMITH"}],"circlet_count":0,"master_deck":["Dolphin_Blow+1","Bitters+1","Dolphin_Blow+1","Bitters+1","Madness","Madness+1"],"relics":["Sneakers","Medical Kit","conspire:GlowingRock","Vajra","conspire:DeflatedDodgeball","Black Star","Whetstone","Unceasing Top","Girya","TheAbacus","Sundial","conspire:DecoderRing"],"acts_visited":["Exordium","TheCity","TheBeyond","TheEnding"],"potions_floor_usage":[5,55],"damage_taken":[{"damage":12,"enemies":"conspire:RoseBush","floor":1,"turns":2},{"damage":11,"enemies":"Jaw Worm","floor":3,"turns":2},{"damage":0,"enemies":"Small Slimes","floor":5,"turns":2},{"damage":44,"enemies":"3 Sentries","floor":7,"turns":5},{"damage":20,"enemies":"conspire:2 RoseBushes","floor":8,"turns":3},{"damage":0,"enemies":"Large Slime","floor":10,"turns":3},{"damage":0,"enemies":"2 Fungi Beasts","floor":14,"turns":2},{"damage":24,"enemies":"The Guardian","floor":16,"turns":3},{"damage":30,"enemies":"2 Thieves","floor":18,"turns":3},{"damage":20,"enemies":"3 Byrds","floor":19,"turns":3},{"damage":0,"enemies":"Snecko","floor":21,"turns":2},{"damage":15,"enemies":"Chosen and Byrds","floor":22,"turns":3},{"damage":60,"enemies":"Slavers","floor":24,"turns":5},{"damage":6,"enemies":"3 Cultists","floor":25,"turns":3},{"damage":7,"enemies":"conspire:HollyBat","floor":28,"turns":3},{"damage":15,"enemies":"Shelled Parasite and Fungi","floor":29,"turns":2},{"damage":0,"enemies":"Cultist and Chosen","floor":31,"turns":2},{"damage":0,"enemies":"conspire:MysteriousRune","floor":33,"turns":2},{"damage":9,"enemies":"3 Darklings","floor":35,"turns":2},{"damage":8,"enemies":"3 Shapes","floor":36,"turns":2},{"damage":9,"enemies":"Sphere and 2 Shapes","floor":37,"turns":2},{"damage":0,"enemies":"Spire Growth","floor":38,"turns":2},{"damage":10,"enemies":"4 Shapes","floor":39,"turns":2},{"damage":0,"enemies":"Maw","floor":40,"turns":2},{"damage":0,"enemies":"Jaw Worm Horde","floor":42,"turns":2},{"damage":0,"enemies":"Mind Bloom Boss Battle","floor":44,"turns":2},{"damage":10,"enemies":"2 Orb Walkers","floor":45,"turns":2},{"damage":8,"enemies":"3 Darklings","floor":47,"turns":2},{"damage":46,"enemies":"Awakened One","floor":50,"turns":4},{"damage":0,"enemies":"Shield and Spear","floor":54,"turns":1},{"damage":7,"enemies":"The Heart","floor":55,"turns":4}],"seed_played":"-2419078520862173491","potions_obtained":[{"floor":4,"key":"Fruit Juice"},{"floor":4,"key":"Dexterity Potion"},{"floor":4,"key":"AttackPotion"},{"floor":7,"key":"Dexterity Potion"},{"floor":10,"key":"FairyPotion"},{"floor":21,"key":"Ancient Potion"},{"floor":29,"key":"Energy Potion"}],"is_trial":false,"path_per_floor":["M","$","M","?","M","R","E","M","T","M","$","?","R","M","R","B",null,"M","M","$","M","M","R","E","M","T","R","M","M","R","M","R","B",null,"M","M","M","M","M","M","R","M","T","?","?","R","M","?","R","B",null,"$","R","E","B",null],"character_chosen":"BARTENDER","items_purchased":["Medical Kit","conspire:InfiniteJournal","HandOfGreed","Dolphin_Blow","conspire:GlowingRock","Power_Up_Punch","Dolphin_Blow","TheAbacus"],"campfire_rested":2,"item_purchase_floors":[0,0,0,0,0,2,11,52],"current_hp_per_floor":[36,46,45,55,70,80,46,36,46,56,66,76,86,96,106,92,255,235,225,235,245,240,250,200,204,214,224,227,222,232,242,370,380,425,426,428,429,439,439,449,495,505,515,525,525,535,537,478,488,452,595,605,615,625,628],"gold":3125,"neow_bonus":"","is_daily":false,"chose_seed":false,"campfire_upgraded":6,"win_rate":0.0,"timestamp":1608515325,"path_taken":["M","$","M","?","M","R","E","M","T","M","?","?","R","?","R","BOSS","M","M","$","M","M","R","E","M","T","R","M","M","R","M","R","BOSS","M","M","M","M","M","M","R","M","T","?","?","R","M","?","R","BOSS","$","R","E","BOSS"],"items_purchased_type":["Relic","Relic","Card","Card","Relic","Card","Card","Relic"],"build_version":"2020-12-13","purchased_purges":13,"victory":true,"max_hp_per_floor":[90,100,110,120,135,145,155,165,175,185,195,205,215,225,235,245,255,265,275,285,295,305,315,325,335,345,355,365,375,385,395,405,415,425,435,445,455,465,475,485,495,505,515,525,535,545,555,565,575,585,595,605,615,625,635],"card_choices":[{"not_picked":["Pony_Shot","Cross"],"picked":"Power_Up_Punch","floor":1},{"not_picked":["Snap_Punch","Wall_of_Ice","Center_Self"],"picked":"SKIP","floor":3},{"not_picked":["Surge","Snap_Punch","Cross"],"picked":"SKIP","floor":5},{"not_picked":["Center_Self","Dragonkick","OpoOpo_Form"],"picked":"SKIP","floor":7},{"not_picked":["On_The_Rocks","Snap_Punch"],"picked":"Bitters","floor":8},{"not_picked":["Coeurl_Form","Momentum","Meteodrive"],"picked":"SKIP","floor":10},{"not_picked":["With_A_Twist","Combo_Master","Alacrity"],"picked":"SKIP","floor":14},{"not_picked":["Free_Pour","Fading_Blow","Surge"],"picked":"SKIP","floor":18},{"not_picked":["Sucker_Punch+1","Vortex+"],"picked":"Bitters","floor":19},{"not_picked":["Fading_Blow","ThreeSidedStar","Coeurl_Form"],"picked":"SKIP","floor":21},{"not_picked":["Sucker_Punch","Fight_Dirty","Ripple"],"picked":"SKIP","floor":22},{"not_picked":["Patience","OpoOpo_Form+1","Cross"],"picked":"SKIP","floor":24},{"not_picked":["Free_Pour+1","Meteodrive","Bitters"],"picked":"SKIP","floor":25},{"not_picked":["Form_Shift","Dragonkick","Free_Pour"],"picked":"SKIP","floor":28},{"not_picked":["Step_Of_The_Wind+1","Combo_Master","Pony_Shot"],"picked":"SKIP","floor":29},{"not_picked":["Snap_Punch","Ball_Of_Ice","On_The_House"],"picked":"SKIP","floor":31},{"not_picked":["Dragonkick","Scowl+1","Fading_Blow+1"],"picked":"SKIP","floor":35},{"not_picked":["Hook+1","Step_Of_The_Wind+1","Snap_Punch+1"],"picked":"SKIP","floor":36},{"not_picked":["Sucker_Punch","Elbow_Slash","Center_Self"],"picked":"SKIP","floor":37},{"not_picked":["Power_Up_Punch+1","Ripple+1","On_The_Rocks+1"],"picked":"SKIP","floor":38},{"not_picked":["Step_Of_The_Wind+1","Momentum","Surge+1"],"picked":"SKIP","floor":39},{"not_picked":["Stick_and_Move","Ripple+1","Glare+1"],"picked":"SKIP","floor":40},{"not_picked":["On_The_House+1","Snap_Punch","Rising_Crane+1"],"picked":"SKIP","floor":42},{"not_picked":["Momentum+1","Tornado_Kick+1","Ripple"],"picked":"SKIP","floor":47},{"not_picked":["ThreeSidedStar","Bloodbath_Bartender","Pony_Shot+1"],"picked":"SKIP","floor":54}],"player_experience":351813,"relics_obtained":[{"floor":7,"key":"Vajra"},{"floor":26,"key":"conspire:DeflatedDodgeball"},{"floor":43,"key":"Whetstone"},{"floor":44,"key":"Unceasing Top"},{"floor":45,"key":"Girya"},{"floor":54,"key":"Sundial"},{"floor":54,"key":"conspire:DecoderRing"}],"event_choices":[{"damage_healed":0,"gold_gain":0,"player_choice":"Got Potions","damage_taken":0,"max_hp_gain":0,"max_hp_loss":0,"event_name":"Lab","floor":4,"gold_loss":0},{"damage_healed":0,"gold_gain":175,"player_choice":"AGREE","damage_taken":0,"max_hp_gain":0,"max_hp_loss":0,"event_name":"Liars Game","floor":12,"gold_loss":0,"cards_obtained":["Doubt"]},{"damage_healed":0,"gold_gain":0,"player_choice":"Fight","damage_taken":0,"max_hp_gain":0,"max_hp_loss":0,"event_name":"MindBloom","floor":44,"gold_loss":0},{"damage_healed":0,"gold_gain":0,"player_choice":"Fight","damage_taken":0,"max_hp_gain":0,"max_hp_loss":0,"event_name":"Mysterious Sphere","floor":45,"gold_loss":0},{"damage_healed":0,"gold_gain":0,"player_choice":"Embrace Madness","damage_taken":69,"max_hp_gain":0,"max_hp_loss":0,"event_name":"Winding Halls","floor":48,"gold_loss":0,"cards_obtained":["Madness","Madness"]}],"is_beta":false,"boss_relics":[{"not_picked":["Calling Bell","Empty Cage","conspire:SlowCooker"]},{"not_picked":["Sozu","Runic Pyramid"],"picked":"Black Star"}],"items_purged_floors":[0,0,0,0,0,0,0,0,2,20,20,20,52],"is_endless":false,"potions_floor_spawned":[7,8,10,14,21,22,28,29,35,37,42,44,54],"ascension_level":0}}