{"host":"i4eavuqabbk5mi94","time":1608558973,"event":{"mods":["BaseMod","Googly Eyes","Minty Spire (QoL Compilation)"],"gold_per_floor":[109,72,72,72,86,127,145,188,241,241,290,38,38,56,56,176,176,192,292,306,331,331,362,277,277,277,70,98,50,76,91,91,193,193,207,207,10,10,10,37,55,55,105,105,123,123,123],"floor_reached":46,"playtime":2738,"items_purged":["Injury"],"score":706,"play_id":"a88169b1-b5c1-408e-a6d8-c70bc8e77648","local_time":"20201221135613","is_ascension_mode":true,"campfire_choices":[{"data":"Infinite Blades","floor":10,"key":"SMITH"},{"data":"Footwork","floor":13,"key":"SMITH"},{"floor":15,"key":"REST"},{"data":"Envenom","floor":25,"key":"SMITH"},{"data":"Terror","floor":32,"key":"SMITH"},{"data":"Accuracy","floor":42,"key":"SMITH"}],"circlet_count":0,"master_deck":["Strike_G+1","Strike_G","Strike_G","Strike_G","Defend_G","Defend_G","Defend_G","Defend_G","Defend_G","Survivor","Neutralize+1","Expertise","Infinite Blades+1","Night Terror","Neutralize","Blur","Cloak And Dagger","Venomology","Footwork+1","Slice","Envenom+1","Dagger Spray+1","Accuracy+1","Dagger Throw+1","Backflip","Footwork","Accuracy+1","Footwork","Terror+1","Storm of Steel","Bouncing Flask+1","Panache","Bane","Well Laid Plans","Calculated Gamble+1"],"relics":["Ring of the Snake","NeowsBlessing","Bloody Idol","Pantograph","Happy Flower","Toy Ornithopter","Orichalcum","Mummified Hand","Coffee Dripper","Turnip","Question Card","Omamori","Pen Nib","White Beast Statue","Philosopher\u0027s Stone","Whetstone","MealTicket"],"acts_visited":["Exordium","TheCity","TheBeyond"],"potions_floor_usage":[8,8,14,16,18,18,20,21,28,28,28,30,30,31,31,31,33,33,40,40,41,41,44,44,44,45,46],"damage_taken":[{"damage":0,"enemies":"Small Slimes","floor":1,"turns":2},{"damage":0,"enemies":"2 Louse","floor":5,"turns":1},{"damage":0,"enemies":"Gremlin Nob","floor":6,"turns":1},{"damage":1,"enemies":"Cultist","floor":7,"turns":5},{"damage":26,"enemies":"3 Sentries","floor":8,"turns":14},{"damage":18,"enemies":"Exordium Thugs","floor":14,"turns":5},{"damage":26,"enemies":"Hexaghost","floor":16,"turns":9},{"damage":22,"enemies":"Chosen","floor":18,"turns":6},{"damage":7,"enemies":"3 Byrds","floor":20,"turns":4},{"damage":7,"enemies":"Cultist and Chosen","floor":21,"turns":6},{"damage":29,"enemies":"Book of Stabbing","floor":23,"turns":6},{"damage":20,"enemies":"Gremlin Leader","floor":28,"turns":6},{"damage":0,"enemies":"Slavers","floor":30,"turns":4},{"damage":2,"enemies":"Shelled Parasite and Fungi","floor":31,"turns":4},{"damage":21,"enemies":"Collector","floor":33,"turns":6},{"damage":8,"enemies":"Orb Walker","floor":35,"turns":3},{"damage":62,"enemies":"Nemesis","floor":40,"turns":5},{"damage":18,"enemies":"3 Shapes","floor":41,"turns":4},{"damage":15,"enemies":"Reptomancer","floor":44,"turns":2},{"damage":14,"enemies":"Maw","floor":45,"turns":6},{"damage":33,"enemies":"Nemesis","floor":46,"turns":2}],"seed_played":"-8159073247676049336","potions_obtained":[{"floor":5,"key":"LiquidMemories"},{"floor":7,"key":"Regen Potion"},{"floor":16,"key":"SmokeBomb"},{"floor":23,"key":"Energy Potion"},{"floor":28,"key":"SpeedPotion"},{"floor":30,"key":"SneckoOil"},{"floor":31,"key":"Dexterity Potion"},{"floor":33,"key":"Fire Potion"},{"floor":35,"key":"Regen Potion"},{"floor":40,"key":"SteroidPotion"},{"floor":41,"key":"Ancient Potion"},{"floor":45,"key":"Strength Potion"}],"is_trial":false,"path_per_floor":["M","$","?","?","M","E","M","E","T","R","T","$","R","M","R","B",null,"M","?","M","M","?","E","?","R","T","$","E","$","E","M","R","B",null,"M","?","$","?","$","E","M","R","T","E","M","E"],"character_chosen":"THE_SILENT","items_purchased":["Infinite Blades","Mummified Hand","Footwork","Swift Potion","Swift Potion","Panache"],"campfire_rested":1,"item_purchase_floors":[2,12,27,27,29,37],"current_hp_per_floor":[70,70,70,70,70,70,69,58,58,58,58,58,58,45,66,49,70,48,48,46,44,44,20,20,20,20,20,20,20,35,53,53,59,70,67,67,67,67,67,29,26,26,31,31,27,0,0],"gold":123,"neow_bonus":"THREE_ENEMY_KILL","is_daily":false,"chose_seed":false,"campfire_upgraded":5,"win_rate":0.0,"timestamp":1608558973,"path_taken":["M","$","?","?","?","E","M","E","T","R","?","$","R","M","R","BOSS","M","?","?","M","?","E","?","R","T","$","E","$","E","M","R","BOSS","M","?","$","?","?","E","?","R","T","E","?","E"],"items_purchased_type":["Card","Relic","Card","Potion","Potion","Card"],"build_version":"2020-12-13","purchased_purges":1,"victory":false,"max_hp_per_floor":[70,70,70,70,70,70,70,70,70,70,70,70,70,70,70,70,70,70,70,70,70,70,70,70,70,70,70,70,70,70,70,70,70,70,70,70,70,70,70,70,70,70,70,70,70,70,70],"card_choices":[{"not_picked":["Bane","Slice"],"picked":"Expertise","floor":1},{"not_picked":["Distraction","Acrobatics"],"picked":"Blur","floor":5},{"not_picked":["Bouncing Flask","Acrobatics"],"picked":"Cloak And Dagger","floor":6},{"not_picked":["Catalyst","Blur"],"picked":"Venomology","floor":7},{"not_picked":["Acrobatics","Setup"],"picked":"Footwork","floor":8},{"not_picked":["Poisoned Stab","Dodge and Roll"],"picked":"Slice","floor":14},{"not_picked":["Bullet Time","After Image"],"picked":"Envenom","floor":16},{"not_picked":["Backflip","Expertise"],"picked":"Dagger Spray+1","floor":18},{"not_picked":["Terror","Slice"],"picked":"Accuracy","floor":20},{"not_picked":["Infinite Blades","Underhanded Strike"],"picked":"Dagger Throw+1","floor":21},{"not_picked":["Distraction","Finisher"],"picked":"Backflip","floor":23},{"not_picked":["Escape Plan","Finisher","Phantasmal Killer"],"picked":"Accuracy+1","floor":28},{"not_picked":["Quick Slash","Outmaneuver+1","Deflect"],"picked":"Footwork","floor":30},{"not_picked":["Cloak And Dagger","Acrobatics+1","Footwork"],"picked":"Terror","floor":31},{"not_picked":["After Image","A Thousand Cuts","Tools of the Trade"],"picked":"Storm of Steel","floor":33},{"not_picked":["Calculated Gamble+1","Expertise","Distraction"],"picked":"Bouncing Flask+1","floor":35},{"not_picked":["Sucker Punch","Quick Slash","PiercingWail"],"picked":"Bane","floor":40},{"not_picked":["Cloak And Dagger","Predator+1","Underhanded Strike"],"picked":"Well Laid Plans","floor":41},{"not_picked":["Prepared+1","Backflip+1","Catalyst"],"picked":"Calculated Gamble+1","floor":45}],"player_experience":351924,"relics_obtained":[{"floor":6,"key":"Pantograph"},{"floor":8,"key":"Happy Flower"},{"floor":9,"key":"Toy Ornithopter"},{"floor":11,"key":"Orichalcum"},{"floor":23,"key":"Turnip"},{"floor":26,"key":"Omamori"},{"floor":28,"key":"Pen Nib"},{"floor":30,"key":"White Beast Statue"},{"floor":40,"key":"Whetstone"},{"floor":43,"key":"MealTicket"}],"event_choices":[{"damage_healed":0,"gold_gain":0,"player_choice":"Take Wound","damage_taken":0,"relics_obtained":["Golden Idol"],"max_hp_gain":0,"max_hp_loss":0,"event_name":"Golden Idol","floor":3,"gold_loss":0,"cards_obtained":["Injury"]},{"damage_healed":0,"gold_gain":0,"player_choice":"2 cards matched","damage_taken":0,"max_hp_gain":0,"max_hp_loss":0,"event_name":"Match and Keep!","floor":4,"gold_loss":0,"cards_obtained":["Night Terror","Neutralize"]},{"damage_healed":0,"gold_gain":100,"player_choice":"Pray","damage_taken":0,"max_hp_gain":0,"max_hp_loss":0,"event_name":"Golden Shrine","floor":19,"gold_loss":0},{"damage_healed":0,"gold_gain":0,"player_choice":"Gave Idol","damage_taken":0,"relics_obtained":["Bloody Idol"],"max_hp_gain":0,"max_hp_loss":0,"event_name":"Forgotten Altar","floor":22,"relics_lost":["Golden Idol"],"gold_loss":0},{"damage_healed":0,"gold_gain":0,"player_choice":"Obtained Relic","damage_taken":0,"relics_obtained":["Question Card"],"max_hp_gain":0,"max_hp_loss":0,"event_name":"Addict","floor":24,"gold_loss":85},{"damage_healed":0,"gold_gain":0,"player_choice":"Ignored","damage_taken":0,"max_hp_gain":0,"max_hp_loss":0,"event_name":"Tomb of Lord Red Mask","floor":36,"gold_loss":0},{"cards_removed":["Strike_G"],"damage_healed":0,"gold_gain":0,"player_choice":"Removed Attack","damage_taken":0,"max_hp_gain":0,"max_hp_loss":0,"event_name":"Falling","floor":38,"gold_loss":0}],"is_beta":false,"boss_relics":[{"not_picked":["Sozu","Runic Dome"],"picked":"Coffee Dripper"},{"not_picked":["HoveringKite","Tiny House"],"picked":"Philosopher\u0027s Stone"}],"items_purged_floors":[27],"is_endless":false,"potions_floor_spawned":[5,7,16,23,28,30,31,33,35,40,41,44,45],"killed_by":"Nemesis","ascension_level":3}}