{"host":"0i8dz4ityulxi1rd","time":1608555116,"event":{"mods":["BaseMod","Colored Map","Colored Powertips","Custom Start","Highlight Path","Hubris","Keyboard Shortcuts","Minty Spire (QoL Compilation)","StSLib","SuperFastMode","The Runesmith"],"gold_per_floor":[112,187,187,29,49,78,78,78,78,78,78],"floor_reached":10,"playtime":257,"items_purged":["Strike_R"],"score":128,"play_id":"f7b6b545-1584-4833-a1de-5fe948608b83","local_time":"20201221215156","is_ascension_mode":true,"campfire_choices":[{"data":"Pommel Strike","floor":7,"key":"SMITH"}],"circlet_count":0,"master_deck":["AscendersBane","Strike_R","Strike_R","Strike_R","Defend_R","Defend_R","Defend_R","Defend_R","Bash","Evolve","Cleave","hubris:DuctTapeCard"],"relics":["Burning Blood","Turnip","hubris:IronBody","hubris:DuctTape"],"acts_visited":["Exordium"],"potions_floor_usage":[6,10],"damage_taken":[{"damage":8,"enemies":"Cultist","floor":1,"turns":5},{"damage":5,"enemies":"Small Slimes","floor":5,"turns":4},{"damage":25,"enemies":"3 Sentries","floor":6,"turns":7},{"damage":8,"enemies":"Gremlin Nob","floor":10,"turns":3}],"seed_played":"6850755055071719898","potions_obtained":[{"floor":1,"key":"GamblersBrew"},{"floor":5,"key":"Explosive Potion"}],"is_trial":false,"path_per_floor":["M","?","?","$","M","E","R","$","T","E"],"character_chosen":"IRONCLAD","items_purchased":["Evolve"],"campfire_rested":0,"item_purchase_floors":[4],"current_hp_per_floor":[66,55,48,48,49,30,30,30,30,22,22],"gold":78,"neow_bonus":"ONE_RARE_RELIC","is_daily":false,"chose_seed":false,"campfire_upgraded":1,"win_rate":0.0,"timestamp":1608555116,"path_taken":["M","?","?","$","M","E","R","?","T","E"],"items_purchased_type":["Card"],"build_version":"2020-12-13","purchased_purges":1,"victory":false,"max_hp_per_floor":[68,68,68,68,68,68,68,68,68,68,68],"card_choices":[{"not_picked":["hubris:CleavingFinish","Thunderclap"],"picked":"Pommel Strike","floor":1},{"not_picked":["Havoc","Inflame"],"picked":"Cleave","floor":5},{"not_picked":["Evolve","Iron Wave"],"picked":"Burning Pact","floor":6}],"player_experience":1264878,"relics_obtained":[{"floor":6,"key":"hubris:IronBody"},{"floor":9,"key":"hubris:DuctTape"}],"event_choices":[{"damage_healed":0,"gold_gain":75,"player_choice":"Gather Gold","damage_taken":11,"max_hp_gain":0,"max_hp_loss":0,"event_name":"World of Goop","floor":2,"gold_loss":0},{"cards_removed":["Strike_R"],"damage_healed":0,"gold_gain":0,"player_choice":"Card Removal","damage_taken":7,"max_hp_gain":0,"max_hp_loss":0,"event_name":"Golden Wing","floor":3,"gold_loss":0}],"is_beta":false,"boss_relics":[],"items_purged_floors":[4],"is_endless":false,"potions_floor_spawned":[1,5],"killed_by":"Gremlin Nob","ascension_level":20}}