{"host":"df9o10zwd5ba1nc2","time":1608579484,"event":{"mods":["Aspiration","Bard","BaseMod","Beaked The Cultist","Better Altar","Better Match","Better Note","Better Sensory Stone","Better Skull","Better Third Choice","BetterRewards","CCEM","Clawfect","Colored Map","Conspire","Downfall","GifTheSpireLib","Googly Eyes","Halation","Hermit","Highlight Path","Hubris","Hunter ??","Infinite Spire","Jedi Mod","Jorbs\u0027s Wanderer Trilogy","Mad Scientist","Marisa????????","Minty Spire (QoL Compilation)","Permanent Neow","Replay The Spire","Shade Mod","Shop Mod","Spicy Shops","StSLib","Stuff the Spire","The Administrix","The Animator","The Blackbeard","The Construct","The Cursed","The Disciple","The Gatherer","The Hierophant","The Mystic","The Necromancer","The Problem Sleuth","The Servant 0.9.4","The Spell Scribe","The Witch","Unceasing Turn Reminder","everything is the same but u backflip on backflip","slay the spire mod where everything is the same but ironclad has a cowboy hat"],"gold_per_floor":[99,99,24,55,5,35,35,86,86,11,11,43,7,7,26,153,153,153,153,199,199,199,219,219,219,219,6,29,29,49,85,97,97,97,97],"floor_reached":33,"playtime":2054,"items_purged":[],"score":269,"play_id":"81f6501b-cb65-45d7-9499-b70948ac5a3e","local_time":"20201221143804","is_ascension_mode":false,"campfire_choices":[{"floor":1,"key":"RECALL"},{"data":"blackbeard:Cutlass","floor":3,"key":"SMITH"},{"floor":10,"key":"REST"},{"data":"blackbeard:BountyHunter","floor":18,"key":"SMITH"},{"data":"blackbeard:PirateEarring","floor":21,"key":"SMITH"},{"floor":26,"key":"REST"}],"circlet_count":0,"master_deck":["blackbeard:BlackbeardStrike","blackbeard:BlackbeardStrike","blackbeard:BlackbeardStrike","blackbeard:BlackbeardStrike","blackbeard:IntimidatingStrike","blackbeard:BlackbeardDefend+1","blackbeard:BlackbeardDefend","blackbeard:BlackbeardDefend","blackbeard:BlackbeardDefend","blackbeard:Cutlass+1","blackbeard:GoldenDefense","conspire:SpireCoStock+1","blackbeard:Sword","blackbeard:CannonballSupply","blackbeard:BlindAttacks","blackbeard:TacticalRetreat","blackbeard:ChaoticDefense","blackbeard:Shrapnel","blackbeard:CannonBarrage","blackbeard:BountyHunter+1","blackbeard:PirateEarring+1","blackbeard:DoubleBottom","blackbeard:GoldenStrike","blackbeard:FieryDefense","blackbeard:PirateHook","infinitespire:Starlight","blackbeard:Recklessness","blackbeard:Boarding","blackbeard:BeatUp+1"],"relics":["blackbeard:LoadTheCannons","Bronze Scales","downfall:HeartBlessingRed","halation:QuantumPhysicsTextbook","StuffTheSpire:PointBlank","PreservedInsect","hubris:MobiusCoin","downfall:HeartBlessingBlue","War Paint","hubris:GrandSneckoEye","infinitespire:Eraser","theSleuth:SaltedMelon","theSleuth:SaltedMelon","hubris:TinFlute","Bloody Idol","StuffTheSpire:Barrel","ReplayTheSpireMod:TigerMarble"],"acts_visited":["Exordium","TheCity"],"potions_floor_usage":[16,16,16,30,33,33],"damage_taken":[{"damage":24,"enemies":"Gremlin Nob","floor":4,"turns":4},{"damage":1,"enemies":"Cultist","floor":6,"turns":3},{"damage":21,"enemies":"3 Sentries","floor":8,"turns":5},{"damage":5,"enemies":"2 Louse","floor":12,"turns":2},{"damage":0,"enemies":"downfall:FleeingMerchant","floor":13,"turns":4},{"damage":0,"enemies":"Small Slimes","floor":15,"turns":3},{"damage":36,"enemies":"downfall:Ironclad","floor":16,"turns":9},{"damage":21,"enemies":"Nightmare","floor":20,"turns":7},{"damage":10,"enemies":"Spheric Guardian","floor":23,"turns":3},{"damage":0,"enemies":"downfall:FleeingMerchant","floor":27,"turns":4},{"damage":39,"enemies":"Snake Plant","floor":30,"turns":4},{"damage":0,"enemies":"Snecko","floor":31,"turns":4},{"damage":23,"enemies":"Shelled Parasite and Fungi","floor":32,"turns":2},{"damage":53,"enemies":"downfall:Silent","floor":33,"turns":4}],"seed_played":"6571057467592029516","potions_obtained":[{"floor":6,"key":"Strength Potion"},{"floor":12,"key":"LiquidMemories"},{"floor":15,"key":"jedi:holywater"},{"floor":16,"key":"Guardian:BlockOnCardUsePotion"},{"floor":20,"key":"Block Potion"}],"is_trial":false,"path_per_floor":["R","T","R","E","?","M","T","E","?","R","?","M","$","?","M","B",null,"R","?","NM","R","?","M","T","?","R","$","T","AVR","M","M","M","B"],"character_chosen":"BLACKBEARD_CLASS","items_purchased":["blackbeard:ChaoticDefense","blackbeard:Shrapnel","blackbeard:FieryDefense","blackbeard:PirateHook"],"campfire_rested":2,"item_purchase_floors":[13,13,27,27],"current_hp_per_floor":[75,75,75,51,51,50,50,29,11,46,46,41,41,41,41,5,85,85,85,64,64,64,54,54,11,39,49,54,54,48,58,40,0,0,0],"gold":97,"neow_bonus":"RANDOM_COMMON_RELIC","is_daily":false,"chose_seed":false,"campfire_upgraded":3,"win_rate":0.0,"timestamp":1608579484,"path_taken":["R","?","R","E","?","M","T","E","?","R","?","?","?","?","M","BOSS","R","?","NM","R","?","M","T","?","R","?","?","AVR","M","?","M","BOSS"],"items_purchased_type":["Card","Card","Card","Card"],"build_version":"2020-12-13","purchased_purges":0,"victory":false,"max_hp_per_floor":[75,75,75,75,75,75,75,75,75,85,85,85,85,85,85,85,85,85,85,85,85,85,85,85,85,87,87,87,87,87,87,87,87,87,87],"card_choices":[{"not_picked":["blackbeard:PiratesWill","blackbeard:Intoxication"],"picked":"blackbeard:GoldenDefense","floor":4},{"not_picked":["blackbeard:Sharpening","blackbeard:DangerousBlow"],"picked":"blackbeard:Sword","floor":6},{"not_picked":["blackbeard:Sword","blackbeard:Fencing"],"picked":"blackbeard:CannonballSupply","floor":8},{"not_picked":["blackbeard:Shrapnel","blackbeard:SwordDance"],"picked":"blackbeard:BlindAttacks","floor":12},{"not_picked":["blackbeard:VengefulSpirit","blackbeard:WiseDefense"],"picked":"blackbeard:TacticalRetreat","floor":13},{"not_picked":["blackbeard:GoldenDefense","blackbeard:ArmorUp"],"picked":"blackbeard:CannonBarrage","floor":15},{"not_picked":["blackbeard:Salvager","blackbeard:FinalBarrage"],"picked":"blackbeard:BountyHunter","floor":16},{"not_picked":["blackbeard:Toast+1","blackbeard:GoldenStrike"],"picked":"blackbeard:PirateEarring","floor":20},{"not_picked":["blackbeard:TerrorOfTheSeas","blackbeard:ArmorUp"],"picked":"blackbeard:DoubleBottom","floor":23},{"not_picked":["blackbeard:GoldenCannonball","blackbeard:Recklessness"],"picked":"blackbeard:GoldenStrike","floor":27},{"not_picked":["blackbeard:Toast","blackbeard:SwordDance"],"picked":"blackbeard:Recklessness","floor":30},{"not_picked":["blackbeard:WoodenLeg","blackbeard:TacticalRetreat+1"],"picked":"blackbeard:Boarding","floor":31},{"not_picked":["blackbeard:DeadlyArsenal","blackbeard:Sword"],"picked":"blackbeard:BeatUp+1","floor":32}],"player_experience":53346,"relics_obtained":[{"floor":4,"key":"halation:QuantumPhysicsTextbook"},{"floor":7,"key":"StuffTheSpire:PointBlank"},{"floor":8,"key":"PreservedInsect"},{"floor":11,"key":"War Paint"},{"floor":20,"key":"infinitespire:Eraser"},{"floor":24,"key":"hubris:TinFlute"},{"floor":28,"key":"StuffTheSpire:Barrel"}],"event_choices":[{"damage_healed":0,"gold_gain":0,"player_choice":"Invest 1","damage_taken":0,"max_hp_gain":0,"max_hp_loss":0,"event_name":"conspire:Investor","floor":5,"gold_loss":0},{"damage_healed":0,"gold_gain":0,"player_choice":"Relic ","damage_taken":18,"max_hp_gain":0,"max_hp_loss":0,"event_name":"betterThird:BetterScrap","floor":9,"gold_loss":0,"cards_obtained":["jedi:meditation"]},{"damage_healed":0,"gold_gain":0,"player_choice":"Ignored","damage_taken":0,"max_hp_gain":0,"max_hp_loss":0,"event_name":"betterNote:BetterNote","floor":19,"gold_loss":0,"cards_obtained":["Regret"]},{"damage_healed":0,"gold_gain":0,"player_choice":" Idol ","damage_taken":43,"relics_obtained":["Bloody Idol"],"max_hp_gain":54,"max_hp_loss":11,"event_name":"betterAltar:BetterAltar","floor":25,"potions_obtained":[],"relics_lost":[],"gold_loss":0}],"is_beta":false,"boss_relics":[{"not_picked":["halation:CatFaceCupcake","aspiration:WatcherSkillbook"],"picked":"hubris:GrandSneckoEye"}],"items_purged_floors":[],"is_endless":false,"potions_floor_spawned":[6,12,15,16,20,31],"killed_by":"downfall:Silent","ascension_level":0}}