{"host":"cvi30shpqg1ukvbr","time":1608562668,"event":{"mods":["Act Like it!","BaseMod","Better Altar","Better Match","Better Note","Better Sensory Stone","Better Skull","Better Third Choice","Conspire","GifTheSpireLib","Hubris","Infinite Spire","Minty Spire (QoL Compilation)","Relic Stats","Replay The Spire","Shop Mod","Spicy Shops","StSLib","Stuff the Spire"],"gold_per_floor":[114,130,149,159,172,204,254,154,206,218,218],"floor_reached":10,"playtime":318,"items_purged":[],"score":74,"play_id":"46e93621-7d62-4748-a941-61e90fef57cb","local_time":"20201221235748","is_ascension_mode":true,"campfire_choices":[],"circlet_count":0,"master_deck":["Strike_R","Strike_R","Strike_R","Defend_R","Defend_R","Defend_R","Defend_R","Bash","Double Tap","Exhume","ReplayTheSpireMod:Muscle Training","Flex","Iron Wave","Body Slam","Ghostly Armor","Searing Blow","conspire:SpireCoStock","conspire:SpireCoStock"],"relics":["Burning Blood","Replay:Arrowhead","MawBank"],"acts_visited":["Exordium"],"potions_floor_usage":[10],"damage_taken":[{"damage":5.0,"enemies":"Jaw Worm","floor":1.0,"turns":4.0},{"damage":7.0,"enemies":"Cultist","floor":2.0,"turns":3.0},{"damage":8.0,"enemies":"Small Slimes","floor":3.0,"turns":3.0},{"damage":10.0,"enemies":"Looter","floor":4.0,"turns":3.0},{"damage":19.0,"enemies":"Exordium Thugs","floor":5.0,"turns":6.0},{"damage":36.0,"enemies":"Lagavulin","floor":6.0,"turns":9.0},{"damage":27,"enemies":"Gremlin Nob","floor":10,"turns":4}],"seed_played":"5275242566521465168","potions_obtained":[{"floor":2.0,"key":"EssenceOfSteel"},{"floor":5.0,"key":"BlessingOfTheForge"}],"is_trial":false,"path_per_floor":["M","M","M","M","M","E","?","?","T","E"],"character_chosen":"IRONCLAD","items_purchased":[],"campfire_rested":0,"item_purchase_floors":[],"current_hp_per_floor":[72,71,69,65,52,22,22,22,22,0,0],"gold":218,"neow_bonus":"TRANSFORM_TWO_CARDS","is_daily":false,"chose_seed":false,"campfire_upgraded":0,"win_rate":0.0,"timestamp":1608562668,"path_taken":["M","M","M","M","M","E","?","?","T","E"],"items_purchased_type":[],"build_version":"2020-12-13","purchased_purges":0,"victory":false,"max_hp_per_floor":[72,72,72,72,72,72,72,72,72,72,72],"relic_stats":{"counters":[7,32],"MawBank":12,"obtain_stats":[{"MawBank":9,"Burning Blood":0,"Replay:Arrowhead":6},{"MawBank":6,"Burning Blood":0,"Replay:Arrowhead":6},{"MawBank":28,"Burning Blood":0,"Replay:Arrowhead":28}],"Burning Blood":35},"card_choices":[{"not_picked":["StuffTheSpire:BloodClot","ReplayTheSpireMod:Strike From Hell"],"picked":"ReplayTheSpireMod:Muscle Training","floor":1.0},{"not_picked":["Seeing Red","Combust"],"picked":"Flex","floor":2.0},{"not_picked":["Infernal Blade","Warcry"],"picked":"Iron Wave","floor":3.0},{"not_picked":["Thunderclap","Havoc"],"picked":"Body Slam","floor":4.0},{"not_picked":["Replay:Undeath\u0027s Touch","Wild Strike"],"picked":"Ghostly Armor","floor":5.0},{"not_picked":["StuffTheSpire:Incineration","Headbutt"],"picked":"Searing Blow","floor":6.0}],"player_experience":1767685,"relics_obtained":[{"floor":6.0,"key":"Replay:Arrowhead"},{"floor":9.0,"key":"MawBank"}],"event_choices":[{"damage_healed":0.0,"max_hp_gain":0.0,"max_hp_loss":0.0,"gold_gain":50.0,"event_name":"Golden Wing","player_choice":"Gained Gold","floor":7.0,"gold_loss":0.0,"damage_taken":0.0},{"damage_healed":0.0,"max_hp_gain":0.0,"max_hp_loss":0.0,"gold_gain":0.0,"event_name":"conspire:Investor","player_choice":"Invest 2","floor":8.0,"gold_loss":0.0,"damage_taken":0.0}],"is_beta":false,"boss_relics":[],"items_purged_floors":[],"is_endless":false,"potions_floor_spawned":[2,5],"killed_by":"Gremlin Nob","ascension_level":1}}