{"host":"q1yq0ibtlljsjzm9","time":1608515459,"event":{"mods":["BaseMod","DeckTracker","Minty Spire (QoL Compilation)","StSLib"],"gold_per_floor":[111,129,152,170,170,203,203,220,245,275,275,275,275,288,288,384,384,402,402,101,114,21,52,65,65,137,147,147,147,147,0,0,102,102,117,16,66,66,66,66,85,111,111,111,129,139,39,39,39,39,39],"floor_reached":50,"playtime":3671,"items_purged":["Pain","Doubt"],"score":546,"play_id":"6db45712-fdb9-43dc-8a3e-3a9eb213193c","local_time":"20201220175059","is_ascension_mode":false,"campfire_choices":[{"data":"Infernal Blade","floor":7.0,"key":"SMITH"},{"floor":12.0,"key":"REST"},{"floor":15.0,"key":"REST"},{"floor":25,"key":"REST"},{"floor":29,"key":"REST"},{"floor":32,"key":"REST"},{"data":"Barricade","floor":40,"key":"SMITH"},{"floor":44,"key":"REST"},{"floor":49,"key":"REST"}],"circlet_count":0,"master_deck":["Strike_R","Strike_R+1","Strike_R","Strike_R+1","Strike_R","Defend_R","Defend_R","Defend_R","Bash","Uppercut","Iron Wave","Infernal Blade+1","Barricade+1","Sword Boomerang","Thunderclap","Entrench","Offering","Iron Wave+1","Armaments","Inflame","Shrug It Off","Pommel Strike","Infernal Blade+1","Pummel+1","Normality","Inflame","Impervious+1","CurseOfTheBell","Rampage","Clothesline","Fire Breathing+1","Writhe","Impervious+1","Infernal Blade+1","Inflame+1","Ghostly Armor+1"],"relics":["Burning Blood","Letter Opener","Anchor","Bag of Preparation","Happy Flower","Juzu Bracelet","Cursed Key","WarpedTongs","Whetstone","Oddly Smooth Stone","Toxic Egg 2","Nloth\u0027s Gift","Calling Bell","Orichalcum","Pear","CaptainsWheel","Peace Pipe","Lantern","Nunchaku"],"acts_visited":["Exordium","TheCity","TheBeyond"],"potions_floor_usage":[24,33,42,42],"damage_taken":[{"damage":1.0,"enemies":"Cultist","floor":1.0,"turns":3.0},{"damage":8.0,"enemies":"Jaw Worm","floor":2.0,"turns":4.0},{"damage":0.0,"enemies":"2 Louse","floor":4.0,"turns":3.0},{"damage":22.0,"enemies":"Gremlin Nob","floor":6.0,"turns":4.0},{"damage":12.0,"enemies":"Gremlin Gang","floor":8.0,"turns":5.0},{"damage":34.0,"enemies":"Lagavulin","floor":10.0,"turns":8.0},{"damage":0.0,"enemies":"Looter","floor":14.0,"turns":2.0},{"damage":57.0,"enemies":"The Guardian","floor":16.0,"turns":18.0},{"damage":16.0,"enemies":"3 Byrds","floor":18.0,"turns":5.0},{"damage":13,"enemies":"2 Thieves","floor":21,"turns":4},{"damage":40,"enemies":"Slavers","floor":23,"turns":7},{"damage":22,"enemies":"Cultist and Chosen","floor":24,"turns":7},{"damage":5,"enemies":"Centurion and Healer","floor":27,"turns":3},{"damage":45,"enemies":"Champ","floor":33,"turns":11},{"damage":13,"enemies":"3 Shapes","floor":35,"turns":6},{"damage":0,"enemies":"Mind Bloom Boss Battle","floor":37,"turns":11},{"damage":0,"enemies":"3 Darklings","floor":41,"turns":5},{"damage":59,"enemies":"Reptomancer","floor":42,"turns":5},{"damage":24,"enemies":"Jaw Worm Horde","floor":45,"turns":5},{"damage":68,"enemies":"Transient","floor":46,"turns":5},{"damage":73,"enemies":"Awakened One","floor":50,"turns":13}],"seed_played":"-6153457424742532678","potions_obtained":[{"floor":2.0,"key":"Swift Potion"},{"floor":6.0,"key":"Energy Potion"},{"floor":8.0,"key":"Block Potion"},{"floor":10.0,"key":"SpeedPotion"},{"floor":14.0,"key":"FearPotion"},{"floor":23,"key":"EssenceOfSteel"},{"floor":24,"key":"GamblersBrew"},{"floor":35,"key":"Energy Potion"},{"floor":41,"key":"SpeedPotion"}],"is_trial":false,"path_per_floor":["M","M","T","M","?","E","R","M","T","E","?","R","?","M","R","B",null,"M","?","$","M","$","E","M","R","T","M","?","R","?","?","R","B",null,"M","$","?","?","?","R","M","E","T","R","M","M","$","$","R","B"],"character_chosen":"IRONCLAD","items_purchased":["Whetstone","FairyPotion","Armaments","Shrug It Off","Pommel Strike","Clothesline"],"campfire_rested":7,"item_purchase_floors":[20,20,20,22,22,36],"current_hp_per_floor":[80,78,78,80,80,64,64,63,63,45,45,69,62,68,80,29,80,70,70,70,63,63,29,18,42,42,43,43,67,52,52,77,38,95,88,88,94,95,95,95,95,42,42,70,52,34,34,34,62,0,0],"gold":39,"neow_bonus":"","is_daily":false,"chose_seed":false,"campfire_upgraded":2,"win_rate":0.0,"timestamp":1608515459,"path_taken":["M","M","?","?","?","E","R","M","T","E","?","R","?","M","R","BOSS","M","?","$","M","?","E","M","R","T","M","?","R","?","?","R","BOSS","M","$","?","?","?","R","M","E","T","R","M","M","?","$","R","BOSS"],"items_purchased_type":["Relic","Potion","Card","Card","Card","Card"],"build_version":"2020-12-13","purchased_purges":2,"victory":false,"max_hp_per_floor":[80,80,80,80,80,80,80,80,80,80,80,80,80,80,80,80,80,80,80,80,80,80,80,80,80,80,80,80,80,85,85,85,85,95,95,95,95,95,95,95,95,95,95,95,95,95,95,95,95,95,95],"card_choices":[{"not_picked":["Anger","Fire Breathing"],"picked":"Uppercut","floor":1.0},{"not_picked":["True Grit","Second Wind"],"picked":"Iron Wave","floor":2.0},{"not_picked":["Combust","Anger"],"picked":"Infernal Blade","floor":4.0},{"not_picked":["Bloodletting","Berserk"],"picked":"Barricade","floor":6.0},{"not_picked":["Reckless Charge","Anger"],"picked":"Sword Boomerang","floor":8.0},{"not_picked":["Burning Pact","Whirlwind"],"picked":"Thunderclap","floor":10.0},{"not_picked":["True Grit","Anger"],"picked":"Entrench","floor":14.0},{"not_picked":["Berserk","Barricade"],"picked":"Offering","floor":16.0},{"not_picked":["Warcry","Dropkick"],"picked":"Iron Wave+1","floor":18.0},{"not_picked":["Blood for Blood","Armaments"],"picked":"Inflame","floor":21},{"not_picked":["Thunderclap","Cleave"],"picked":"Infernal Blade+1","floor":23},{"not_picked":["Rage","Shrug It Off"],"picked":"Pummel+1","floor":24},{"not_picked":["Anger","Body Slam"],"picked":"Inflame","floor":27},{"not_picked":["Double Tap+1","Offering+1"],"picked":"Impervious+1","floor":33},{"not_picked":["Anger+1","Dark Embrace"],"picked":"Rampage","floor":35},{"not_picked":["Cleave","Hemokinesis"],"picked":"Fire Breathing+1","floor":37},{"not_picked":["Pommel Strike","Perfected Strike"],"picked":"Impervious+1","floor":41},{"not_picked":["Clash","Pommel Strike+1"],"picked":"Infernal Blade+1","floor":42},{"not_picked":["Metallicize","Flex+1"],"picked":"Inflame+1","floor":45},{"not_picked":["Combust+1","Clothesline"],"picked":"Ghostly Armor+1","floor":46}],"player_experience":0,"relics_obtained":[{"floor":3.0,"key":"Toy Ornithopter"},{"floor":6.0,"key":"Anchor"},{"floor":9.0,"key":"Bag of Preparation"},{"floor":10.0,"key":"Happy Flower"},{"floor":23,"key":"Oddly Smooth Stone"},{"floor":26,"key":"Toxic Egg 2"},{"floor":34,"key":"Orichalcum"},{"floor":34,"key":"Pear"},{"floor":34,"key":"CaptainsWheel"},{"floor":37,"key":"Peace Pipe"},{"floor":42,"key":"Lantern"},{"floor":43,"key":"Nunchaku"}],"event_choices":[{"damage_healed":0.0,"max_hp_gain":0.0,"max_hp_loss":0.0,"gold_gain":0.0,"event_name":"Big Fish","player_choice":"Box","floor":5.0,"gold_loss":0.0,"damage_taken":0.0,"relics_obtained":["Letter Opener"],"cards_obtained":["Regret"]},{"damage_healed":0.0,"max_hp_gain":0.0,"max_hp_loss":0.0,"gold_gain":0.0,"event_name":"WeMeetAgain","player_choice":"Gave Potion","floor":11.0,"gold_loss":0.0,"damage_taken":0.0,"relics_obtained":["Juzu Bracelet"]},{"cards_removed":["Regret"],"damage_healed":0.0,"max_hp_gain":0.0,"max_hp_loss":0.0,"gold_gain":0.0,"event_name":"Golden Wing","player_choice":"Card Removal","floor":13.0,"gold_loss":0.0,"damage_taken":7.0},{"damage_healed":0.0,"max_hp_gain":0.0,"max_hp_loss":0.0,"gold_gain":0.0,"event_name":"Accursed Blacksmith","player_choice":"Rummage","floor":19.0,"gold_loss":0.0,"damage_taken":0.0,"relics_obtained":["WarpedTongs"],"cards_obtained":["Pain"]},{"damage_healed":0,"gold_gain":0,"player_choice":"Traded Relic","damage_taken":0,"relics_obtained":["Nloth\u0027s Gift"],"max_hp_gain":0,"max_hp_loss":0,"event_name":"N\u0027loth","floor":28,"relics_lost":["Toy Ornithopter"],"gold_loss":0},{"damage_healed":0,"gold_gain":0,"player_choice":"Shed Blood","damage_taken":20,"max_hp_gain":5,"max_hp_loss":0,"event_name":"Forgotten Altar","floor":30,"gold_loss":0},{"damage_healed":0,"gold_gain":0,"player_choice":"Paid Fearfully","damage_taken":0,"max_hp_gain":0,"max_hp_loss":0,"event_name":"Masked Bandits","floor":31,"gold_loss":147},{"damage_healed":0,"gold_gain":0,"player_choice":"Fight","damage_taken":0,"max_hp_gain":0,"max_hp_loss":0,"event_name":"MindBloom","floor":37,"gold_loss":0},{"damage_healed":24,"gold_gain":0,"player_choice":"Writhe","damage_taken":0,"max_hp_gain":0,"max_hp_loss":0,"event_name":"Winding Halls","floor":38,"gold_loss":0,"cards_obtained":["Writhe"]},{"cards_removed":["Defend_R"],"damage_healed":0,"gold_gain":0,"player_choice":"Removed Skill","damage_taken":0,"max_hp_gain":0,"max_hp_loss":0,"event_name":"Falling","floor":39,"gold_loss":0}],"is_beta":false,"boss_relics":[{"not_picked":["Snecko Eye","Sozu"],"picked":"Cursed Key"},{"not_picked":["Mark of Pain","SacredBark"],"picked":"Calling Bell"}],"items_purged_floors":[36,47],"is_endless":false,"potions_floor_spawned":[2,6,8,10,14,23,24,35,41],"killed_by":"Awakened One","ascension_level":0}}