{"host":"2e3z4r48quhw80cc","time":1608572922,"event":{"mods":["BaseMod","Minty Spire (QoL Compilation)","Quick Restart","StSLib","SuperFastMode"],"gold_per_floor":[115,132,207,221,221,246,246,273,273,299,326,361,389,92,92,167,167,196,222,234,246,287,331,369,416,452,477,524,564,608,650,662,745,757,784,816,828,627,662,696,721,721,746,774,808,837,387,430,430,430,430],"floor_reached":52,"playtime":2692,"items_purged":["Pain","Outmaneuver","Deadly Poison"],"score":3737,"play_id":"b01ef54a-900c-408c-84aa-9daced149462","local_time":"20201222024842","daily_mods":["SealedDeck","Vintage","Heirloom","Time Dilation","Flight","DeadlyEvents","Elite Swarm"],"is_ascension_mode":true,"campfire_choices":[{"data":"Bullet Time","floor":7.0,"key":"SMITH"},{"data":"Venomology","floor":15.0,"key":"SMITH"},{"data":"Venomology","floor":32.0,"key":"SMITH"},{"data":"Tactician","floor":49.0,"key":"SMITH"}],"circlet_count":0,"master_deck":["AscendersBane","Dash","Backflip","Blade Dance","Backflip","Blur","Dagger Throw","Poisoned Stab","Tactician+1","Bullet Time+1","Die Die Die","Tools of the Trade+1","Venomology+1","Well Laid Plans+1","Infinite Blades+1","Venomology+1","Adrenaline","Venomology+1","After Image+1","A Thousand Cuts+1","After Image+1","Adrenaline","Corpse Explosion","Envenom+1","After Image+1","Malaise","Malaise","Venomology"],"relics":["Ring of the Snake","TungstenRod","Pen Nib","Eternal Feather","Blood Vial","WarpedTongs","Centennial Puzzle","Regal Pillow","Omamori","Frozen Egg 2","Ancient Tea Set","Smiling Mask","Strawberry","OrangePellets","Calling Bell","MawBank","Mummified Hand","The Specimen","Lizard Tail","StrikeDummy","Ninja Scroll","Boot","Akabeko","Bottled Tornado","MealTicket","Kunai","Singing Bowl","Toy Ornithopter","Snake Skull","Matryoshka","HoveringKite","Happy Flower","Nunchaku","Orichalcum","Art of War","Ornamental Fan","Tingsha","Bronze Scales","Bottled Flame","Meat on the Bone","Vajra","Gremlin Horn","CeramicFish","Oddly Smooth Stone","Membership Card","Pear","Anchor","Letter Opener"],"acts_visited":["Exordium","TheCity","TheBeyond"],"potions_floor_usage":[50,50,50,50,51,51,51,51,51,51],"damage_taken":[{"damage":0.0,"enemies":"Cultist","floor":1.0,"turns":2.0},{"damage":0.0,"enemies":"2 Louse","floor":2.0,"turns":2.0},{"damage":1.0,"enemies":"Jaw Worm","floor":4.0,"turns":3.0},{"damage":5.0,"enemies":"Gremlin Nob","floor":6.0,"turns":3.0},{"damage":0.0,"enemies":"Lagavulin","floor":8.0,"turns":4.0},{"damage":5.0,"enemies":"Gremlin Nob","floor":10.0,"turns":3.0},{"damage":8.0,"enemies":"3 Sentries","floor":11.0,"turns":8.0},{"damage":0.0,"enemies":"Lagavulin","floor":12.0,"turns":4.0},{"damage":0.0,"enemies":"3 Sentries","floor":13.0,"turns":3.0},{"damage":13.0,"enemies":"Hexaghost","floor":16.0,"turns":5.0},{"damage":0.0,"enemies":"3 Byrds","floor":18.0,"turns":3.0},{"damage":5.0,"enemies":"2 Thieves","floor":19.0,"turns":2.0},{"damage":0.0,"enemies":"Gremlin Leader","floor":22.0,"turns":4.0},{"damage":0.0,"enemies":"Slavers","floor":23.0,"turns":1.0},{"damage":20.0,"enemies":"Book of Stabbing","floor":24.0,"turns":5.0},{"damage":9.0,"enemies":"Gremlin Leader","floor":25.0,"turns":3.0},{"damage":0.0,"enemies":"Centurion and Healer","floor":27.0,"turns":2.0},{"damage":0.0,"enemies":"Book of Stabbing","floor":28.0,"turns":2.0},{"damage":0.0,"enemies":"Slavers","floor":29.0,"turns":2.0},{"damage":5.0,"enemies":"Book of Stabbing","floor":30.0,"turns":2.0},{"damage":5.0,"enemies":"Slavers","floor":31.0,"turns":3.0},{"damage":0.0,"enemies":"Champ","floor":33.0,"turns":6.0},{"damage":6.0,"enemies":"3 Shapes","floor":35.0,"turns":1.0},{"damage":0.0,"enemies":"Orb Walker","floor":36.0,"turns":3.0},{"damage":0.0,"enemies":"Giant Head","floor":39.0,"turns":5.0},{"damage":0.0,"enemies":"Nemesis","floor":40.0,"turns":3.0},{"damage":0.0,"enemies":"Giant Head","floor":41.0,"turns":5.0},{"damage":0.0,"enemies":"Reptomancer","floor":44.0,"turns":2.0},{"damage":0.0,"enemies":"Giant Head","floor":45.0,"turns":6.0},{"damage":0.0,"enemies":"Nemesis","floor":46.0,"turns":4.0},{"damage":0.0,"enemies":"Reptomancer","floor":48.0,"turns":2.0},{"damage":0,"enemies":"Time Eater","floor":50,"turns":9},{"damage":0,"enemies":"Donu and Deca","floor":51,"turns":5}],"seed_played":"-4984505954157510038","potions_obtained":[{"floor":4.0,"key":"SteroidPotion"},{"floor":6.0,"key":"Weak Potion"},{"floor":10.0,"key":"Dexterity Potion"},{"floor":16.0,"key":"BlessingOfTheForge"},{"floor":23.0,"key":"PowerPotion"}],"is_trial":true,"path_per_floor":["M","M","?","M","?","E","R","E","T","E","E","E","E","$","R","B",null,"M","M","?","?","E","E","E","E","T","M","E","E","E","E","R","B",null,"M","M","?","$","E","E","E","T","T","E","E","E","$","E","R","B","B",null],"character_chosen":"THE_SILENT","items_purchased":["Well Laid Plans+1","OrangePellets","Orichalcum","Membership Card","Pear","Anchor"],"campfire_rested":0,"item_purchase_floors":[14,14,38,47,47,47],"current_hp_per_floor":[59,59,49,48,48,45,51,53,53,50,44,46,55,55,64,53,68,70,67,67,67,69,71,53,46,46,48,52,54,61,75,75,75,75,69,75,75,75,75,75,77,77,77,77,77,79,89,89,89,89,89],"gold":430,"neow_bonus":"","is_daily":false,"chose_seed":false,"campfire_upgraded":4,"win_rate":0.0,"timestamp":1608572922,"path_taken":["M","?","?","M","?","E","R","E","T","E","E","E","E","$","R","BOSS","M","M","?","?","?","E","E","E","T","?","E","E","E","E","R","BOSS","M","?","?","$","?","E","E","?","T","E","E","E","$","E","R","BOSS","BOSS"],"items_purchased_type":["Card","Relic","Relic","Relic","Relic","Relic"],"build_version":"2020-12-13","purchased_purges":3,"victory":true,"max_hp_per_floor":[66,66,66,66,66,66,66,66,66,66,66,66,73,73,73,73,73,73,73,73,73,73,73,73,73,73,73,75,75,75,75,75,75,75,75,75,75,75,75,75,77,77,77,77,77,79,89,89,89,89,89],"card_choices":[{"not_picked":["A Thousand Cuts","Grand Finale"],"picked":"Bullet Time","floor":6.0},{"not_picked":["Phantasmal Killer","A Thousand Cuts"],"picked":"Die Die Die","floor":8.0},{"not_picked":["Phantasmal Killer","Bullet Time"],"picked":"Tools of the Trade+1","floor":10.0},{"not_picked":["Die Die Die","Phantasmal Killer","Wraith Form v2+1"],"picked":"SKIP","floor":11.0},{"not_picked":["Die Die Die","Grand Finale","Storm of Steel"],"picked":"SKIP","floor":12.0},{"not_picked":["Grand Finale","Malaise"],"picked":"Venomology","floor":13.0},{"not_picked":["Malaise","Unload"],"picked":"Adrenaline","floor":22.0},{"not_picked":["Wraith Form v2+1","Die Die Die","Night Terror"],"picked":"SKIP","floor":23.0},{"not_picked":["Wraith Form v2+1","Glass Knife"],"picked":"Venomology","floor":24.0},{"not_picked":["Storm of Steel","Glass Knife"],"picked":"After Image+1","floor":25.0},{"not_picked":["Venomology","Wraith Form v2+1","A Thousand Cuts+1"],"picked":"Singing Bowl","floor":28.0},{"not_picked":["Unload","Night Terror"],"picked":"A Thousand Cuts+1","floor":29.0},{"not_picked":["Storm of Steel","Phantasmal Killer"],"picked":"After Image+1","floor":30.0},{"not_picked":["Grand Finale","Phantasmal Killer"],"picked":"Adrenaline","floor":31.0},{"not_picked":["A Thousand Cuts+1","Grand Finale"],"picked":"Corpse Explosion","floor":33.0},{"not_picked":["Tools of the Trade+1","Unload"],"picked":"Envenom+1","floor":39.0},{"not_picked":["A Thousand Cuts+1","Phantasmal Killer"],"picked":"After Image+1","floor":40.0},{"not_picked":["Unload","Grand Finale","Corpse Explosion"],"picked":"Singing Bowl","floor":41.0},{"not_picked":["Glass Knife","A Thousand Cuts+1"],"picked":"Malaise","floor":44.0},{"not_picked":["Burst","Adrenaline"],"picked":"Malaise","floor":45.0},{"not_picked":["A Thousand Cuts+1","Storm of Steel","Grand Finale"],"picked":"Singing Bowl","floor":46.0},{"not_picked":["Glass Knife","Envenom+1"],"picked":"Venomology","floor":48.0}],"player_experience":81619,"relics_obtained":[{"floor":1.0,"key":"Pen Nib"},{"floor":2.0,"key":"Eternal Feather"},{"floor":4.0,"key":"Blood Vial"},{"floor":6.0,"key":"Centennial Puzzle"},{"floor":8.0,"key":"Regal Pillow"},{"floor":9.0,"key":"Omamori"},{"floor":10.0,"key":"Frozen Egg 2"},{"floor":11.0,"key":"Ancient Tea Set"},{"floor":12.0,"key":"Smiling Mask"},{"floor":13.0,"key":"Strawberry"},{"floor":17.0,"key":"MawBank"},{"floor":17.0,"key":"Mummified Hand"},{"floor":17.0,"key":"The Specimen"},{"floor":18.0,"key":"Lizard Tail"},{"floor":19.0,"key":"StrikeDummy"},{"floor":22.0,"key":"Ninja Scroll"},{"floor":23.0,"key":"Boot"},{"floor":24.0,"key":"Akabeko"},{"floor":25.0,"key":"Bottled Tornado"},{"floor":26.0,"key":"MealTicket"},{"floor":27.0,"key":"Kunai"},{"floor":28.0,"key":"Singing Bowl"},{"floor":29.0,"key":"Toy Ornithopter"},{"floor":30.0,"key":"Snake Skull"},{"floor":31.0,"key":"Matryoshka"},{"floor":35.0,"key":"Happy Flower"},{"floor":36.0,"key":"Nunchaku"},{"floor":39.0,"key":"Art of War"},{"floor":40.0,"key":"Ornamental Fan"},{"floor":41.0,"key":"Tingsha"},{"floor":42.0,"key":"Bronze Scales"},{"floor":42.0,"key":"Bottled Flame"},{"floor":43.0,"key":"Meat on the Bone"},{"floor":43.0,"key":"Vajra"},{"floor":44.0,"key":"Gremlin Horn"},{"floor":45.0,"key":"CeramicFish"},{"floor":46.0,"key":"Oddly Smooth Stone"},{"floor":48.0,"key":"Letter Opener"}],"event_choices":[{"damage_healed":0.0,"max_hp_gain":0.0,"max_hp_loss":0.0,"gold_gain":75.0,"event_name":"World of Goop","player_choice":"Gather Gold","floor":3.0,"gold_loss":0.0,"damage_taken":11.0},{"damage_healed":0.0,"max_hp_gain":0.0,"max_hp_loss":0.0,"gold_gain":0.0,"event_name":"Accursed Blacksmith","player_choice":"Rummage","floor":5.0,"gold_loss":0.0,"damage_taken":0.0,"relics_obtained":["WarpedTongs"],"cards_obtained":["Pain"]},{"damage_healed":0.0,"max_hp_gain":0.0,"max_hp_loss":0.0,"gold_gain":0.0,"event_name":"The Library","player_choice":"Read","floor":20.0,"gold_loss":0.0,"damage_taken":0.0,"cards_obtained":["Infinite Blades"]},{"damage_healed":0.0,"max_hp_gain":0.0,"max_hp_loss":0.0,"gold_gain":0.0,"event_name":"Duplicator","player_choice":"Copied","floor":21.0,"gold_loss":0.0,"damage_taken":0.0,"cards_obtained":["Venomology"]},{"damage_healed":0.0,"max_hp_gain":0.0,"max_hp_loss":0.0,"gold_gain":0.0,"event_name":"SecretPortal","player_choice":"Ignored","floor":37.0,"gold_loss":0.0,"damage_taken":0.0}],"is_beta":false,"boss_relics":[{"not_picked":["Cursed Key","Ectoplasm"],"picked":"Calling Bell"},{"not_picked":["Velvet Choker","Busted Crown"],"picked":"HoveringKite"}],"items_purged_floors":[14,38,47],"is_endless":false,"potions_floor_spawned":[4,6,10,16,19,23,29,30,31,40,44,45,48],"ascension_level":20}}