{"host":"oiai0qxasotny765","time":1608577252,"event":{"mods":["2.2 Compatiblity","AchievementEnabler","BaseMod","Colored Map","Minty Spire (QoL Compilation)","Permanent Neow","Relic Stats","StSLib","SuperFastMode","everything is the same but u backflip on backflip"],"gold_per_floor":[112,130,145,163,88,88,98,118,145,145,172,172,222,240,240,240,240],"floor_reached":16,"playtime":551,"items_purged":["Strike_G"],"score":174,"play_id":"200badbc-cc00-4142-bca7-7c727144e235","local_time":"20201222040052","is_ascension_mode":true,"campfire_choices":[{"data":"Dagger Spray","floor":6,"key":"SMITH"},{"data":"Reflex","floor":10,"key":"SMITH"},{"data":"Eviscerate","floor":15,"key":"SMITH"}],"circlet_count":0,"master_deck":["AscendersBane","Strike_G","Strike_G","Strike_G","Strike_G","Defend_G","Defend_G","Defend_G","Defend_G","Survivor","Neutralize","Cloak And Dagger","Dagger Throw","Dagger Spray+1","Prepared","Reflex+1","Eviscerate+1"],"relics":["Ring of the Snake","TheAbacus","Sundial","Boot","Odd Mushroom","Golden Idol"],"acts_visited":["Exordium"],"potions_floor_usage":[7,16,16],"damage_taken":[{"damage":0,"enemies":"Cultist","floor":1,"turns":4},{"damage":3,"enemies":"Jaw Worm","floor":2,"turns":4},{"damage":0,"enemies":"Small Slimes","floor":3,"turns":4},{"damage":6,"enemies":"2 Fungi Beasts","floor":4,"turns":3},{"damage":11,"enemies":"Exordium Thugs","floor":7,"turns":4},{"damage":0,"enemies":"Blue Slaver","floor":8,"turns":4},{"damage":0,"enemies":"The Mushroom Lair","floor":11,"turns":2},{"damage":2,"enemies":"3 Louse","floor":14,"turns":3},{"damage":15,"enemies":"Hexaghost","floor":16,"turns":7}],"seed_played":"7732151193261565845","potions_obtained":[{"floor":2,"key":"Poison Potion"},{"floor":4,"key":"Poison Potion"},{"floor":8,"key":"ColorlessPotion"}],"is_trial":false,"path_per_floor":["M","M","M","M","$","R","M","M","T","R","?","?","?","M","R","B"],"character_chosen":"THE_SILENT","items_purchased":[],"campfire_rested":0,"item_purchase_floors":[],"current_hp_per_floor":[59,56,56,50,50,50,39,39,39,39,39,16,16,14,14,0,0],"gold":240,"neow_bonus":"TRANSFORM_CARD","is_daily":false,"chose_seed":false,"campfire_upgraded":3,"win_rate":0.0,"timestamp":1608577252,"path_taken":["M","M","?","M","$","R","M","M","T","R","?","?","?","?","R","BOSS"],"items_purchased_type":[],"build_version":"2020-12-13","purchased_purges":1,"victory":false,"max_hp_per_floor":[66,66,66,66,66,66,66,66,66,66,66,66,66,66,66,66,66],"relic_stats":{"TheAbacus":[60],"counters":[9,35],"Sundial":[6],"Golden Idol":4,"Boot":[17],"obtain_stats":[{"TheAbacus":0,"Sundial":0,"Golden Idol":12,"Odd Mushroom":11,"Boot":9,"Ring of the Snake":0},{"TheAbacus":0,"Sundial":0,"Golden Idol":7,"Odd Mushroom":7,"Boot":6,"Ring of the Snake":0},{"TheAbacus":0,"Sundial":0,"Golden Idol":25,"Odd Mushroom":25,"Boot":23,"Ring of the Snake":0}],"Ring of the Snake":[18]},"card_choices":[{"not_picked":["Slice","Bane","Riddle With Holes"],"picked":"SKIP","floor":1},{"not_picked":["Deflect","Poisoned Stab"],"picked":"Dagger Throw","floor":2},{"not_picked":["Flechettes","Flying Knee"],"picked":"Dagger Spray","floor":3},{"not_picked":["Slice","Dodge and Roll"],"picked":"Prepared","floor":4},{"not_picked":["Backflip","Predator"],"picked":"Reflex","floor":7},{"not_picked":["Dodge and Roll","Flying Knee"],"picked":"Eviscerate","floor":8},{"not_picked":["Skewer","Blade Dance","Blur"],"picked":"SKIP","floor":14}],"player_experience":274181,"relics_obtained":[{"floor":9,"key":"Boot"},{"floor":11,"key":"Odd Mushroom"}],"event_choices":[{"damage_healed":0,"gold_gain":0,"player_choice":"Fought Mushrooms","damage_taken":0,"max_hp_gain":0,"max_hp_loss":0,"event_name":"Mushrooms","floor":11,"gold_loss":0},{"damage_healed":0,"gold_gain":0,"player_choice":"Take Damage","damage_taken":23,"relics_obtained":["Golden Idol"],"max_hp_gain":0,"max_hp_loss":0,"event_name":"Golden Idol","floor":12,"gold_loss":0},{"damage_healed":0,"gold_gain":50,"player_choice":"Pray","damage_taken":0,"max_hp_gain":0,"max_hp_loss":0,"event_name":"Golden Shrine","floor":13,"gold_loss":0}],"is_beta":false,"boss_relics":[],"items_purged_floors":[5],"is_endless":false,"potions_floor_spawned":[2,4,8],"killed_by":"Hexaghost","ascension_level":17}}