{"host":"sav7uxregyirlf69","time":1608535566,"event":{"mods":["AchievementEnabler","BaseMod","Colored Map","DeckTracker","Keyboard Shortcuts","Minty Spire (QoL Compilation)","READ ME - Guardian Mod","StSLib","SuperFastMode"],"gold_per_floor":[119,119,139,155,173,198,215,215,215,215,232,172,172,192,192,192,192],"floor_reached":16,"playtime":235,"items_purged":["Strike_B"],"score":156,"play_id":"ad3c3b90-ef88-4eab-9b67-422f455a5795","local_time":"20201221162606","is_ascension_mode":true,"campfire_choices":[{"data":"Self Repair","floor":8,"key":"SMITH"},{"data":"Streamline","floor":13,"key":"SMITH"},{"data":"Zap","floor":15,"key":"SMITH"}],"circlet_count":0,"master_deck":["AscendersBane","Strike_B","Strike_B","Defend_B","Defend_B","Defend_B","Defend_B","Zap+1","Dualcast","Streamline+1","All For One","Gash","Beam Cell","Gash","Self Repair+1","Recycle+1","Go for the Eyes"],"relics":["Coffee Dripper","The Courier","DataDisk"],"acts_visited":["Exordium"],"potions_floor_usage":[16,16],"damage_taken":[{"damage":3,"enemies":"Jaw Worm","floor":1,"turns":4},{"damage":1,"enemies":"Cultist","floor":3,"turns":4},{"damage":0,"enemies":"Small Slimes","floor":4,"turns":3},{"damage":10,"enemies":"2 Fungi Beasts","floor":5,"turns":3},{"damage":16,"enemies":"Gremlin Nob","floor":6,"turns":3},{"damage":35,"enemies":"Exordium Thugs","floor":7,"turns":4},{"damage":8,"enemies":"Blue Slaver","floor":11,"turns":3},{"damage":7,"enemies":"Looter","floor":14,"turns":3},{"damage":44,"enemies":"The Guardian","floor":16,"turns":7}],"seed_played":"1200762518898095714","potions_obtained":[{"floor":3,"key":"FairyPotion"},{"floor":6,"key":"LiquidBronze"},{"floor":11,"key":"PowerPotion"}],"is_trial":false,"path_per_floor":["M","?","M","M","M","E","M","R","T","?","M","$","R","M","R","B"],"character_chosen":"DEFECT","items_purchased":[],"campfire_rested":0,"item_purchase_floors":[],"current_hp_per_floor":[65,65,64,64,54,38,10,10,10,10,12,12,12,15,15,0,0],"gold":192,"neow_bonus":"BOSS_RELIC","is_daily":false,"chose_seed":false,"campfire_upgraded":3,"win_rate":0.0,"timestamp":1608535566,"path_taken":["M","?","M","M","?","E","M","R","T","?","?","$","R","M","R","BOSS"],"items_purchased_type":[],"build_version":"2020-12-13","purchased_purges":1,"victory":false,"max_hp_per_floor":[75,75,75,75,75,75,75,75,75,75,75,75,75,75,75,75,75],"card_choices":[{"not_picked":["Conserve Battery","Leap"],"picked":"Streamline","floor":1},{"not_picked":["Reinforced Body","White Noise"],"picked":"Gash","floor":3},{"not_picked":["Coolheaded","Blizzard"],"picked":"Beam Cell","floor":4},{"not_picked":["Hologram","Coolheaded"],"picked":"Gash","floor":5},{"not_picked":["Chill","Sunder"],"picked":"Self Repair","floor":6},{"not_picked":["Genetic Algorithm","Sweeping Beam"],"picked":"Recycle","floor":7},{"not_picked":["Blizzard","Sunder","Biased Cognition"],"picked":"SKIP","floor":11},{"not_picked":["Hologram","Turbo"],"picked":"Go for the Eyes","floor":14}],"player_experience":975564,"relics_obtained":[{"floor":6,"key":"The Courier"},{"floor":9,"key":"DataDisk"}],"event_choices":[{"damage_healed":0,"gold_gain":0,"cards_transformed":["Strike_B"],"player_choice":"Transformed","damage_taken":0,"max_hp_gain":0,"max_hp_loss":0,"event_name":"Transmorgrifier","floor":2,"gold_loss":0,"cards_obtained":["All For One"]},{"damage_healed":0,"gold_gain":0,"player_choice":"Upgraded","damage_taken":0,"max_hp_gain":0,"max_hp_loss":0,"event_name":"Upgrade Shrine","floor":10,"gold_loss":0,"cards_upgraded":["Recycle"]}],"is_beta":false,"boss_relics":[],"items_purged_floors":[12],"is_endless":false,"potions_floor_spawned":[3,6,11],"killed_by":"The Guardian","ascension_level":10}}