{"host":"so6fnfq7th6ki9q5","time":1608574736,"event":{"mods":["AchievementEnabler","BaseMod","Colored Map","Colored Powertips","Minty Spire (QoL Compilation)","Quick Restart","StSLib"],"gold_per_floor":[109,119,119,136,151,178,178,207,207,207,282,282,292,292,292,393,393,380,380,380,406,406,406,406,406],"floor_reached":24,"playtime":1432,"items_purged":[],"score":387,"play_id":"6474ce6a-396f-46aa-9dd4-ccd01bb139d2","local_time":"20201221121856","is_ascension_mode":true,"campfire_choices":[{"data":"Leg Sweep","floor":7.0,"key":"SMITH"},{"data":"Caltrops","floor":10.0,"key":"SMITH"},{"floor":12.0,"key":"REST"},{"floor":15.0,"key":"REST"},{"data":"Tools of the Trade","floor":23.0,"key":"SMITH"}],"circlet_count":0,"master_deck":["Defend_G+1","Defend_G+1","Defend_G+1","Defend_G+1","Defend_G+1","Survivor","Neutralize","Dash+1","Reflex","Calculated Gamble","Leg Sweep+1","Caltrops+1","Prepared","Tools of the Trade+1","Terror","Bite","Bite","Bite","Bite","Bite","Deflect+1"],"relics":["Ring of the Snake","MealTicket","Art of War","Bottled Tornado","Darkstone Periapt","Black Star","Red Mask"],"acts_visited":["Exordium","TheCity"],"potions_floor_usage":[],"damage_taken":[{"damage":0.0,"enemies":"Small Slimes","floor":1.0,"turns":4.0},{"damage":0.0,"enemies":"Jaw Worm","floor":2.0,"turns":5.0},{"damage":0.0,"enemies":"2 Louse","floor":4.0,"turns":4.0},{"damage":0.0,"enemies":"2 Fungi Beasts","floor":5.0,"turns":5.0},{"damage":29.0,"enemies":"Gremlin Nob","floor":6.0,"turns":7.0},{"damage":23.0,"enemies":"3 Sentries","floor":8.0,"turns":11.0},{"damage":0.0,"enemies":"Gremlin Gang","floor":13.0,"turns":5.0},{"damage":24.0,"enemies":"Hexaghost","floor":16.0,"turns":13.0},{"damage":11.0,"enemies":"2 Thieves","floor":18.0,"turns":4.0},{"damage":39.0,"enemies":"Masked Bandits","floor":21.0,"turns":6.0},{"damage":22,"enemies":"Slavers","floor":24,"turns":3}],"seed_played":"-8751103411259242959","potions_obtained":[{"floor":1.0,"key":"LiquidMemories"},{"floor":5.0,"key":"Ancient Potion"},{"floor":6.0,"key":"Energy Potion"},{"floor":8.0,"key":"CunningPotion"}],"is_trial":false,"path_per_floor":["M","M","?","M","M","E","R","E","T","R","?","R","M","?","R","B",null,"M","?","?","?","?","R","E"],"character_chosen":"THE_SILENT","items_purchased":[],"campfire_rested":2,"item_purchase_floors":[],"current_hp_per_floor":[70,70,75,75,75,46,46,23,23,23,12,34,34,34,56,32,75,64,52,52,19,13,13,0,0],"gold":406,"neow_bonus":"RANDOM_COMMON_RELIC","is_daily":false,"chose_seed":false,"campfire_upgraded":3,"win_rate":0.0,"timestamp":1608574736,"path_taken":["M","M","?","M","M","E","R","E","T","R","?","R","?","?","R","BOSS","M","?","?","?","?","R","E"],"items_purchased_type":[],"build_version":"2020-12-13","purchased_purges":0,"victory":false,"max_hp_per_floor":[70,70,75,75,75,75,75,75,75,75,75,75,75,75,75,75,75,75,52,52,52,52,52,52,52],"card_choices":[{"not_picked":["Underhanded Strike","Flechettes"],"picked":"Dash","floor":1.0},{"not_picked":["Cloak And Dagger","Flying Knee"],"picked":"Reflex","floor":2.0},{"not_picked":["Crippling Poison","Dagger Throw"],"picked":"Calculated Gamble","floor":4.0},{"not_picked":["Riddle With Holes","Quick Slash"],"picked":"Leg Sweep","floor":5.0},{"not_picked":["Glass Knife","Blur"],"picked":"Caltrops","floor":6.0},{"not_picked":["Poisoned Stab","Dagger Throw","Slice"],"picked":"SKIP","floor":8.0},{"not_picked":["Dash","Masterful Stab"],"picked":"Prepared","floor":13.0},{"not_picked":["Glass Knife","Adrenaline"],"picked":"Tools of the Trade","floor":16.0},{"not_picked":["PiercingWail","Noxious Fumes+1"],"picked":"Terror","floor":18.0},{"not_picked":["Flechettes+1","Reflex+1"],"picked":"Deflect+1","floor":21.0}],"player_experience":285678,"relics_obtained":[{"floor":6.0,"key":"Art of War"},{"floor":8.0,"key":"Bottled Tornado"},{"floor":9.0,"key":"Darkstone Periapt"},{"floor":21.0,"key":"Red Mask"}],"event_choices":[{"damage_healed":0.0,"max_hp_gain":5.0,"max_hp_loss":0.0,"gold_gain":0.0,"event_name":"Big Fish","player_choice":"Donut","floor":3.0,"gold_loss":0.0,"damage_taken":0.0},{"damage_healed":0.0,"max_hp_gain":0.0,"max_hp_loss":0.0,"gold_gain":75.0,"event_name":"World of Goop","player_choice":"Gather Gold","floor":11.0,"gold_loss":0.0,"damage_taken":11.0},{"damage_healed":0.0,"max_hp_gain":0.0,"max_hp_loss":0.0,"gold_gain":0.0,"event_name":"Living Wall","player_choice":"Grow","floor":14.0,"gold_loss":0.0,"damage_taken":0.0,"cards_upgraded":["Dash"]},{"damage_healed":0.0,"max_hp_gain":0.0,"max_hp_loss":23.0,"gold_gain":0.0,"event_name":"Vampires","player_choice":"Became a vampire","floor":19.0,"gold_loss":0.0,"damage_taken":0.0,"cards_obtained":["Bite","Bite","Bite","Bite","Bite"]},{"damage_healed":0.0,"max_hp_gain":0.0,"max_hp_loss":0.0,"gold_gain":0.0,"event_name":"Back to Basics","player_choice":"Simplicity","floor":20.0,"gold_loss":0.0,"damage_taken":0.0,"cards_upgraded":["Defend_G","Defend_G","Defend_G","Defend_G","Defend_G"]},{"damage_healed":0.0,"max_hp_gain":0.0,"max_hp_loss":0.0,"gold_gain":0.0,"event_name":"Masked Bandits","player_choice":"Fought Bandits","floor":21.0,"gold_loss":0.0,"damage_taken":0.0},{"damage_healed":0.0,"max_hp_gain":0.0,"max_hp_loss":0.0,"gold_gain":0.0,"event_name":"Knowing Skull","player_choice":"","floor":22.0,"potions_obtained":[],"gold_loss":0.0,"damage_taken":6.0,"cards_obtained":[]}],"is_beta":false,"boss_relics":[{"not_picked":["Fusion Hammer","WristBlade"],"picked":"Black Star"}],"items_purged_floors":[],"is_endless":false,"potions_floor_spawned":[1,5,6,8],"killed_by":"Slavers","ascension_level":4}}