{"host":"hqvh779b89tfrjxy","time":1608580426,"event":{"mods":["Act Like it!","BaseMod","Better Third Choice","Downfall","Elementarium","Filter the Spire","GifTheSpireLib","Marked Mod","Minty Spire (QoL Compilation)","Replay The Spire","Spicy Shops","StSLib"],"gold_per_floor":[360,373,388,388,408,443,206,206,258,258,286,286,314,330,330,330,330],"floor_reached":16,"playtime":520,"items_purged":["Strike_R"],"score":138,"play_id":"0eeb4b83-63dc-4d36-9a35-66831b4c40ac","local_time":"20201221205346","is_ascension_mode":true,"campfire_choices":[{"data":"Armaments","floor":8,"key":"SMITH"},{"data":"Searing Blow","floor":10,"key":"SMITH"},{"data":"Searing Blow+1","floor":12,"key":"SMITH"},{"floor":15,"key":"DIG"}],"circlet_count":0,"master_deck":["Strike_R","Strike_R","Strike_R","Strike_R","Defend_R+1","Defend_R","Defend_R","Defend_R","Bash","Fire Breathing","Armaments","Searing Blow+2","Whirlwind","Armaments+1"],"relics":["Burning Blood","The Courier","Vajra","PreservedInsect","Boot","Odd Mushroom","Golden Egg"],"acts_visited":["Exordium"],"potions_floor_usage":[13,14],"damage_taken":[{"damage":6,"enemies":"2 Louse","floor":1,"turns":2},{"damage":14,"enemies":"Small Slimes","floor":2,"turns":4},{"damage":2,"enemies":"Jaw Worm","floor":3,"turns":5},{"damage":17,"enemies":"2 Fungi Beasts","floor":5,"turns":4},{"damage":14,"enemies":"3 Sentries","floor":6,"turns":6},{"damage":26,"enemies":"Lagavulin","floor":11,"turns":7},{"damage":5,"enemies":"The Mushroom Lair","floor":13,"turns":4},{"damage":4,"enemies":"Lots of Slimes","floor":14,"turns":2},{"damage":38,"enemies":"Fading Forest","floor":16,"turns":4}],"seed_played":"2726783646704117727","potions_obtained":[{"floor":1,"key":"Ancient Potion"},{"floor":2,"key":"DistilledChaos"},{"floor":5,"key":"LifebloodPotion"}],"is_trial":false,"path_per_floor":["M","M","M","?","M","E","$","R","T","R","E","R","?","M","R","B"],"character_chosen":"IRONCLAD","items_purchased":["Armaments","Vajra"],"campfire_rested":0,"item_purchase_floors":[7,7],"current_hp_per_floor":[72,64,68,68,57,49,49,49,49,49,29,29,30,32,32,0,0],"gold":330,"neow_bonus":"TWO_FIFTY_GOLD","is_daily":false,"chose_seed":false,"campfire_upgraded":3,"win_rate":0.0,"timestamp":1608580426,"path_taken":["M","M","M","?","M","E","$","R","T","R","E","R","?","M","R","BOSS"],"items_purchased_type":["Card","Relic"],"build_version":"2020-12-13","purchased_purges":1,"victory":false,"max_hp_per_floor":[72,72,72,72,72,72,72,72,72,72,72,72,72,72,72,72,72],"card_choices":[{"not_picked":["ReplayTheSpireMod:Muscle Training","Pommel Strike"],"picked":"Fire Breathing","floor":1},{"not_picked":["Havoc","Intimidate"],"picked":"Armaments","floor":2},{"not_picked":["True Grit","Iron Wave"],"picked":"Searing Blow","floor":3},{"not_picked":["Clash","Pommel Strike","Heavy Blade"],"picked":"SKIP","floor":5},{"not_picked":["Spot Weakness","Thunderclap"],"picked":"Whirlwind","floor":6},{"not_picked":["Sever Soul","Run Through","Intimidate"],"picked":"SKIP","floor":11},{"not_picked":["ReplayTheSpireMod:LeadingStrike","Evolve","Uppercut"],"picked":"SKIP","floor":14}],"player_experience":159856,"relics_obtained":[{"floor":6,"key":"The Courier"},{"floor":9,"key":"PreservedInsect"},{"floor":11,"key":"Boot"},{"floor":13,"key":"Odd Mushroom"},{"floor":15,"key":"Golden Egg"}],"event_choices":[{"damage_healed":0,"gold_gain":0,"player_choice":"Fought Mushrooms","damage_taken":0,"max_hp_gain":0,"max_hp_loss":0,"event_name":"Mushrooms","floor":13,"gold_loss":0}],"is_beta":false,"boss_relics":[],"items_purged_floors":[7],"is_endless":false,"potions_floor_spawned":[1,2,5],"killed_by":"Fading Forest","ascension_level":5}}