{"host":"8g24zuco0epbjwbo","time":1608587809,"event":{"mods":["BaseMod","Downfall","Minty Spire (QoL Compilation)","Relic Stats","StSLib"],"gold_per_floor":[99,99,99,99,99,24,24,44,76,76,76,76,76,90,110,110,110,110],"floor_reached":16,"playtime":347,"items_purged":[],"score":96,"play_id":"c2c77d43-b31e-42b4-a4a9-0a5484a59c70","local_time":"20201221165649","is_ascension_mode":false,"campfire_choices":[{"floor":1,"key":"RECALL"},{"data":"champ:RecklessLeap","floor":6,"key":"SMITH"},{"data":"champ:FalseCounter","floor":11,"key":"SMITH"},{"floor":13,"key":"REST"}],"circlet_count":0,"master_deck":["champ:Strike","champ:Strike","champ:Strike","champ:Strike","champ:Defend+1","champ:Defend","champ:Defend+1","champ:Defend","champ:Execute","champ:Taunt","champ:CrookedStrike+1","champ:RecklessLeap+1","champ:ShieldWall","champ:FalseCounter+1","champ:Aggression","Regret","champ:FightOn"],"relics":["champ:ChampionCrown","downfall:HeartsMalice","downfall:HeartBlessingRed","Darkstone Periapt","Shuriken","downfall:ShatteredFragment"],"acts_visited":["Exordium"],"potions_floor_usage":[16],"damage_taken":[{"damage":0,"enemies":"Cultist","floor":2,"turns":1},{"damage":0,"enemies":"2 Louse","floor":4,"turns":1},{"damage":0,"enemies":"Jaw Worm","floor":5,"turns":1},{"damage":37,"enemies":"Large Slime","floor":8,"turns":6},{"damage":34,"enemies":"Gremlin Nob","floor":9,"turns":3},{"damage":27,"enemies":"Exordium Wildlife","floor":14,"turns":2},{"damage":28,"enemies":"3 Louse","floor":15,"turns":4},{"damage":71,"enemies":"downfall:Defect","floor":16,"turns":5}],"seed_played":"-1310788324756297570","potions_obtained":[{"floor":9,"key":"PowerPotion"},{"floor":14,"key":"Ancient Potion"}],"is_trial":false,"path_per_floor":["R","M","?","M","M","R","T","M","E","?","R","?","R","M","M","B"],"character_chosen":"THE_CHAMP","items_purchased":[],"campfire_rested":1,"item_purchase_floors":[],"current_hp_per_floor":[90,90,90,90,90,90,90,81,67,73,73,46,74,70,67,0,0,0],"gold":110,"neow_bonus":"THREE_ENEMY_KILL","is_daily":false,"chose_seed":false,"campfire_upgraded":2,"win_rate":0.0,"timestamp":1608587809,"path_taken":["R","M","?","M","M","R","T","M","E","?","R","?","R","M","M","BOSS"],"items_purchased_type":[],"build_version":"2020-12-13","purchased_purges":0,"victory":false,"max_hp_per_floor":[90,90,90,90,90,90,90,90,90,96,96,96,96,96,96,96,96,96],"relic_stats":{"Darkstone Periapt":6,"counters":[8,20],"Shuriken":[4],"obtain_stats":[{"Darkstone Periapt":7,"downfall:ShatteredFragment":12,"downfall:HeartBlessingRed":6,"Shuriken":9,"champ:ChampionCrown":0,"downfall:HeartsMalice":0},{"Darkstone Periapt":3,"downfall:ShatteredFragment":5,"downfall:HeartBlessingRed":3,"Shuriken":5,"champ:ChampionCrown":0,"downfall:HeartsMalice":0},{"Darkstone Periapt":0,"downfall:ShatteredFragment":9,"downfall:HeartBlessingRed":0,"Shuriken":9,"champ:ChampionCrown":0,"downfall:HeartsMalice":0}]},"card_choices":[{"not_picked":["champ:FocusedDefense","champ:EnragedBash"],"picked":"champ:CrookedStrike","floor":2},{"not_picked":["champ:RapidStrikes","champ:Shatter"],"picked":"champ:RecklessLeap","floor":4},{"not_picked":["champ:BladeFlurry","champ:DefensiveStyle"],"picked":"champ:ShieldWall","floor":5},{"not_picked":["champ:PreciseThrust","champ:FocusedDefense"],"picked":"champ:FalseCounter","floor":8},{"not_picked":["champ:Duel","champ:Riposte"],"picked":"champ:Aggression","floor":9},{"not_picked":["champ:AdrenalArmor","champ:BerserkersShout"],"picked":"champ:FightOn","floor":14},{"not_picked":["champ:Riposte","champ:PreciseThrust","champ:Haymaker"],"picked":"SKIP","floor":15}],"player_experience":429105,"relics_obtained":[{"floor":7,"key":"Darkstone Periapt"},{"floor":9,"key":"Shuriken"}],"event_choices":[],"is_beta":false,"boss_relics":[],"items_purged_floors":[],"is_endless":false,"potions_floor_spawned":[9,14],"killed_by":"downfall:Defect","ascension_level":0}}