{"host":"x1qj4d8ympd5jdqh","time":1608543854,"event":{"mods":["AchievementEnabler","AlwaysNeverKeys","BaseMod","Colored Map","Custom Start","DeckTracker","Highlight Path","Minty Spire (QoL Compilation)","StSLib","SuperFastMode"],"gold_per_floor":[115,115,133,133,143,175,175,201,291,303,332,269,281,307,319,404,416,438,500,528,540,552,564,604,531,570,594,619,644,66,66,66,66,66],"floor_reached":33,"playtime":651,"items_purged":["Strike_P"],"score":514,"play_id":"768ec3c4-774f-466d-b9d9-d45891e2e998","local_time":"20201221184414","is_ascension_mode":true,"campfire_choices":[{"data":"Eruption","floor":7.0,"key":"SMITH"},{"floor":10.0,"key":"REST"},{"data":"Adaptation","floor":13.0,"key":"SMITH"},{"data":"WheelKick","floor":15.0,"key":"SMITH"},{"data":"Ragnarok","floor":23,"key":"SMITH"},{"floor":32,"key":"REST"}],"circlet_count":0,"master_deck":["AscendersBane","Strike_P","Strike_P","Defend_P","Defend_P+1","Defend_P","Defend_P","Eruption+1","Vigilance+1","EmptyFist","Indignation","Adaptation+1","WheelKick+1","Ragnarok+1","Swivel","Adaptation+1","MentalFortress+1"],"relics":["PureWater","NeowsBlessing","FaceOfCleric","MawBank","Frozen Egg 2","Runic Dome","Red Mask","Thread and Needle","Centennial Puzzle","Membership Card","Sundial","FossilizedHelix"],"acts_visited":["Exordium","TheCity"],"potions_floor_usage":[16,16,18,28,31,33],"damage_taken":[{"damage":0.0,"enemies":"Small Slimes","floor":1.0,"turns":1.0},{"damage":0.0,"enemies":"2 Louse","floor":3.0,"turns":1.0},{"damage":0.0,"enemies":"Cultist","floor":5.0,"turns":1.0},{"damage":22.0,"enemies":"Gremlin Nob","floor":6.0,"turns":3.0},{"damage":20.0,"enemies":"Lagavulin","floor":8.0,"turns":3.0},{"damage":1.0,"enemies":"Looter","floor":11.0,"turns":3.0},{"damage":1.0,"enemies":"2 Fungi Beasts","floor":14.0,"turns":3.0},{"damage":16,"enemies":"The Guardian","floor":16,"turns":10},{"damage":6,"enemies":"2 Thieves","floor":18,"turns":3},{"damage":0,"enemies":"Shell Parasite","floor":20,"turns":2},{"damage":16,"enemies":"Masked Bandits","floor":24,"turns":4},{"damage":0,"enemies":"Snecko","floor":27,"turns":2},{"damage":5,"enemies":"Shelled Parasite and Fungi","floor":28,"turns":2},{"damage":14,"enemies":"Cultist and Chosen","floor":29,"turns":4},{"damage":0,"enemies":"Centurion and Healer","floor":31,"turns":1},{"damage":55,"enemies":"Collector","floor":33,"turns":7}],"seed_played":"-9039233139037038872","potions_obtained":[{"floor":1.0,"key":"FearPotion"},{"floor":3.0,"key":"Dexterity Potion"},{"floor":5.0,"key":"LiquidBronze"},{"floor":8.0,"key":"PowerPotion"},{"floor":16,"key":"EssenceOfSteel"},{"floor":24,"key":"Regen Potion"},{"floor":28,"key":"Fire Potion"},{"floor":29,"key":"StancePotion"}],"is_trial":false,"path_per_floor":["M","?","M","?","M","E","R","E","T","R","M","?","R","M","R","B",null,"M","?","M","?","?","R","?","?","T","M","M","M","$","M","R","B"],"character_chosen":"WATCHER","items_purchased":["Membership Card","Sundial","MentalFortress+1","FossilizedHelix","SmokeBomb"],"campfire_rested":2,"item_purchase_floors":[30,30,30,30,30],"current_hp_per_floor":[61,41,41,41,42,21,21,2,2,23,23,23,23,23,23,8,58,53,53,54,54,32,32,17,17,17,18,19,6,6,7,32,0,0],"gold":66,"neow_bonus":"THREE_ENEMY_KILL","is_daily":false,"chose_seed":false,"campfire_upgraded":4,"win_rate":0.0,"timestamp":1608543854,"path_taken":["M","?","M","?","?","E","R","E","T","R","M","?","R","M","R","BOSS","M","?","M","?","?","R","?","?","T","M","M","?","$","M","R","BOSS"],"items_purchased_type":["Relic","Relic","Card","Relic","Potion"],"build_version":"2020-12-13","purchased_purges":1,"victory":false,"max_hp_per_floor":[68,68,68,68,69,70,70,71,71,71,72,72,72,73,73,74,74,75,75,76,76,81,81,82,82,82,83,84,85,85,86,86,86,86],"card_choices":[{"not_picked":["Sanctity","Swivel"],"picked":"EmptyFist","floor":1.0},{"not_picked":["EmptyFist","CrushJoints"],"picked":"Indignation","floor":3.0},{"not_picked":["Indignation","Halt"],"picked":"Adaptation","floor":5.0},{"not_picked":["Crescendo","JustLucky"],"picked":"WheelKick","floor":6.0},{"not_picked":["FollowUp","Devotion","ReachHeaven"],"picked":"SKIP","floor":8.0},{"not_picked":["WheelKick","Evaluate","SandsOfTime"],"picked":"SKIP","floor":11.0},{"not_picked":["Crescendo","Pray","WindmillStrike"],"picked":"SKIP","floor":14.0},{"not_picked":["Devotion+1","DeusExMachina"],"picked":"Ragnarok","floor":16},{"not_picked":["WheelKick","CutThroughFate","Wireheading+1"],"picked":"SKIP","floor":18},{"not_picked":["Wireheading+1","Weave+1"],"picked":"Swivel","floor":20},{"not_picked":["Tantrum","Conclude"],"picked":"Adaptation+1","floor":27},{"not_picked":["Study+1","Evaluate","Prostrate"],"picked":"SKIP","floor":28},{"not_picked":["Halt","JustLucky+1","BowlingBash"],"picked":"SKIP","floor":29}],"player_experience":1253425,"relics_obtained":[{"floor":8.0,"key":"MawBank"},{"floor":9.0,"key":"Frozen Egg 2"},{"floor":24,"key":"Red Mask"},{"floor":26,"key":"Centennial Puzzle"}],"event_choices":[{"damage_healed":0.0,"max_hp_gain":0.0,"max_hp_loss":0.0,"gold_gain":0.0,"event_name":"Shining Light","player_choice":"Entered Light","floor":2.0,"gold_loss":0.0,"damage_taken":20.0,"cards_upgraded":["Vigilance","Defend_P"]},{"damage_healed":0.0,"max_hp_gain":0.0,"max_hp_loss":0.0,"gold_gain":0.0,"event_name":"FaceTrader","player_choice":"Trade","floor":4.0,"gold_loss":0.0,"damage_taken":0.0,"relics_obtained":["FaceOfCleric"]},{"cards_removed":["Strike_P"],"damage_healed":0.0,"max_hp_gain":0.0,"max_hp_loss":0.0,"gold_gain":0.0,"event_name":"The Cleric","player_choice":"Card Removal","floor":12.0,"gold_loss":75.0,"damage_taken":0.0},{"damage_healed":0,"gold_gain":50,"player_choice":"Stole From Cult","damage_taken":0,"max_hp_gain":0,"max_hp_loss":0,"event_name":"Nest","floor":19,"gold_loss":0},{"damage_healed":0,"gold_gain":0,"player_choice":"Ignored","damage_taken":0,"max_hp_gain":0,"max_hp_loss":0,"event_name":"Vampires","floor":21,"gold_loss":0},{"damage_healed":0,"gold_gain":0,"player_choice":"Shed Blood","damage_taken":27,"max_hp_gain":5,"max_hp_loss":0,"event_name":"Forgotten Altar","floor":22,"gold_loss":0},{"damage_healed":0,"gold_gain":0,"player_choice":"Fought Bandits","damage_taken":0,"max_hp_gain":0,"max_hp_loss":0,"event_name":"Masked Bandits","floor":24,"gold_loss":0},{"damage_healed":0,"gold_gain":0,"player_choice":"Obtained Relic","damage_taken":0,"relics_obtained":["Thread and Needle"],"max_hp_gain":0,"max_hp_loss":0,"event_name":"Addict","floor":25,"gold_loss":85}],"is_beta":false,"boss_relics":[{"not_picked":["Fusion Hammer","SacredBark"],"picked":"Runic Dome"}],"items_purged_floors":[30],"is_endless":false,"potions_floor_spawned":[1,3,5,8,14,16,24,28,29,31],"killed_by":"Collector","ascension_level":20}}