{"host":"gbop6m4qugddaz18","time":1608569711,"event":{"mods":["2.2 Compatiblity","BaseMod","Better Third Choice","Block Reminder","Downfall","GifTheSpireLib","Highlight Path","Minty Spire (QoL Compilation)","Replay The Spire","StSLib"],"gold_per_floor":[116,134,134,23,23,41,41,54,54,67,77,104,122,132,132,237,237,256,256,64,54,54,54],"floor_reached":22,"playtime":1156,"items_purged":[],"score":219,"play_id":"15a2b243-0f0b-41ba-894a-d497b7bc9c84","local_time":"20201221115511","is_ascension_mode":true,"campfire_choices":[{"data":"ReplayReversal","floor":7,"key":"SMITH"},{"floor":15,"key":"REST"}],"circlet_count":0,"master_deck":["Strike_R+1","Strike_R","Strike_R","Strike_R","Defend_R","Defend_R","Defend_R","Defend_R","Bash+1","Wild Strike","ReplayReversal+1","ReplayTheSpireMod:LeadingStrike","ReplayReversal","Power Through","Thunderclap","Twin Strike","Intimidate","Dual Wield","Anger","Corruption","CurseOfTheBell","Armaments","Armaments","Thunderclap+1"],"relics":["Burning Blood","Boot","Snack Pack","Calling Bell","Bag of Marbles","Meat on the Bone","Magic Flower","Replay:Baseball"],"acts_visited":["Exordium","TheCity"],"potions_floor_usage":[10,12,16,16,21],"damage_taken":[{"damage":8,"enemies":"2 Louse","floor":1,"turns":4},{"damage":11,"enemies":"Cultist","floor":2,"turns":4},{"damage":2,"enemies":"Jaw Worm","floor":6,"turns":6},{"damage":19,"enemies":"3 Louse","floor":8,"turns":5},{"damage":13,"enemies":"Exordium Wildlife","floor":10,"turns":3},{"damage":13,"enemies":"Blue Slaver","floor":11,"turns":4},{"damage":35,"enemies":"3 Sentries","floor":12,"turns":9},{"damage":3,"enemies":"2 Fungi Beasts","floor":13,"turns":4},{"damage":5,"enemies":"Red Slaver","floor":14,"turns":3},{"damage":48,"enemies":"Fading Forest","floor":16,"turns":11},{"damage":34,"enemies":"3 Byrds","floor":18,"turns":5},{"damage":34,"enemies":"2 Thieves","floor":21,"turns":4},{"damage":62,"enemies":"Shelled Parasite and Fungi","floor":22,"turns":6}],"seed_played":"5954017531705265487","potions_obtained":[{"floor":6,"key":"AttackPotion"},{"floor":11,"key":"Reflective Coating"},{"floor":12,"key":"FearPotion"},{"floor":14,"key":"champ:CounterPotion"},{"floor":16,"key":"LiquidBronze"}],"is_trial":false,"path_per_floor":["M","M","?","$","?","M","R","M","T","M","M","E","M","M","R","B",null,"M","?","$","M","M"],"character_chosen":"IRONCLAD","items_purchased":["ReplayTheSpireMod:LeadingStrike","ReplayReversal","Replay:Baseball","Armaments"],"campfire_rested":1,"item_purchase_floors":[4,4,20,20],"current_hp_per_floor":[78,73,73,73,73,77,77,64,64,57,50,21,24,27,51,13,80,58,58,58,54,0,0],"gold":54,"neow_bonus":"RANDOM_EVENT","is_daily":false,"chose_seed":false,"campfire_upgraded":1,"win_rate":0.0,"timestamp":1608569711,"path_taken":["M","M","?","$","?","M","R","M","T","M","?","E","M","M","R","BOSS","M","?","$","M","M"],"items_purchased_type":["Card","Card","Relic","Card"],"build_version":"2020-12-13","purchased_purges":0,"victory":false,"max_hp_per_floor":[80,80,80,80,80,80,80,80,80,80,80,80,80,80,80,80,80,80,80,80,80,80,80],"card_choices":[{"not_picked":["Whirlwind","Rage"],"picked":"Wild Strike","floor":1},{"not_picked":["Iron Wave","Headbutt"],"picked":"ReplayReversal","floor":2},{"not_picked":["True Grit","Whirlwind"],"picked":"Power Through","floor":6},{"not_picked":["Dropkick","Life Link"],"picked":"Thunderclap","floor":8},{"not_picked":["Pommel Strike","Rupture"],"picked":"Twin Strike","floor":10},{"not_picked":["Pommel Strike","Perfected Strike"],"picked":"Intimidate","floor":11},{"not_picked":["Life Link","Carnage","Perfected Strike"],"picked":"SKIP","floor":12},{"not_picked":["ReplayTheSpireMod:Limb From Limb","Disarm"],"picked":"Dual Wield","floor":13},{"not_picked":["Demonic Infusion","Wild Strike"],"picked":"Anger","floor":14},{"not_picked":["Eclipse","Double Tap"],"picked":"Corruption","floor":16},{"not_picked":["Battle Trance","ReplayTheSpireMod:LeadingStrike"],"picked":"Armaments","floor":18},{"not_picked":["Headbutt+1","Second Wind"],"picked":"Thunderclap+1","floor":21}],"player_experience":572711,"relics_obtained":[{"floor":9,"key":"Boot"},{"floor":12,"key":"Snack Pack"},{"floor":17,"key":"Bag of Marbles"},{"floor":17,"key":"Meat on the Bone"},{"floor":17,"key":"Magic Flower"}],"event_choices":[{"damage_healed":0,"gold_gain":0,"player_choice":"Grow","damage_taken":0,"max_hp_gain":0,"max_hp_loss":0,"event_name":"Living Wall","floor":0,"gold_loss":0,"cards_upgraded":["Bash"]},{"cards_removed":["Strike_R"],"damage_healed":0,"gold_gain":0,"player_choice":"Purged","damage_taken":0,"max_hp_gain":0,"max_hp_loss":0,"event_name":"Purifier","floor":5,"gold_loss":0}],"is_beta":false,"boss_relics":[{"not_picked":["Mark of Pain","Busted Crown"],"picked":"Calling Bell"}],"items_purged_floors":[],"is_endless":false,"potions_floor_spawned":[6,11,12,14,16],"killed_by":"Shelled Parasite and Fungi","ascension_level":3}}