{"host":"wjjo3y19ggvj12sc","time":1608511677,"event":{"mods":["AchievementEnabler","Ascension Reborn","Ascension Unlocker","Bard","BaseMod","Beaked The Cultist","BetterRewards","Conspire","Downfall","Duelist Mod","GifTheSpireLib","Googly Eyes","Gremlin Mod","Hermit","Hubris","Infinite Spire","Jorbs\u0027s Wanderer Trilogy","Mad Scientist","Marisa????????","Minty Spire (QoL Compilation)","Random Character Button","Random Character Mod","Relic Sorter","Relic Stats","Remilia??????","Replay The Spire","Spicy Shops","StSLib","Td1madao Mod","The Bladedancer","The Bug Knight","The Construct","The Cursed","The Disciple","The Gatherer","The Hierophant","The Mystic","The Necromancer","The Poker Player","The Runesmith","The Servant 0.9.4"],"gold_per_floor":[112,112,128,128,25,25,25,40,40,59,59,94,94,94,94,220,220,239,239,239,18,42,42,42,42,88,88,88,88,104,104,104,230,230,249,272,288,288,288,331,1,1,51,51,74,74,99,114,114,114],"floor_reached":51,"playtime":2943,"items_purged":["Defend_R"],"score":521,"play_id":"01eacc87-426f-49fc-8c90-317acd090f4e","local_time":"20201220194757","is_ascension_mode":false,"campfire_choices":[{"data":"Replay:Dark Deal","floor":6,"key":"SMITH"},{"floor":15,"key":"REST"},{"floor":23,"key":"REST"},{"data":"Berserk","floor":25,"key":"SMITH"},{"floor":29,"key":"REST"},{"floor":32,"key":"REST"},{"data":"Mayhem","floor":42,"key":"SMITH"},{"floor":44,"key":"REST"},{"data":"Sword Boomerang","floor":49,"key":"SMITH"}],"circlet_count":0,"master_deck":["Strike_R","Strike_R","Strike_R","Strike_R","Defend_R","Defend_R","Defend_R","Bash","Replay:Dark Deal+1","Inflame","Replay:Undeath\u0027s Touch","Shrug It Off","Berserk+1","Pommel Strike","Injury","conspire:Charge","Dark Embrace","Evolve","Replay:Dark Deal+1","Thunderclap","Metallicize+1","Headbutt","Burning Pact","Mayhem+1","Sword Boomerang+1"],"relics":["Burning Blood","Smiling Mask","Mummified Hand","Golden Idol","ReplayTheSpireMod:TigerMarble","Runic Cube","Brimstone","hubris:ToyBattleship","construct:ClawGrip","construct:RocketBooster","hubris:ChampionShield","Vajra"],"acts_visited":["Exordium","TheCity","TheBeyond"],"potions_floor_usage":[45],"damage_taken":[{"damage":0,"enemies":"2 Louse","floor":1,"turns":2},{"damage":3,"enemies":"Jaw Worm","floor":3,"turns":3},{"damage":0,"enemies":"Cultist","floor":8,"turns":3},{"damage":6,"enemies":"conspire:2 RoseBushes","floor":10,"turns":3},{"damage":27,"enemies":"Lagavulin","floor":12,"turns":7},{"damage":52,"enemies":"The Guardian","floor":16,"turns":8},{"damage":9,"enemies":"Chosen","floor":18,"turns":4},{"damage":68,"enemies":"3 Byrds","floor":22,"turns":5},{"damage":18,"enemies":"Colosseum Slavers","floor":28,"turns":3},{"damage":24,"enemies":"3 Cultists","floor":30,"turns":4},{"damage":18,"enemies":"Automaton","floor":33,"turns":6},{"damage":12,"enemies":"3 Shapes","floor":35,"turns":3},{"damage":28,"enemies":"3 Darklings","floor":36,"turns":3},{"damage":11,"enemies":"Spire Growth","floor":37,"turns":3},{"damage":29,"enemies":"Reptomancer","floor":40,"turns":3},{"damage":0,"enemies":"Jaw Worm Horde","floor":45,"turns":4},{"damage":11,"enemies":"Sphere and 2 Shapes","floor":47,"turns":4},{"damage":21,"enemies":"Transient","floor":48,"turns":5},{"damage":0,"enemies":"conspire:OrnateMirror","floor":50,"turns":1}],"seed_played":"-4826063126108233639","potions_obtained":[{"floor":7,"key":"Elixir"},{"floor":7,"key":"Flashbang"},{"floor":7,"key":"Explosive Potion"},{"floor":8,"key":"Swift Potion"},{"floor":35,"key":"LifebloodPotion"},{"floor":48,"key":"Fire Potion"}],"is_trial":false,"path_per_floor":["M","?","M","?","$","R","?","M","T","M","?","E","$","?","R","B",null,"M","?","?","$","M","R","?","R","T","AVR","?","R","M","?","R","B",null,"M","M","M","?","?","E","$","R","T","R","M","?","M","M","R","B",null],"character_chosen":"IRONCLAD","items_purchased":["Shrug It Off","Evolve","Brimstone","Mayhem","hubris:ChampionShield"],"campfire_rested":5,"item_purchase_floors":[5,21,21,41,41],"current_hp_per_floor":[62,62,65,47,47,47,47,53,53,53,53,32,32,32,56,10,80,77,77,77,77,15,39,39,39,39,39,27,51,33,33,57,45,80,74,52,47,47,47,24,24,24,24,48,54,54,49,34,34,40],"gold":114,"neow_bonus":"RANDOM_COLORLESS_2","is_daily":false,"chose_seed":false,"campfire_upgraded":4,"win_rate":0.0,"timestamp":1608511677,"path_taken":["M","?","M","?","$","R","?","?","T","M","?","E","$","?","R","BOSS","M","?","?","$","M","R","?","R","T","AVR","?","R","M","?","R","BOSS","M","M","?","?","?","E","$","R","T","R","M","?","M","M","R","BOSS"],"items_purchased_type":["Card","Card","Relic","Card","Relic"],"build_version":"2020-12-13","purchased_purges":1,"victory":true,"max_hp_per_floor":[80,80,80,80,80,80,80,80,80,80,80,80,80,80,80,80,80,80,80,80,80,80,80,80,80,80,80,80,80,80,80,80,80,80,80,80,80,80,80,80,80,80,80,80,80,80,80,80,80,80],"relic_stats":{"counters":[19,74],"Mummified Hand":[49],"Golden Idol":128,"Smiling Mask":25,"obtain_stats":[{"construct:ClawGrip":34,"construct:RocketBooster":40,"Mummified Hand":9,"Golden Idol":11,"Brimstone":21,"Vajra":43,"ReplayTheSpireMod:TigerMarble":12,"hubris:ToyBattleship":26,"hubris:ChampionShield":41,"Smiling Mask":4,"Burning Blood":0,"Runic Cube":17},{"construct:ClawGrip":11,"construct:RocketBooster":15,"Mummified Hand":3,"Golden Idol":4,"Brimstone":7,"Vajra":15,"ReplayTheSpireMod:TigerMarble":5,"hubris:ToyBattleship":8,"hubris:ChampionShield":15,"Smiling Mask":2,"Burning Blood":0,"Runic Cube":6},{"construct:ClawGrip":48,"construct:RocketBooster":60,"Mummified Hand":8,"Golden Idol":11,"Brimstone":30,"Vajra":60,"ReplayTheSpireMod:TigerMarble":18,"hubris:ToyBattleship":35,"hubris:ChampionShield":60,"Smiling Mask":5,"Burning Blood":0,"Runic Cube":26}],"Burning Blood":114,"Runic Cube":[42]},"card_choices":[{"not_picked":["The Bomb","Magnetism"],"picked":"Replay:Dark Deal","floor":0},{"not_picked":["Thunderclap","Battle Trance"],"picked":"Inflame","floor":1},{"not_picked":["Havoc","Clash"],"picked":"Replay:Undeath\u0027s Touch","floor":3},{"not_picked":["Sentinel","Anger"],"picked":"Berserk","floor":8},{"not_picked":["Anger","Reckless Charge"],"picked":"Pommel Strike","floor":10},{"not_picked":["Sword Boomerang","Rage"],"picked":"conspire:Charge","floor":12},{"not_picked":["Pummel","Shockwave"],"picked":"Dark Embrace","floor":18},{"not_picked":["Armaments","ReplayTheSpireMod:Muscle Training","Life Link"],"picked":"SKIP","floor":22},{"not_picked":["Rage+1","Battle Trance","Clash"],"picked":"SKIP","floor":30},{"not_picked":["Power Through+1","Pummel+1"],"picked":"Thunderclap","floor":35},{"not_picked":["Flame Barrier","Pommel Strike"],"picked":"Metallicize+1","floor":36},{"not_picked":["Hemokinesis+1","ReplayReversal"],"picked":"Headbutt","floor":37},{"not_picked":["Clothesline","True Grit"],"picked":"Burning Pact","floor":40},{"not_picked":["Havoc+1","Body Slam","Armaments"],"picked":"SKIP","floor":45},{"not_picked":["Clothesline+1","Pommel Strike","Massacre"],"picked":"SKIP","floor":47},{"not_picked":["Run Through+1","Iron Wave"],"picked":"Sword Boomerang","floor":48}],"player_experience":372024,"relics_obtained":[{"floor":9,"key":"Mummified Hand"},{"floor":12,"key":"ReplayTheSpireMod:TigerMarble"},{"floor":26,"key":"hubris:ToyBattleship"},{"floor":40,"key":"construct:RocketBooster"},{"floor":43,"key":"Vajra"}],"event_choices":[{"damage_healed":0,"gold_gain":0,"player_choice":"Success","damage_taken":18,"relics_obtained":["Smiling Mask"],"max_hp_gain":0,"max_hp_loss":0,"event_name":"Scrap Ooze","floor":4,"gold_loss":0},{"damage_healed":0,"gold_gain":0,"player_choice":"Got Potions","damage_taken":0,"max_hp_gain":0,"max_hp_loss":0,"event_name":"Lab","floor":7,"gold_loss":0},{"damage_healed":0,"gold_gain":0,"player_choice":"Take Wound","damage_taken":0,"relics_obtained":["Golden Idol"],"max_hp_gain":0,"max_hp_loss":0,"event_name":"Golden Idol","floor":11,"gold_loss":0,"cards_obtained":["Injury"]},{"damage_healed":0,"gold_gain":0,"player_choice":"Ignored","damage_taken":0,"max_hp_gain":0,"max_hp_loss":0,"event_name":"Shining Light","floor":14,"gold_loss":0},{"damage_healed":0,"gold_gain":0,"player_choice":"Ignored","damage_taken":0,"max_hp_gain":0,"max_hp_loss":0,"event_name":"Vampires","floor":19,"gold_loss":0},{"damage_healed":0,"gold_gain":0,"player_choice":"Fight","damage_taken":0,"max_hp_gain":0,"max_hp_loss":0,"event_name":"Colosseum","floor":28,"gold_loss":0},{"damage_healed":0,"gold_gain":0,"player_choice":"Fled From Nobs","damage_taken":0,"max_hp_gain":0,"max_hp_loss":0,"event_name":"Colosseum","floor":28,"gold_loss":0},{"damage_healed":0,"gold_gain":0,"player_choice":"Copied","damage_taken":0,"max_hp_gain":0,"max_hp_loss":0,"event_name":"Duplicator","floor":31,"gold_loss":0,"cards_obtained":["Replay:Dark Deal"]},{"damage_healed":0,"gold_gain":0,"player_choice":"Ignored","damage_taken":0,"max_hp_gain":0,"max_hp_loss":0,"event_name":"Mysterious Sphere","floor":38,"gold_loss":0},{"cards_removed":["Strike_R"],"damage_healed":0,"gold_gain":0,"player_choice":"Removed Attack","damage_taken":0,"max_hp_gain":0,"max_hp_loss":0,"event_name":"Falling","floor":39,"gold_loss":0}],"is_beta":false,"boss_relics":[{"not_picked":["Tiny House","ReplayTheSpireMod:DimensionalGlitch"],"picked":"Runic Cube"},{"not_picked":["Replay:Bronze Core","infinitespire:Burning Sword"],"picked":"construct:ClawGrip"}],"items_purged_floors":[5],"is_endless":false,"potions_floor_spawned":[8,10,12,18,30,35,37,40,48],"ascension_level":0}}