{"host":"sa7ebub27cgn5wai","time":1608534113,"event":{"mods":["BaseMod","Colored Map","Minty Spire (QoL Compilation)","SuperFastMode"],"gold_per_floor":[110,123,136,156,156,156,156,2,2,20,20,35,35,45,45,140,140,140,140,140,140,140,140,140,140,140,140,140,140,140,140,140],"floor_reached":31,"playtime":1401,"items_purged":[],"score":278,"play_id":"04108801-a16c-4b95-a0b4-d1248c2c2a7b","local_time":"20201221160153","is_ascension_mode":false,"campfire_choices":[{"data":"ConjureBlade","floor":6,"key":"SMITH"},{"data":"Prostrate","floor":11,"key":"SMITH"},{"data":"Prostrate","floor":13,"key":"SMITH"},{"data":"Prostrate","floor":15,"key":"SMITH"},{"floor":23,"key":"REST"},{"floor":25,"key":"REST"},{"floor":29,"key":"REST"}],"circlet_count":0,"master_deck":["Strike_P","Strike_P","Strike_P","Strike_P","Defend_P+1","Defend_P","Defend_P","Defend_P","Eruption+1","Vigilance","ConjureBlade+1","FollowUp","Evaluate","Consecrate","Prostrate+1","Study","ThirdEye","Prostrate+1","Consecrate","Prostrate+1","Evaluate","EmptyMind","Prostrate","Sanctity+1","Prostrate+1","Brilliance"],"relics":["PureWater","Ice Cream","Orrery","FossilizedHelix","Ectoplasm","Blue Candle","Darkstone Periapt"],"acts_visited":["Exordium","TheCity"],"potions_floor_usage":[14,16,16,16,21,30,30,31],"damage_taken":[{"damage":0,"enemies":"2 Louse","floor":1,"turns":4},{"damage":5,"enemies":"Jaw Worm","floor":2,"turns":4},{"damage":1,"enemies":"Cultist","floor":3,"turns":4},{"damage":4,"enemies":"Lots of Slimes","floor":4,"turns":6},{"damage":3,"enemies":"Blue Slaver","floor":10,"turns":4},{"damage":0,"enemies":"2 Fungi Beasts","floor":12,"turns":2},{"damage":0,"enemies":"Red Slaver","floor":14,"turns":3},{"damage":16,"enemies":"Hexaghost","floor":16,"turns":11},{"damage":10,"enemies":"3 Byrds","floor":18,"turns":5},{"damage":0,"enemies":"Shell Parasite","floor":19,"turns":4},{"damage":10,"enemies":"Centurion and Healer","floor":20,"turns":7},{"damage":21,"enemies":"3 Cultists","floor":21,"turns":7},{"damage":2,"enemies":"Snecko","floor":24,"turns":4},{"damage":21,"enemies":"Snake Plant","floor":27,"turns":4},{"damage":4,"enemies":"Centurion and Healer","floor":28,"turns":4},{"damage":42,"enemies":"Slavers","floor":30,"turns":7},{"damage":31,"enemies":"Chosen and Byrds","floor":31,"turns":8}],"seed_played":"-8384524759418244914","potions_obtained":[{"floor":1,"key":"PowerPotion"},{"floor":10,"key":"LiquidBronze"},{"floor":12,"key":"EssenceOfSteel"},{"floor":14,"key":"Strength Potion"},{"floor":16,"key":"Dexterity Potion"},{"floor":18,"key":"Explosive Potion"},{"floor":24,"key":"BottledMiracle"},{"floor":27,"key":"Block Potion"},{"floor":30,"key":"FearPotion"}],"is_trial":false,"path_per_floor":["M","M","M","M","?","R","?","$","T","M","R","M","R","M","R","B",null,"M","M","M","M","?","R","M","R","T","M","M","R","E","M"],"character_chosen":"WATCHER","items_purchased":["Orrery"],"campfire_rested":3,"item_purchase_floors":[8],"current_hp_per_floor":[72,67,66,62,48,48,41,41,41,38,38,38,38,38,38,22,72,62,62,52,31,31,52,50,71,71,50,46,67,25,0,0],"gold":140,"neow_bonus":"ONE_RANDOM_RARE_CARD","is_daily":false,"chose_seed":false,"campfire_upgraded":4,"win_rate":0.0,"timestamp":1608534113,"path_taken":["M","M","M","M","?","R","?","?","T","M","R","M","R","?","R","BOSS","M","M","M","M","?","R","M","R","T","M","M","R","E","M"],"items_purchased_type":["Relic"],"build_version":"2020-12-13","purchased_purges":0,"victory":false,"max_hp_per_floor":[72,72,72,72,72,72,72,72,72,72,72,72,72,72,72,72,72,72,72,72,72,72,72,72,72,72,72,72,72,72,72,72],"card_choices":[{"not_picked":["Tantrum","DeceiveReality","EmptyFist"],"picked":"SKIP","floor":1},{"not_picked":["BowlingBash","CutThroughFate"],"picked":"FollowUp","floor":2},{"not_picked":["FlyingSleeves","ThirdEye"],"picked":"Evaluate","floor":3},{"not_picked":["Vengeance","WindmillStrike"],"picked":"Consecrate","floor":4},{"not_picked":["Indignation","Brilliance"],"picked":"Prostrate","floor":8},{"not_picked":["ThirdEye","CarveReality"],"picked":"Study","floor":8},{"not_picked":["ConjureBlade","Halt"],"picked":"ThirdEye","floor":8},{"not_picked":["PathToVictory","Protect"],"picked":"Prostrate","floor":10},{"not_picked":["ReachHeaven","Collect"],"picked":"Consecrate","floor":12},{"not_picked":["EmptyBody","CrushJoints"],"picked":"Prostrate","floor":14},{"not_picked":["SashWhip+1","CrushJoints"],"picked":"Evaluate","floor":18},{"not_picked":["Consecrate+1","EmptyBody","FlyingSleeves"],"picked":"SKIP","floor":19},{"not_picked":["PathToVictory","FollowUp"],"picked":"EmptyMind","floor":20},{"not_picked":["FlurryOfBlows","ReachHeaven"],"picked":"Prostrate","floor":21},{"not_picked":["Establishment","SashWhip"],"picked":"Sanctity+1","floor":24},{"not_picked":["CutThroughFate","Crescendo+1"],"picked":"Prostrate+1","floor":27},{"not_picked":["WindmillStrike+1","EmptyFist+1","Judgement"],"picked":"SKIP","floor":28},{"not_picked":["BattleHymn+1","Pray"],"picked":"Brilliance","floor":30}],"player_experience":240737,"relics_obtained":[{"floor":9,"key":"FossilizedHelix"},{"floor":26,"key":"Blue Candle"},{"floor":30,"key":"Darkstone Periapt"}],"event_choices":[{"damage_healed":0,"gold_gain":0,"player_choice":"Entered Light","damage_taken":14,"max_hp_gain":0,"max_hp_loss":0,"event_name":"Shining Light","floor":5,"gold_loss":0,"cards_upgraded":["Eruption","Defend_P"]},{"damage_healed":0,"gold_gain":0,"player_choice":"Success","damage_taken":7,"relics_obtained":["Ice Cream"],"max_hp_gain":0,"max_hp_loss":0,"event_name":"Scrap Ooze","floor":7,"gold_loss":0},{"damage_healed":0,"gold_gain":0,"player_choice":"Ignored","damage_taken":0,"max_hp_gain":0,"max_hp_loss":0,"event_name":"NoteForYourself","floor":22,"gold_loss":0}],"is_beta":false,"boss_relics":[{"not_picked":["Busted Crown","SacredBark"],"picked":"Ectoplasm"}],"items_purged_floors":[],"is_endless":false,"potions_floor_spawned":[1,10,12,14,16,18,24,27,30],"killed_by":"Chosen and Byrds","ascension_level":0}}