{"host":"uwh382mre4waz4ff","time":1608526057,"event":{"mods":["AchievementEnabler","BaseMod","Better Note","Better Third Choice","BetterRewards","Highlight Path","HololiveMod","Minty Spire (QoL Compilation)","Shop Mod","StSLib"],"gold_per_floor":[95,113,134,0,0,42,69,112,139,159,159,184,184,224,224,329,329,367,402,434,462,486,532,532,556,556,588,650,650,669,720,720,833,833,852,887,921,964,1001,1009,1009],"floor_reached":40,"playtime":2398,"items_purged":["Hololive_Strike"],"score":1670,"play_id":"550913d0-18b7-4c8b-88ef-79a129669f7e","local_time":"20201221124737","is_ascension_mode":true,"campfire_choices":[{"data":"Enlightenment","floor":11,"key":"SMITH"},{"data":"Enlightenment","floor":13,"key":"SMITH"},{"data":"Hololive_CallOzoraSubaru","floor":15,"key":"SMITH"},{"data":"Hololive_CallHoshimachiSuisei","floor":24,"key":"SMITH"},{"data":"Hololive_CallUsadaPekora","floor":29,"key":"SMITH"},{"data":"Hololive_MaximGun","floor":32,"key":"SMITH"}],"circlet_count":0,"master_deck":["AscendersBane","Hololive_Defend+1","Hololive_Defend+1","Hololive_Psychosis","Hololive_CallTokinoSora","Hololive_CallSpadeEcho","Hololive_CallTsunomakiWatame","Hololive_CallSakuraMiko","Hololive_Breathe","Hololive_CallNakiriAyame","Enlightenment+1","Hololive_DevilCharm","Hololive_Psychosis","Hololive_CallShishiroBotan","Hololive_CallOzoraSubaru+1","Hololive_StrengthChampion","Hololive_CallYozoraMel","Enlightenment+1","Regret","Hololive_CallShirakamiFubuki","Hololive_CallMomosuzuNene+17","Hololive_CocoNews","Hololive_ILoveYou","Hololive_MaximGun+1","Hololive_CallSakuraMiko","Hololive_CallUsadaPekora+1","Hololive_CallFriendA","Hololive_Nanodesu","Hololive_CallHoshimachiSuisei+1","Hololive_CallYukihanaLamy","Hololive_CallArtia","Hololive_CallMoonaHoshinova+1","Hololive_CallShiranuiFlare+1","Hololive_OvertimeWork+1","Hololive_DDD","Hololive_CallAyundaRisu+1","Hololive_CallCivia+1","Hololive_CallHoshimachiSuisei","Parasite","Hololive_CallAiraniIofifteen"],"relics":["Hololive_TheStar","Bloody Idol","MerchantsRug","Orichalcum","Bronze Scales","Juzu Bracelet","Bottled Lightning","Sozu","Red Mask","Anchor","Tiny Chest","Meat on the Bone","Philosopher\u0027s Stone"],"acts_visited":["Exordium","TheCity","TheBeyond"],"potions_floor_usage":[14,40],"damage_taken":[{"damage":0,"enemies":"2 Louse","floor":1,"turns":3},{"damage":0,"enemies":"Jaw Worm","floor":2,"turns":3},{"damage":0,"enemies":"Cultist","floor":3,"turns":3},{"damage":0,"enemies":"Gremlin Nob","floor":6,"turns":4},{"damage":0,"enemies":"Lagavulin","floor":8,"turns":4},{"damage":0,"enemies":"2 Fungi Beasts","floor":10,"turns":3},{"damage":0,"enemies":"Blue Slaver","floor":12,"turns":3},{"damage":0,"enemies":"3 Sentries","floor":14,"turns":4},{"damage":0,"enemies":"Slime Boss","floor":16,"turns":5},{"damage":0,"enemies":"Spheric Guardian","floor":18,"turns":3},{"damage":0,"enemies":"Chosen","floor":19,"turns":4},{"damage":1,"enemies":"Snake Plant","floor":20,"turns":3},{"damage":0,"enemies":"Masked Bandits","floor":21,"turns":4},{"damage":0,"enemies":"Snecko","floor":22,"turns":4},{"damage":0,"enemies":"Slavers","floor":23,"turns":4},{"damage":0,"enemies":"Cultist and Chosen","floor":25,"turns":4},{"damage":0,"enemies":"Shelled Parasite and Fungi","floor":27,"turns":4},{"damage":0,"enemies":"Book of Stabbing","floor":28,"turns":4},{"damage":0,"enemies":"3 Cultists","floor":30,"turns":3},{"damage":0,"enemies":"Chosen and Byrds","floor":31,"turns":4},{"damage":0,"enemies":"Collector","floor":33,"turns":6},{"damage":17,"enemies":"3 Shapes","floor":35,"turns":3},{"damage":0,"enemies":"3 Darklings","floor":36,"turns":4},{"damage":16,"enemies":"Jaw Worm Horde","floor":37,"turns":6},{"damage":0,"enemies":"Transient","floor":38,"turns":6},{"damage":0,"enemies":"Writhing Mass","floor":39,"turns":4},{"damage":56,"enemies":"Reptomancer","floor":40,"turns":3}],"seed_played":"-5995285179274756584","potions_obtained":[{"floor":1,"key":"Explosive Potion"},{"floor":10,"key":"LiquidMemories"},{"floor":12,"key":"DistilledChaos"}],"is_trial":false,"path_per_floor":["M","M","M","?","?","E","$","E","T","M","R","M","R","E","R","B",null,"M","M","M","?","M","E","R","M","T","M","E","R","M","M","R","B",null,"M","M","M","M","M","E"],"character_chosen":"Hololive_HololiveCharacter","items_purchased":["MerchantsRug","Hololive_CallShishiroBotan"],"campfire_rested":0,"item_purchase_floors":[0,0],"current_hp_per_floor":[30,30,30,36,36,36,36,36,36,36,36,36,36,36,36,36,36,36,36,36,36,36,36,36,36,36,36,36,36,36,36,36,36,36,24,36,29,36,36,0,0],"gold":1009,"neow_bonus":"","is_daily":false,"chose_seed":false,"campfire_upgraded":6,"win_rate":0.0,"timestamp":1608526057,"path_taken":["M","M","M","?","?","E","?","E","T","M","R","M","R","E","R","BOSS","M","M","M","?","M","E","R","M","T","M","E","R","M","M","R","BOSS","M","M","M","M","M","E"],"items_purchased_type":["Relic","Card"],"build_version":"2020-12-13","purchased_purges":1,"victory":false,"max_hp_per_floor":[30,30,30,36,36,36,36,36,36,36,36,36,36,36,36,36,36,36,36,36,36,36,36,36,36,36,36,36,36,36,36,36,36,36,36,36,36,36,36,36,36],"card_choices":[{"not_picked":["Hololive_Breathe","Hololive_Sequa","Hololive_Watashimo"],"picked":"Hololive_CallOzoraSubaru","floor":1},{"not_picked":["Hololive_OvertimeWork","Hololive_Rebound","Hololive_Breathe"],"picked":"Hololive_StrengthChampion","floor":2},{"not_picked":["Hololive_FlyingPonyTail","Hololive_CocoNews","Hololive_OvertimeWork"],"picked":"Hololive_CallYozoraMel","floor":3},{"not_picked":["Hololive_CallOzoraSubaru","Hololive_ScarfAndHalo","Hololive_CallMomosuzuNene"],"picked":"Hololive_CallShirakamiFubuki","floor":6},{"not_picked":["Hololive_LuckPotion","Hololive_Sequa","Hololive_OvertimeWork","Hololive_Rebound"],"picked":"SKIP","floor":8},{"not_picked":["Hololive_Psychosis","Hololive_DiamondStrike","Hololive_Rebound"],"picked":"Hololive_CallMomosuzuNene","floor":10},{"not_picked":["Hololive_RevenueBasedLive","Hololive_CallMomosuzuNene","Hololive_LuckPotion"],"picked":"Hololive_CocoNews","floor":12},{"not_picked":["Hololive_RevenueBasedLive","Hololive_Sequa","Hololive_FlyingPonyTail"],"picked":"Hololive_ILoveYou","floor":14},{"not_picked":["Hololive_HighAtkLowDef","Hololive_OpenUp","Hololive_ScarfAndHalo"],"picked":"Hololive_MaximGun","floor":16},{"not_picked":["Hololive_Breathe","Hololive_RevenueBasedLive+1","Hololive_Drill"],"picked":"Hololive_CallSakuraMiko","floor":18},{"not_picked":["Hololive_LuckPotion","Hololive_Rebound+1","Hololive_OvertimeWork"],"picked":"Hololive_CallUsadaPekora","floor":19},{"not_picked":["Hololive_Sequa","Hololive_CallTokinoSora","Hololive_FlyingPonyTail"],"picked":"Hololive_CallFriendA","floor":20},{"not_picked":["Hololive_StrengthChampion","Hololive_OvertimeWork","Hololive_Rebound"],"picked":"Hololive_Nanodesu","floor":22},{"not_picked":["Hololive_Rebirth","Hololive_Recruit","Hololive_CallTokoyamiTowa+1"],"picked":"Hololive_CallHoshimachiSuisei","floor":23},{"not_picked":["Hololive_Rebound","Hololive_StrengthChampion","Hololive_Trident"],"picked":"Hololive_CallYukihanaLamy","floor":25},{"not_picked":["Hololive_Trident","Hololive_HuntDinosaur+1","Hololive_Rebound"],"picked":"Hololive_CallArtia","floor":27},{"not_picked":["Hololive_AWSL","Hololive_Rebound+1","Hololive_RevenueBasedLive"],"picked":"Hololive_CallMoonaHoshinova+1","floor":28},{"not_picked":["Hololive_CallKiryuuCoco","Hololive_FlyingPonyTail","Hololive_LuckPotion"],"picked":"Hololive_CallShiranuiFlare+1","floor":30},{"not_picked":["Hololive_Breathe","Hololive_HuntDinosaur","Hololive_Psychosis"],"picked":"Hololive_OvertimeWork+1","floor":31},{"not_picked":["Hololive_StarCraft","Hololive_MaximGun","Hololive_DiamondStrike"],"picked":"Hololive_DDD","floor":33},{"not_picked":["Hololive_RevenueBasedLive+1","Hololive_CallMoonaHoshinova+1","Hololive_OvertimeWork"],"picked":"Hololive_CallAyundaRisu+1","floor":35},{"not_picked":["Hololive_FlyingPonyTail","Hololive_ILoveYou","Hololive_OvertimeWork","Hololive_Breathe"],"picked":"SKIP","floor":36},{"not_picked":["Hololive_Psychosis","Hololive_CallShishiroBotan+1","Hololive_StrengthChampion"],"picked":"Hololive_CallCivia+1","floor":37},{"not_picked":["Hololive_CallTsunomakiWatame","Hololive_Sequa","Hololive_Breathe"],"picked":"Hololive_CallHoshimachiSuisei","floor":38},{"not_picked":["Hololive_FlyingPonyTail+1","Hololive_RevenueBasedLive","Hololive_HuntDinosaur"],"picked":"Hololive_CallAiraniIofifteen","floor":39}],"player_experience":158144,"relics_obtained":[{"floor":6,"key":"Bronze Scales"},{"floor":8,"key":"Juzu Bracelet"},{"floor":14,"key":"Bottled Lightning"},{"floor":21,"key":"Red Mask"},{"floor":23,"key":"Anchor"},{"floor":26,"key":"Tiny Chest"},{"floor":28,"key":"Meat on the Bone"}],"event_choices":[{"damage_healed":0,"gold_gain":0,"player_choice":"RENOUNCE","damage_taken":134,"max_hp_gain":0,"max_hp_loss":0,"event_name":"betterThird:BetterSerpent","floor":4,"gold_loss":134,"cards_obtained":["Enlightenment"]},{"damage_healed":0,"gold_gain":0,"player_choice":"Box","damage_taken":0,"relics_obtained":["Orichalcum"],"max_hp_gain":0,"max_hp_loss":0,"event_name":"Big Fish","floor":5,"gold_loss":0,"cards_obtained":["Regret"]},{"damage_healed":0,"gold_gain":0,"player_choice":"Fought Bandits","damage_taken":0,"max_hp_gain":0,"max_hp_loss":0,"event_name":"Masked Bandits","floor":21,"gold_loss":0}],"is_beta":false,"boss_relics":[{"not_picked":["Velvet Choker","SlaversCollar"],"picked":"Sozu"},{"not_picked":["Fusion Hammer","Black Star"],"picked":"Philosopher\u0027s Stone"}],"items_purged_floors":[0],"is_endless":false,"potions_floor_spawned":[1,10,12,18,22,25,28,30,33,38],"killed_by":"Reptomancer","ascension_level":19}}