{"host":"rvgqag7mtxu5qaaz","time":1608585570,"event":{"mods":["AchievementEnabler","BaseMod","Downfall","Hermit","Hubris","Minty Spire (QoL Compilation)","Replay The Spire","StSLib","SuperFastMode","The Animator","The Construct","The Cursed","The Disciple","The Necromancer"],"gold_per_floor":[116,116,144,156,173,173,173],"floor_reached":6,"playtime":1850,"items_purged":[],"score":38,"play_id":"2f88d8e8-252d-4652-baa3-1db9c6dfda37","local_time":"20201221161930","is_ascension_mode":false,"campfire_choices":[],"circlet_count":0,"master_deck":["animator:Strike_Konosuba","animator:Defend_Konosuba","animator:Strike","animator:Strike","animator:Strike","animator:Defend","animator:Defend","animator:Defend","animator:Kazuma","animator:Aqua","animator:IrohaTamaki","animator:Gilgamesh","animator:ElricAlphonse","animator:DolaStephanie","animator:Kuroyukihime","animator:Jibril","animator:EmiyaShirou","animator:Illya"],"relics":["animator:LivingPicture","animator:TheMissingPiece","animator:PurgingStone"],"acts_visited":["Exordium"],"potions_floor_usage":[6],"damage_taken":[{"damage":4.0,"enemies":"Jaw Worm","floor":1.0,"turns":6.0},{"damage":4,"enemies":"Cultist","floor":3,"turns":5},{"damage":1,"enemies":"2 Louse","floor":4,"turns":3},{"damage":8,"enemies":"Blue Slaver","floor":5,"turns":7},{"damage":45,"enemies":"3 Sentries","floor":6,"turns":8}],"seed_played":"4752387459154777124","potions_obtained":[{"floor":1.0,"key":"LiquidMemories"},{"floor":3,"key":"AttackPotion"},{"floor":4,"key":"SmokeBomb"}],"is_trial":false,"path_per_floor":["M","?","M","M","M","E"],"character_chosen":"THE_ANIMATOR","items_purchased":[],"campfire_rested":0,"item_purchase_floors":[],"current_hp_per_floor":[70,70,68,69,63,20,20],"gold":173,"neow_bonus":"TEN_PERCENT_HP_BONUS","is_daily":false,"chose_seed":false,"campfire_upgraded":0,"win_rate":0.0,"timestamp":1608585570,"path_taken":["M","?","?","M","M","E"],"items_purchased_type":[],"build_version":"2020-12-13","purchased_purges":0,"victory":false,"max_hp_per_floor":[72,72,72,72,72,72,72],"card_choices":[{"not_picked":["animator:Vesta","animator:Vanir"],"picked":"animator:IrohaTamaki","floor":1.0},{"not_picked":["animator:Demiurge","animator:AcuraAkari"],"picked":"animator:Jibril","floor":3},{"not_picked":["animator:Berserker","animator:Melzalgald"],"picked":"animator:EmiyaShirou","floor":4},{"not_picked":["animator:Assassin","animator:EmiyaShirou"],"picked":"animator:Illya","floor":5}],"player_experience":287161,"relics_obtained":[],"event_choices":[{"damage_healed":0,"gold_gain":0,"player_choice":"4 cards matched","damage_taken":0,"max_hp_gain":0,"max_hp_loss":0,"event_name":"Match and Keep!","floor":2,"gold_loss":0,"cards_obtained":["animator:Gilgamesh","animator:ElricAlphonse","animator:DolaStephanie","animator:Kuroyukihime"]}],"is_beta":false,"boss_relics":[],"items_purged_floors":[],"is_endless":false,"potions_floor_spawned":[1,3,4],"killed_by":"3 Sentries","ascension_level":0}}