{"host":"6pgtslebjnyv5xmi","time":1608562609,"event":{"mods":["AchievementEnabler","BaseMod","Colored Map","Minty Spire (QoL Compilation)","Rare Cards Sparkle","SuperFastMode","everything is the same but u backflip on backflip"],"gold_per_floor":[113,129,142,158,175,175,175,175,475,487,498,532,532,607,607,702,702,721,731,264,278,278,278,307,307,307,340,340,351,351,351,351,449,449,462,462,473,473,217,217,92,104,104,104,154,0,0,20,20,20,20],"floor_reached":50,"playtime":2746,"items_purged":["Strike_G","Strike_G","Strike_G"],"score":691,"play_id":"dee6f4a9-0008-477d-8a31-a62bd7a757fc","local_time":"20201221235649","is_ascension_mode":true,"campfire_choices":[{"data":"1","floor":6.0,"key":"LIFT"},{"data":"2","floor":8.0,"key":"LIFT"},{"floor":15.0,"key":"REST"},{"data":"3","floor":23.0,"key":"LIFT"},{"data":"Infinite Blades","floor":25.0,"key":"SMITH"},{"data":"Envenom","floor":28.0,"key":"SMITH"},{"floor":32.0,"key":"REST"},{"data":"Blade Dance","floor":40.0,"key":"SMITH"},{"floor":44,"key":"RECALL"},{"data":"Accuracy","floor":49,"key":"SMITH"}],"circlet_count":0,"master_deck":["Defend_G","Defend_G","Defend_G","Defend_G","Defend_G","Survivor","Neutralize","Accuracy+1","Endless Agony","Blade Dance","Blade Dance+1","Phantasmal Killer+1","After Image+1","Infinite Blades+1","Blur","Accuracy","Panache","Blur","Envenom+1","PiercingWail","Finisher+1","Pain","Injury"],"relics":["Ring of the Snake","Girya","FaceOfCleric","Old Coin","Incense Burner","Empty Cage","Nunchaku","Gambling Chip","Singing Bowl","Ornamental Fan","MealTicket","Cursed Key","Medical Kit","Gremlin Horn","Turnip","Red Mask"],"acts_visited":["Exordium","TheCity","TheBeyond"],"potions_floor_usage":[42,50,50],"damage_taken":[{"damage":0.0,"enemies":"Small Slimes","floor":1.0,"turns":4.0},{"damage":0.0,"enemies":"Cultist","floor":2.0,"turns":3.0},{"damage":0.0,"enemies":"2 Louse","floor":3.0,"turns":4.0},{"damage":12.0,"enemies":"Blue Slaver","floor":4.0,"turns":8.0},{"damage":11.0,"enemies":"Large Slime","floor":5.0,"turns":8.0},{"damage":0.0,"enemies":"Red Slaver","floor":10.0,"turns":3.0},{"damage":18.0,"enemies":"Exordium Thugs","floor":11.0,"turns":4.0},{"damage":12.0,"enemies":"Lagavulin","floor":12.0,"turns":3.0},{"damage":0.0,"enemies":"Slime Boss","floor":16.0,"turns":5.0},{"damage":0.0,"enemies":"Shell Parasite","floor":18.0,"turns":3.0},{"damage":14.0,"enemies":"Spheric Guardian","floor":19.0,"turns":4.0},{"damage":18.0,"enemies":"Snake Plant","floor":21.0,"turns":2.0},{"damage":0.0,"enemies":"Gremlin Leader","floor":24.0,"turns":5.0},{"damage":33.0,"enemies":"Book of Stabbing","floor":27.0,"turns":5.0},{"damage":0.0,"enemies":"3 Cultists","floor":29.0,"turns":4.0},{"damage":4.0,"enemies":"Automaton","floor":33.0,"turns":5.0},{"damage":3.0,"enemies":"3 Darklings","floor":35.0,"turns":3.0},{"damage":0.0,"enemies":"Orb Walker","floor":37.0,"turns":3.0},{"damage":0.0,"enemies":"Jaw Worm Horde","floor":38.0,"turns":1.0},{"damage":0,"enemies":"Sphere and 2 Shapes","floor":42,"turns":4},{"damage":10,"enemies":"Mind Bloom Boss Battle","floor":45,"turns":5},{"damage":0,"enemies":"Writhing Mass","floor":48,"turns":2},{"damage":94,"enemies":"Time Eater","floor":50,"turns":12}],"seed_played":"4429568229331837293","potions_obtained":[{"floor":1.0,"key":"Regen Potion"},{"floor":4.0,"key":"Swift Potion"},{"floor":11.0,"key":"Fruit Juice"},{"floor":16.0,"key":"LiquidBronze"},{"floor":21.0,"key":"Regen Potion"},{"floor":22.0,"key":"BlessingOfTheForge"},{"floor":29.0,"key":"SmokeBomb"},{"floor":33.0,"key":"SpeedPotion"},{"floor":35.0,"key":"LiquidBronze"},{"floor":45,"key":"Swift Potion"},{"floor":48,"key":"Weak Potion"}],"is_trial":false,"path_per_floor":["M","M","M","M","M","R","?","R","T","M","M","E","?","?","R","B",null,"M","M","$","M","?","R","E","R","T","E","R","M","T","?","R","B",null,"M","?","M","M","$","R","$","M","T","R","?","?","T","M","R","B"],"character_chosen":"THE_SILENT","items_purchased":["Nunchaku","Accuracy","Panache","Medical Kit"],"campfire_rested":2,"item_purchase_floors":[20,20,20,39],"current_hp_per_floor":[63,63,63,51,40,40,40,40,40,41,36,25,25,14,33,34,67,73,60,60,43,43,43,58,58,58,26,26,29,29,29,53,52,83,81,81,82,83,86,86,86,89,89,89,82,82,82,85,85,0,0],"gold":20,"neow_bonus":"ONE_RARE_RELIC","is_daily":false,"chose_seed":false,"campfire_upgraded":4,"win_rate":0.0,"timestamp":1608562609,"path_taken":["M","M","M","M","M","R","?","R","T","?","M","E","?","?","R","BOSS","M","M","$","M","?","R","E","R","T","E","R","?","?","?","R","BOSS","M","?","?","?","$","R","$","M","T","R","?","?","?","?","R","BOSS"],"items_purchased_type":["Relic","Card","Card","Relic"],"build_version":"2020-12-13","purchased_purges":3,"victory":false,"max_hp_per_floor":[63,63,63,63,63,63,63,63,63,64,65,66,66,66,66,67,67,73,74,74,75,75,75,76,76,76,77,77,80,80,80,80,83,83,84,84,85,86,86,86,86,89,89,89,92,92,92,95,95,95,95],"card_choices":[{"not_picked":["Dagger Spray","Cloak And Dagger"],"picked":"Accuracy","floor":1.0},{"not_picked":["Endless Agony","Poisoned Stab","Flying Knee"],"picked":"SKIP","floor":2.0},{"not_picked":["Flying Knee","Sucker Punch","Acrobatics"],"picked":"SKIP","floor":3.0},{"not_picked":["Underhanded Strike","Deadly Poison"],"picked":"Endless Agony","floor":4.0},{"not_picked":["Escape Plan","Backflip","Prepared"],"picked":"SKIP","floor":5.0},{"not_picked":["Dodge and Roll","Prepared"],"picked":"Blade Dance","floor":10.0},{"not_picked":["Sucker Punch","Poisoned Stab"],"picked":"Blade Dance","floor":11.0},{"not_picked":["Dagger Throw","Bane"],"picked":"Phantasmal Killer","floor":12.0},{"not_picked":["Malaise","A Thousand Cuts"],"picked":"After Image","floor":16.0},{"not_picked":["Backflip","Riddle With Holes"],"picked":"Infinite Blades","floor":18.0},{"not_picked":["Outmaneuver","Deflect"],"picked":"Blur","floor":19.0},{"not_picked":["Flechettes","Backflip","Deadly Poison"],"picked":"SKIP","floor":21.0},{"not_picked":["Reflex","Deadly Poison+1"],"picked":"Blur","floor":24.0},{"not_picked":["Setup","Well Laid Plans"],"picked":"Envenom","floor":27.0},{"not_picked":["Sucker Punch","Quick Slash","Bane"],"picked":"Singing Bowl","floor":29.0},{"not_picked":["Storm of Steel","Phantasmal Killer","Tools of the Trade"],"picked":"Singing Bowl","floor":33.0},{"not_picked":["Noxious Fumes","All Out Attack+1"],"picked":"PiercingWail","floor":35.0},{"not_picked":["Endless Agony","Deflect"],"picked":"Finisher+1","floor":37.0},{"not_picked":["Deadly Poison+1","Dagger Throw+1","Poisoned Stab+1"],"picked":"Singing Bowl","floor":42},{"not_picked":["PiercingWail","Outmaneuver","Deflect+1"],"picked":"Singing Bowl","floor":45},{"not_picked":["Caltrops","Flying Knee+1","Bane"],"picked":"Singing Bowl","floor":48}],"player_experience":338571,"relics_obtained":[{"floor":9.0,"key":"Old Coin"},{"floor":12.0,"key":"Incense Burner"},{"floor":26.0,"key":"Gambling Chip"},{"floor":27.0,"key":"Singing Bowl"},{"floor":30.0,"key":"Ornamental Fan"},{"floor":43,"key":"Gremlin Horn"},{"floor":45,"key":"Turnip"}],"event_choices":[{"damage_healed":0.0,"max_hp_gain":0.0,"max_hp_loss":0.0,"gold_gain":0.0,"event_name":"FaceTrader","player_choice":"Trade","floor":7.0,"gold_loss":0.0,"damage_taken":0.0,"relics_obtained":["FaceOfCleric"]},{"damage_healed":0.0,"max_hp_gain":0.0,"max_hp_loss":0.0,"gold_gain":0.0,"event_name":"Living Wall","player_choice":"Grow","floor":13.0,"gold_loss":0.0,"damage_taken":0.0,"cards_upgraded":["Phantasmal Killer"]},{"damage_healed":0.0,"max_hp_gain":0.0,"max_hp_loss":0.0,"gold_gain":75.0,"event_name":"World of Goop","player_choice":"Gather Gold","floor":14.0,"gold_loss":0.0,"damage_taken":11.0},{"damage_healed":0.0,"max_hp_gain":0.0,"max_hp_loss":0.0,"gold_gain":0.0,"event_name":"Lab","player_choice":"Got Potions","floor":22.0,"gold_loss":0.0,"damage_taken":0.0},{"damage_healed":0.0,"max_hp_gain":0.0,"max_hp_loss":0.0,"gold_gain":0.0,"event_name":"The Mausoleum","player_choice":"Opened","floor":31.0,"gold_loss":0.0,"damage_taken":0.0,"relics_obtained":["MealTicket"]},{"damage_healed":0.0,"max_hp_gain":0.0,"max_hp_loss":0.0,"gold_gain":0.0,"event_name":"Accursed Blacksmith","player_choice":"Forge","floor":36.0,"gold_loss":0.0,"damage_taken":0.0,"cards_upgraded":["After Image"]},{"damage_healed":0,"gold_gain":0,"player_choice":"Fight","damage_taken":0,"max_hp_gain":0,"max_hp_loss":0,"event_name":"MindBloom","floor":45,"gold_loss":0},{"damage_healed":0,"gold_gain":0,"player_choice":"Paid","damage_taken":0,"relics_obtained":["Red Mask"],"max_hp_gain":0,"max_hp_loss":0,"event_name":"Tomb of Lord Red Mask","floor":46,"gold_loss":154}],"is_beta":false,"boss_relics":[{"not_picked":["Runic Pyramid","Black Star"],"picked":"Empty Cage"},{"not_picked":["Snecko Eye","HoveringKite"],"picked":"Cursed Key"}],"items_purged_floors":[20,39,41],"is_endless":false,"potions_floor_spawned":[1,4,11,16,21,29,33,35,45,48],"killed_by":"Time Eater","ascension_level":3}}