{"host":"812oq20xb22d9b8c","time":1608531721,"event":{"mods":["AchievementEnabler","Aspiration","BaseMod","Better Altar","Better Match","Better Note","Better Sensory Stone","Better Skull","Better Third Choice","Colored Map","Conspire","Downfall","GifTheSpireLib","Halation","Highlight Path","Hubris","Infinite Spire","Mimic Mod","Minty Spire (QoL Compilation)","Permanent Neow","Shop Mod","Spicy Shops","StSLib","Stuff the Spire","The Jungle","Unceasing Turn Reminder","everything is the same but u backflip on backflip"],"gold_per_floor":[99,49,49,83,124,134,134],"floor_reached":6,"playtime":345,"items_purged":[],"score":159,"play_id":"1a6a1793-4b24-487c-b9bf-b48109f5b6ad","local_time":"20201221172201","is_ascension_mode":false,"campfire_choices":[{"floor":1,"key":"RECALL"},{"data":"sneckomod:MorePower","floor":3,"key":"SMITH"}],"circlet_count":0,"master_deck":["sneckomod:Strike","sneckomod:Strike","sneckomod:Strike","sneckomod:Defend","sneckomod:Defend","sneckomod:Defend","sneckomod:TailWhip","sneckomod:SnekBite","sneckomod:Unknown","sneckomod:Unknown","hubris:Greed","sneckomod:MorePower+1","conspire:SpireCoStock","hubris:Greed","hubris:Greed","sneckomod:UnknownDexterity+1","hubris:Greed","hubris:Greed","hubris:Greed","sneckomod:UnknownRareAttack+1","sneckomod:UnknownClassGUARDIAN","hubris:Greed","hubris:Greed","hubris:Greed","hubris:Greed"],"relics":["sneckomod:SneckoSoul"],"acts_visited":["Exordium"],"potions_floor_usage":[],"damage_taken":[{"damage":19,"enemies":"Small Slimes","floor":4,"turns":5},{"damage":2,"enemies":"2 Louse","floor":5,"turns":3},{"damage":0,"enemies":"Lagavulin","floor":6,"turns":3}],"seed_played":"-2636462910554327709","potions_obtained":[],"is_trial":false,"path_per_floor":["R","?","R","M","M","E"],"character_chosen":"THE_SNECKO","items_purchased":[],"campfire_rested":0,"item_purchase_floors":[],"current_hp_per_floor":[90,90,90,75,75,75,75],"gold":134,"neow_bonus":"THREE_RARE_CARDS","is_daily":false,"chose_seed":false,"campfire_upgraded":1,"win_rate":0.0,"timestamp":1608531721,"path_taken":["R","?","R","M","M","E"],"items_purchased_type":[],"build_version":"2020-12-13","purchased_purges":0,"victory":false,"max_hp_per_floor":[90,90,90,91,93,93,93],"card_choices":[{"not_picked":["sneckomod:Mudshield","sneckomod:Unknown3Cost"],"picked":"sneckomod:MorePower","floor":0},{"not_picked":["sneckomod:UnknownX+1","sneckomod:UnknownStrike+1"],"picked":"sneckomod:UnknownDexterity+1","floor":4},{"not_picked":["sneckomod:UnknownBlock","sneckomod:DiceBlock","sneckomod:DiceBoulder"],"picked":"SKIP","floor":4},{"not_picked":["sneckomod:Unknown3Cost+1","sneckomod:UnknownClassPURPLE+1"],"picked":"sneckomod:UnknownRareAttack+1","floor":5},{"not_picked":["sneckomod:QuickBite","sneckomod:SoulDraw"],"picked":"sneckomod:UnknownClassGUARDIAN","floor":5}],"player_experience":47155,"relics_obtained":[],"event_choices":[{"damage_healed":0,"gold_gain":0,"player_choice":"Invest 1","damage_taken":0,"max_hp_gain":0,"max_hp_loss":0,"event_name":"conspire:Investor","floor":2,"gold_loss":0}],"is_beta":false,"boss_relics":[],"items_purged_floors":[],"is_endless":false,"potions_floor_spawned":[],"killed_by":"Lagavulin","ascension_level":0}}