{"host":"fdq5pmhluajjrf8d","time":1608572951,"event":{"mods":["BaseMod","Minty Spire (QoL Compilation)"],"gold_per_floor":[109,109,89,103,119,119,119,119,119,144,160,175,175,201,201,273,273,284,199,121,134,59,59,70,70,117,132,132,143,143,59,59,59,59],"floor_reached":33,"playtime":1164,"items_purged":[],"score":478,"play_id":"9a96375c-b9d8-4235-81fc-b5aae7cba78f","local_time":"20201221124911","is_ascension_mode":true,"campfire_choices":[{"data":"Loop","floor":6,"key":"SMITH"},{"data":"Zap","floor":8,"key":"SMITH"},{"data":"White Noise","floor":15,"key":"SMITH"},{"floor":23,"key":"REST"},{"floor":25,"key":"REST"},{"floor":28,"key":"REST"},{"floor":30,"key":"REST"},{"data":"Redo","floor":32,"key":"SMITH"}],"circlet_count":0,"master_deck":["AscendersBane","Strike_B","Strike_B","Strike_B","Defend_B","Defend_B","Defend_B","Defend_B","Zap+1","Dualcast","Doom and Gloom+1","Undo","Loop+1","Hologram","White Noise+1","Seek","Consume","Darkness+1","Redo+1","Reinforced Body"],"relics":["Cracked Core","Lantern","Lizard Tail","Mercury Hourglass","Odd Mushroom","Inserter","StoneCalendar","Omamori"],"acts_visited":["Exordium","TheCity"],"potions_floor_usage":[12,29,33,33],"damage_taken":[{"damage":5,"enemies":"Small Slimes","floor":1,"turns":3},{"damage":1,"enemies":"Cultist","floor":4,"turns":3},{"damage":4,"enemies":"Jaw Worm","floor":5,"turns":3},{"damage":20,"enemies":"Lagavulin","floor":10,"turns":4},{"damage":6,"enemies":"Exordium Thugs","floor":11,"turns":3},{"damage":0,"enemies":"Looter","floor":12,"turns":2},{"damage":0,"enemies":"The Mushroom Lair","floor":14,"turns":2},{"damage":34,"enemies":"The Guardian","floor":16,"turns":9},{"damage":20,"enemies":"Spheric Guardian","floor":18,"turns":3},{"damage":23,"enemies":"2 Thieves","floor":21,"turns":3},{"damage":26,"enemies":"3 Cultists","floor":24,"turns":4},{"damage":35,"enemies":"Cultist and Chosen","floor":27,"turns":5},{"damage":44,"enemies":"Centurion and Healer","floor":29,"turns":5},{"damage":67,"enemies":"Automaton","floor":33,"turns":6}],"seed_played":"-2341172677078878319","potions_obtained":[{"floor":3,"key":"Dexterity Potion"},{"floor":4,"key":"BlessingOfTheForge"},{"floor":14,"key":"SmokeBomb"},{"floor":16,"key":"LiquidBronze"},{"floor":29,"key":"SneckoOil"}],"is_trial":false,"path_per_floor":["M","?","?","M","M","R","T","R","T","E","M","M","?","?","R","B",null,"M","?","$","M","?","R","M","R","T","M","R","M","R","$","R","B"],"character_chosen":"DEFECT","items_purchased":["Consume","Reinforced Body"],"campfire_rested":4,"item_purchase_floors":[20,31],"current_hp_per_floor":[66,66,66,65,61,61,61,61,61,41,35,35,61,61,61,27,65,45,45,45,22,22,45,19,42,42,7,30,27,50,50,50,0,0],"gold":59,"neow_bonus":"TEN_PERCENT_HP_BONUS","is_daily":false,"chose_seed":false,"campfire_upgraded":4,"win_rate":0.0,"timestamp":1608572951,"path_taken":["M","?","?","M","?","R","?","R","T","E","?","M","?","?","R","BOSS","M","?","$","M","?","R","M","R","T","M","R","M","R","?","R","BOSS"],"items_purchased_type":["Card","Card"],"build_version":"2020-12-13","purchased_purges":0,"victory":false,"max_hp_per_floor":[78,78,78,78,78,78,78,78,78,78,78,78,78,78,78,78,78,78,78,78,78,78,78,78,78,78,78,78,78,78,78,78,78,78],"card_choices":[{"not_picked":["Hologram","Steam"],"picked":"Doom and Gloom","floor":1},{"not_picked":["Melter","Rebound"],"picked":"Undo","floor":4},{"not_picked":["Steam","Streamline"],"picked":"Loop","floor":5},{"not_picked":["Ball Lightning","Cold Snap"],"picked":"Hologram","floor":10},{"not_picked":["Go for the Eyes","Sweeping Beam","Heatsinks"],"picked":"SKIP","floor":11},{"not_picked":["Hologram","Steam Power","Sweeping Beam"],"picked":"SKIP","floor":12},{"not_picked":["Aggregate","Undo"],"picked":"White Noise","floor":14},{"not_picked":["Buffer","All For One"],"picked":"Seek","floor":16},{"not_picked":["Turbo","Streamline","Rebound"],"picked":"SKIP","floor":18},{"not_picked":["Beam Cell","Sweeping Beam"],"picked":"Darkness+1","floor":21},{"not_picked":["Hologram","Sweeping Beam","Blizzard"],"picked":"SKIP","floor":24},{"not_picked":["Rebound","Barrage"],"picked":"Redo","floor":27},{"not_picked":["Doom and Gloom","Go for the Eyes","Hologram"],"picked":"SKIP","floor":29}],"player_experience":1887695,"relics_obtained":[{"floor":7,"key":"Lantern"},{"floor":9,"key":"Lizard Tail"},{"floor":10,"key":"Mercury Hourglass"},{"floor":14,"key":"Odd Mushroom"},{"floor":26,"key":"Omamori"}],"event_choices":[{"damage_healed":0,"gold_gain":0,"player_choice":"Grow","damage_taken":0,"max_hp_gain":0,"max_hp_loss":0,"event_name":"Living Wall","floor":2,"gold_loss":0,"cards_upgraded":["Doom and Gloom"]},{"damage_healed":0,"gold_gain":0,"player_choice":"Bought 1 Potion","damage_taken":0,"max_hp_gain":0,"max_hp_loss":0,"event_name":"The Woman in Blue","floor":3,"gold_loss":0},{"damage_healed":26,"gold_gain":0,"player_choice":"Banana","damage_taken":0,"max_hp_gain":0,"max_hp_loss":0,"event_name":"Big Fish","floor":13,"gold_loss":0},{"damage_healed":0,"gold_gain":0,"player_choice":"Fought Mushrooms","damage_taken":0,"max_hp_gain":0,"max_hp_loss":0,"event_name":"Mushrooms","floor":14,"gold_loss":0},{"damage_healed":0,"gold_gain":0,"player_choice":"Obtained Relic","damage_taken":0,"relics_obtained":["StoneCalendar"],"max_hp_gain":0,"max_hp_loss":0,"event_name":"Addict","floor":19,"gold_loss":85},{"cards_removed":["Strike_B"],"damage_healed":0,"gold_gain":0,"player_choice":"Gave Gold","damage_taken":0,"max_hp_gain":0,"max_hp_loss":0,"event_name":"Beggar","floor":22,"gold_loss":75}],"is_beta":false,"boss_relics":[{"not_picked":["Fusion Hammer","Astrolabe"],"picked":"Inserter"}],"items_purged_floors":[],"is_endless":false,"potions_floor_spawned":[4,14,16,24,29],"killed_by":"Automaton","ascension_level":19}}