{"host":"6to0pdz5g3mubtyg","time":1608551283,"event":{"mods":["Act Like it!","Aspiration","BaseMod","BetterRewards","Colored Map","Energized Spire","Hallownest","Highlight Path","Infinite Spire","Jorbs\u0027s Wanderer Trilogy","Minty Spire (QoL Compilation)","Shade Mod","StSLib","The Animator","The Blue Laboratory","The Bug Knight"],"gold_per_floor":[117,117,67,80,355,395,4,45,45,45,45],"floor_reached":10,"playtime":451,"items_purged":["Regret"],"score":109,"play_id":"5d5213f2-542a-4080-893e-ae718886cc61","local_time":"20201221044803","is_ascension_mode":true,"campfire_choices":[],"circlet_count":0,"master_deck":["animator:Strike_TenSura","animator:Defend_TenSura","animator:Strike","animator:Defend","animator:Defend","animator:Defend","animator:Benimaru","animator:Shuna","animator:Sonic","animator:Nanami","animator:Souei","animator:Benimaru","animator:WinryRockbell+1"],"relics":["animator:LivingPicture","animator:TheMissingPiece","animator:PurgingStone","NeowsBlessing","Frozen Egg 2","aspiration:Nostalgia","stsjorbsmod:BookOfTrialsRelic","Omamori","Bag of Marbles","Mummified Hand"],"acts_visited":["Exordium"],"potions_floor_usage":[10,10],"damage_taken":[{"damage":0,"enemies":"Small Slimes","floor":1,"turns":1},{"damage":0,"enemies":"Jaw Worm","floor":4,"turns":1},{"damage":0,"enemies":"3 Sentries","floor":6,"turns":2},{"damage":50,"enemies":"Gremlin Nob","floor":8,"turns":5},{"damage":16,"enemies":"Lagavulin","floor":10,"turns":5}],"seed_played":"-5969451249912793008","potions_obtained":[{"floor":1,"key":"blueLaboratory:EnragingPotion"},{"floor":4,"key":"blueLaboratory:RememoryPotion"}],"is_trial":false,"path_per_floor":["M","?","?","M","?","E","$","E","T","E"],"character_chosen":"THE_ANIMATOR","items_purchased":["animator:Benimaru","aspiration:Nostalgia","Omamori"],"campfire_rested":0,"item_purchase_floors":[7,7,7],"current_hp_per_floor":[66,66,66,66,66,66,66,16,16,0,0],"gold":45,"neow_bonus":"THREE_ENEMY_KILL","is_daily":false,"chose_seed":false,"campfire_upgraded":0,"win_rate":0.0,"timestamp":1608551283,"path_taken":["M","?","?","?","?","E","$","E","T","E"],"items_purchased_type":["Card","Relic","Relic"],"build_version":"2020-12-13","purchased_purges":1,"victory":false,"max_hp_per_floor":[66,66,66,66,66,66,66,66,66,66,66],"card_choices":[{"not_picked":["animator:Yoichi","animator:MaesHughes"],"picked":"animator:Sonic","floor":1},{"not_picked":["animator:Rena","animator:GoblinSlayer"],"picked":"animator:Nanami","floor":4},{"not_picked":["animator:Ara","animator:Raven"],"picked":"animator:Souei","floor":6},{"not_picked":["animator:ElricEdward","animator:Gluttony"],"picked":"animator:WinryRockbell+1","floor":8}],"player_experience":201399,"relics_obtained":[{"floor":6,"key":"Frozen Egg 2"},{"floor":8,"key":"Bag of Marbles"},{"floor":9,"key":"Mummified Hand"}],"event_choices":[{"cards_removed":["animator:Strike"],"damage_healed":0,"gold_gain":0,"player_choice":"Card Removal","damage_taken":0,"max_hp_gain":0,"max_hp_loss":0,"event_name":"The Cleric","floor":3,"gold_loss":50},{"damage_healed":0,"gold_gain":275,"player_choice":"Desecrate","damage_taken":0,"max_hp_gain":0,"max_hp_loss":0,"event_name":"Golden Shrine","floor":5,"gold_loss":0,"cards_obtained":["Regret"]}],"is_beta":false,"boss_relics":[],"items_purged_floors":[7],"is_endless":false,"potions_floor_spawned":[1,4],"killed_by":"Lagavulin","ascension_level":2}}