{"host":"k2x36244ucab5lxq","time":1608574326,"event":{"mods":["2.2 Compatiblity","AchievementEnabler","Act Like it!","Aspiration","BaseMod","Beaked The Cultist","Bestiary","Better Altar","Better Match","Better Note","Better Sensory Stone","Better Skull","Better Third Choice","Better Vampires","BetterRewards","Block Reminder","CatGirl Mod","Clawfect","Clockwork Mod","Colored Map","Conspire","Curses Come First","Downfall","Energized Spire","Gensokyo","GungeonMod","Halation","Hermit","Hubris","Infinite Spire","Jedi Mod","JesterMod","Jorbs\u0027s Wanderer Trilogy","Marisa????????","Marked Mod","Mimic Mod","Minty Spire (QoL Compilation)","Pale of the Ancients","Random Character Button","Rare Cards Sparkle","Relic Sorter","Relic Stats","Replay The Spire","SCP261 Mod","Shop Mod","StSLib","The Administrix","The Alterego","The Blackbeard","The Bladedancer","The Construct","The Cursed","The Disciple","The Judge","The Necromancer","The Problem Sleuth","The Sage","The Servant 0.9.4","The Showman","Transform Curses","Unceasing Turn Reminder","Virulent Crown","egg","everything is the same but u backflip on backflip","slay the spire mod where everything is the same but ironclad has a cowboy hat","thorton"],"gold_per_floor":[99,148,177,217,248,290,338,412,337,380,411,492,492,121,148,154,154,154],"floor_reached":16,"playtime":1120,"items_purged":["champ:Defend"],"score":165,"play_id":"3f8b1652-90e7-4a0d-8d07-fcc00985d527","local_time":"20201221131206","is_ascension_mode":true,"campfire_choices":[{"data":"champ:Taunt","floor":1,"key":"SMITH"},{"floor":9,"key":"REST"}],"circlet_count":0,"master_deck":["champ:Strike","champ:Strike","champ:Strike","champ:Strike","champ:Defend","champ:Defend","champ:Defend","champ:Execute","champ:Taunt+1","champ:FlashCut","champ:Backstep","Pot Of Greed","Pot Of Greed","champ:Circumvent","champ:HoldFirm","champ:DancingMaster","champ:AdrenalArmor","champ:EnchantCrown","champ:FanOfKnives","champ:DefensiveStyle","champ:TornadoPunch","champ:StanceDance","champ:AdrenalArmor","champ:Backstep","champ:BerserkersShout","Pot Of Greed","champ:GladiatorStyle","champ:StanceDance"],"relics":["champ:ChampionCrown","Replay:Bandana","conspire:Boomerang","Grinning Jar","hubris:MobiusCoin","downfall:HeartBlessingBlue","conspire:GiftBox","ReplayFunnel"],"acts_visited":["Exordium"],"potions_floor_usage":[10,16],"damage_taken":[{"damage":35,"enemies":"Replay:BlueRogue","floor":2,"turns":8},{"damage":18,"enemies":"conspire:RoseBush","floor":3,"turns":4},{"damage":31,"enemies":"3 Sentries","floor":4,"turns":9},{"damage":5,"enemies":"Small Slimes","floor":5,"turns":3},{"damage":27,"enemies":"Lagavulin","floor":6,"turns":9},{"damage":0,"enemies":"Jaw Worm","floor":8,"turns":4},{"damage":26,"enemies":"3 Sentries","floor":10,"turns":10},{"damage":19,"enemies":"2 Fungi Beasts","floor":11,"turns":3},{"damage":16,"enemies":"Large Slime","floor":12,"turns":4},{"damage":5,"enemies":"downfall:FleeingMerchant","floor":14,"turns":4},{"damage":21,"enemies":"Red Slaver","floor":15,"turns":5},{"damage":37,"enemies":"downfall:Ironclad","floor":16,"turns":3}],"seed_played":"1388333958177729009","potions_obtained":[{"floor":6,"key":"SCP261:GirlTearsPotion"},{"floor":8,"key":"sneckomod:MuddlingPotion"},{"floor":10,"key":"SteroidPotion"},{"floor":11,"key":"SpeedPotion"},{"floor":12,"key":"Adrenaline Potion"}],"is_trial":false,"path_per_floor":["R","E","M","E","M","E","T","M","R","E","M","M","?","$","M","B"],"character_chosen":"THE_CHAMP","items_purchased":["ReplayFunnel","champ:Backstep","champ:BerserkersShout","champ:GladiatorStyle"],"campfire_rested":1,"item_purchase_floors":[14,14,14,14],"current_hp_per_floor":[90,72,64,43,43,26,26,26,66,54,38,37,37,37,31,0,0,0],"gold":154,"neow_bonus":"RANDOM_COMMON_RELIC","is_daily":false,"chose_seed":false,"campfire_upgraded":1,"win_rate":0.0,"timestamp":1608574326,"path_taken":["R","E","M","E","M","E","T","M","R","E","M","M","?","$","M","BOSS"],"items_purchased_type":["Relic","Card","Card","Card"],"build_version":"2020-12-13","purchased_purges":1,"victory":false,"max_hp_per_floor":[90,90,90,90,90,90,90,90,100,100,100,100,100,100,100,100,100,100],"relic_stats":{"counters":[12,66],"obtain_stats":[{"ReplayFunnel":14,"hubris:MobiusCoin":6,"Replay:Bandana":0,"conspire:GiftBox":10,"downfall:HeartBlessingBlue":9,"champ:ChampionCrown":0,"DemoMod:GlassGuonStoneRelic":5,"conspire:Boomerang":2,"Grinning Jar":4},{"ReplayFunnel":10,"hubris:MobiusCoin":5,"Replay:Bandana":0,"conspire:GiftBox":7,"downfall:HeartBlessingBlue":6,"champ:ChampionCrown":0,"DemoMod:GlassGuonStoneRelic":4,"conspire:Boomerang":1,"Grinning Jar":3},{"ReplayFunnel":58,"hubris:MobiusCoin":33,"Replay:Bandana":0,"conspire:GiftBox":47,"downfall:HeartBlessingBlue":37,"champ:ChampionCrown":0,"DemoMod:GlassGuonStoneRelic":24,"conspire:Boomerang":8,"Grinning Jar":21}]},"card_choices":[{"not_picked":["champ:Backstep","champ:ShieldWall"],"picked":"champ:FlashCut","floor":2},{"not_picked":["champ:Encircle","champ:Circumvent"],"picked":"champ:Backstep","floor":3},{"not_picked":["champ:GutPunch","champ:CalledShot"],"picked":"champ:Circumvent","floor":4},{"not_picked":["champ:GutPunch","champ:PerfectedStrike"],"picked":"champ:HoldFirm","floor":5},{"not_picked":["champ:TornadoPunch","champ:Encircle"],"picked":"champ:DancingMaster","floor":6},{"not_picked":["champ:Encircle","champ:ArenaPreparation"],"picked":"champ:AdrenalArmor","floor":8},{"not_picked":["champ:SteelEdge","champ:CheapShot"],"picked":"champ:EnchantCrown","floor":10},{"not_picked":["champ:PerfectedStrike","champ:FlashCut"],"picked":"champ:FanOfKnives","floor":10},{"not_picked":["champ:EnchantCrown","champ:BerserkersShout"],"picked":"champ:DefensiveStyle","floor":11},{"not_picked":["champ:DefensiveStyle","champ:ShieldSigil"],"picked":"champ:TornadoPunch","floor":12},{"not_picked":["champ:PerfectedStrike","champ:RageSigil"],"picked":"champ:AdrenalArmor","floor":14},{"not_picked":["champ:BringItOn","champ:BerserkersShout"],"picked":"champ:StanceDance","floor":15}],"player_experience":556896,"relics_obtained":[{"floor":2,"key":"conspire:Boomerang"},{"floor":4,"key":"Grinning Jar"},{"floor":6,"key":"hubris:MobiusCoin"},{"floor":10,"key":"conspire:GiftBox"}],"event_choices":[],"is_beta":false,"boss_relics":[],"items_purged_floors":[14],"is_endless":false,"potions_floor_spawned":[6,8,10,11,12],"killed_by":"downfall:Ironclad","ascension_level":5}}