{"host":"zm2copjc1o2b6hjv","time":1608586253,"event":{"mods":["AchievementEnabler","BaseMod","Conspire","Downfall","Friendly Minions","Infinite Spire","Minty Spire (QoL Compilation)","Replay The Spire","StSLib"],"gold_per_floor":[99,199,199,124,151,151,232,257,53,53,53,69,169,81,96,192,192,192,192,210,222,242,272,272,272,272,197,213,238,248,262,280,381,381,381,391,404,404,404,404,404],"floor_reached":39,"playtime":2194,"items_purged":[],"score":528,"play_id":"f05d1f46-217a-4652-9b0e-7b1aa3e1ef0b","local_time":"20201221163053","is_ascension_mode":true,"campfire_choices":[{"floor":1,"key":"RECALL"},{"data":"Slimebound:Split","floor":4,"key":"SMITH"},{"data":"Replay:Dark Deal","floor":10,"key":"SMITH"},{"data":"Slimebound:PrepareCrush","floor":18,"key":"SMITH"},{"data":"Slimebound:LeadByExample","floor":27,"key":"SMITH"},{"floor":35,"key":"DIG"},{"data":"Slimebound:Recycling","floor":38,"key":"SMITH"}],"circlet_count":0,"master_deck":["conspire:GhostlyStrike","conspire:GhostlyStrike","conspire:GhostlyDefend","conspire:GhostlyDefend","conspire:GhostlyDefend","conspire:GhostlyDefend","Slimebound:Split+1","Slimebound:LeechLife","Slimebound:Repurpose","Slimebound:LeechLife","Slimebound:FirmFortitude","Replay:Dark Deal+1","Slimebound:MassRepurpose+1","ReplayTheSpireMod:Trickstab","Slimebound:LeadByExample","Slimebound:LeadByExample+1","Slimebound:PrepareCrush+1","Slimebound:OozeBath","Slimebound:GoopSpray+1","Slimebound:TagTeam","Slimebound:SplitBruiser+1","Slimebound:OozeBath","Slimebound:SplitLeeching","Slimebound:Recycling+1","Slimebound:RejuvenatingLick+1","Slimebound:Teamwork","Slimebound:Darklings"],"relics":["Slimebound:AbsorbEndCombat","downfall:HeartBlessingRed","infinitespire:CursedDice","Quantum Egg","conspire:TopHat","SacredBark","Nloth\u0027s Gift","Simple Rune","Replay:Bottled Flurry","Pocketwatch","downfall:HeartBlessingGreen","Orichalcum","Painkiller Herb","Question Card"],"acts_visited":["Exordium","TheCity","TheBeyond"],"potions_floor_usage":[9,20,32,37,39],"damage_taken":[{"damage":0,"enemies":"Gremlin Nob","floor":5,"turns":1},{"damage":0,"enemies":"Jaw Worm","floor":6,"turns":1},{"damage":0,"enemies":"Lagavulin","floor":8,"turns":1},{"damage":23,"enemies":"downfall:FleeingMerchant","floor":9,"turns":4},{"damage":8,"enemies":"2 Louse","floor":12,"turns":3},{"damage":43,"enemies":"downfall:Heads","floor":13,"turns":5},{"damage":4,"enemies":"downfall:FleeingMerchant","floor":14,"turns":4},{"damage":2,"enemies":"Small Slimes","floor":15,"turns":2},{"damage":47,"enemies":"downfall:Watcher","floor":16,"turns":7},{"damage":28,"enemies":"3 Byrds","floor":20,"turns":4},{"damage":11,"enemies":"conspire:HollyBat","floor":21,"turns":7},{"damage":28,"enemies":"Snake Plant","floor":22,"turns":3},{"damage":15,"enemies":"Replay:Snechameleon","floor":23,"turns":4},{"damage":57,"enemies":"Cultist and Chosen","floor":28,"turns":5},{"damage":52,"enemies":"Sentry and Sphere","floor":30,"turns":6},{"damage":15,"enemies":"Snecko","floor":31,"turns":4},{"damage":34,"enemies":"Snake Plant","floor":32,"turns":4},{"damage":18,"enemies":"downfall:Defect","floor":33,"turns":7},{"damage":21,"enemies":"3 Shapes","floor":36,"turns":4},{"damage":25,"enemies":"3 Darklings","floor":37,"turns":4},{"damage":47,"enemies":"Nemesis","floor":39,"turns":3}],"seed_played":"6125979130430075863","potions_obtained":[{"floor":5,"key":"Reflective Coating"},{"floor":16,"key":"Explosive Potion"},{"floor":20,"key":"Venom Potion"},{"floor":30,"key":"champ:CounterPotion"},{"floor":31,"key":"Dexterity Potion"},{"floor":33,"key":"Explosive Potion"}],"is_trial":false,"path_per_floor":["R","?","?","R","E","M","T","E","$","R","?","M","?","$","M","B",null,"R","?","M","M","M","E","T","?","AVR","R","M","T","M","M","M","B",null,"T","?","?","T","E"],"character_chosen":"SLIMEBOUND","items_purchased":["Replay:Dark Deal","Slimebound:LeadByExample"],"campfire_rested":0,"item_purchase_floors":[9,14],"current_hp_per_floor":[60,60,60,60,60,60,60,60,58,58,58,60,44,56,54,17,60,60,60,53,59,54,57,57,57,57,57,44,44,20,45,60,60,60,60,60,60,60,17,17,17],"gold":404,"neow_bonus":"THREE_ENEMY_KILL","is_daily":false,"chose_seed":false,"campfire_upgraded":5,"win_rate":0.0,"timestamp":1608586253,"path_taken":["R","?","?","R","E","M","T","E","$","R","?","M","?","$","M","BOSS","R","?","M","M","?","E","T","?","AVR","R","M","?","M","M","M","BOSS","T","?","?","T","E"],"items_purchased_type":["Card","Card"],"build_version":"2020-12-13","purchased_purges":0,"victory":false,"max_hp_per_floor":[60,60,60,60,60,60,60,60,60,60,60,60,60,60,60,60,60,60,60,60,60,60,60,60,60,60,60,60,60,60,60,60,60,60,60,60,60,60,60,60,60],"card_choices":[{"not_picked":["Slimebound:HungryTackle","Slimebound:Equalize"],"picked":"Slimebound:LeechLife","floor":5},{"not_picked":["Slimebound:LeechEnergy","Slimebound:TongueLash"],"picked":"Slimebound:Repurpose","floor":6},{"not_picked":["Slimebound:SamplingLick","Slimebound:SplitAcid"],"picked":"Slimebound:LeechLife","floor":8},{"not_picked":["Slimebound:SplitMire","Slimebound:Schlurp"],"picked":"Slimebound:FirmFortitude","floor":9},{"not_picked":["Slimebound:HungryTackle","Slimebound:LeechingTouch"],"picked":"Slimebound:MassRepurpose","floor":12},{"not_picked":["Slimebound:ServeAndProtect","Slimebound:DivideAndConquer"],"picked":"Slimebound:LeadByExample","floor":14},{"not_picked":["Slimebound:Schlurp","Slimebound:FinishingTackle"],"picked":"Slimebound:PrepareCrush","floor":15},{"not_picked":["Slimebound:MassRepurpose","Slimebound:DouseInSlime"],"picked":"Slimebound:OozeBath","floor":16},{"not_picked":["Slimebound:ServeAndProtect","Slimebound:SplitMire"],"picked":"Slimebound:GoopSpray+1","floor":20},{"not_picked":["Slimebound:GrowthPunch+1","Slimebound:SamplingLick"],"picked":"Slimebound:TagTeam","floor":21},{"not_picked":["Slimebound:GoopSpray","Slimebound:LeechEnergy+1"],"picked":"Slimebound:SplitBruiser+1","floor":22},{"not_picked":["Slimebound:SplitSpecialist","Slimebound:FlameTackle+1"],"picked":"Slimebound:OozeBath","floor":23},{"not_picked":["Slimebound:LeechEnergy","Slimebound:SamplingLick","Slimebound:ServeAndProtect"],"picked":"SKIP","floor":28},{"not_picked":["Slimebound:ViciousTackle","Slimebound:SamplingLick+1"],"picked":"Slimebound:SplitLeeching","floor":30},{"not_picked":["Slimebound:Grow","Slimebound:AcidTongue"],"picked":"Slimebound:Recycling","floor":31},{"not_picked":["Slimebound:SplitBruiser","Slimebound:GrowthPunch"],"picked":"Slimebound:RejuvenatingLick+1","floor":32},{"not_picked":["Slimebound:RallyTheTroops","Slimebound:SelfFormingGoo"],"picked":"Slimebound:Teamwork","floor":33},{"not_picked":["Slimebound:Schlurp","Slimebound:GrowthPunch","Slimebound:HauntingLick+1"],"picked":"Slimebound:Darklings","floor":36},{"not_picked":["Slimebound:GoopSpray","Slimebound:Chomp","Slimebound:ServeAndProtect+1","Slimebound:HauntingLick+1"],"picked":"SKIP","floor":37}],"player_experience":176765,"relics_obtained":[{"floor":5,"key":"infinitespire:CursedDice"},{"floor":7,"key":"Quantum Egg"},{"floor":8,"key":"conspire:TopHat"},{"floor":23,"key":"Simple Rune"},{"floor":24,"key":"Replay:Bottled Flurry"},{"floor":29,"key":"Orichalcum"},{"floor":35,"key":"Question Card"}],"event_choices":[{"damage_healed":0,"gold_gain":0,"player_choice":"Agree","damage_taken":0,"max_hp_gain":0,"max_hp_loss":0,"event_name":"conspire:LoneGhost","floor":3,"gold_loss":0},{"cards_removed":["Slimebound:Tackle"],"damage_healed":0,"gold_gain":0,"player_choice":"Card Removal","damage_taken":0,"max_hp_gain":0,"max_hp_loss":0,"event_name":"The Cleric","floor":11,"gold_loss":0}],"is_beta":false,"boss_relics":[{"not_picked":["conspire:RunicOctahedron","infinitespire:Cupcake"],"picked":"SacredBark"},{"not_picked":["Honey Jar","Pandora\u0027s Box"],"picked":"Painkiller Herb"}],"items_purged_floors":[],"is_endless":false,"potions_floor_spawned":[5,16,20,30,31,33],"killed_by":"Nemesis","ascension_level":2}}