{"host":"0ueeacaatm8t6jyh","time":1608571937,"event":{"mods":["AchievementEnabler","BaseMod","Colored Powertips","Minty Spire (QoL Compilation)","Quick Restart","Rare Cards Sparkle","Shop Mod","StSLib"],"gold_per_floor":[117,117,117,130,144,170,182,182,182,196,196,74,74,74,74,176,176,194,194,293,313,67,67,67],"floor_reached":23,"playtime":729,"items_purged":["Strike_B"],"score":255,"play_id":"6b59b49e-a73b-4a96-9e06-f88c74c0b93e","local_time":"20201222013217","is_ascension_mode":true,"campfire_choices":[{"floor":8.0,"key":"REST"},{"data":"Sunder","floor":11.0,"key":"SMITH"},{"floor":15.0,"key":"REST"}],"circlet_count":0,"master_deck":["Strike_B","Defend_B","Defend_B","Defend_B+1","Defend_B","Zap+1","Dualcast","Sunder+1","Redo","Heatsinks","Core Surge","White Noise","Hologram+1","Fission+1","Ball Lightning","Chaos+1","Fission+1","Skim+1","Leap+1"],"relics":["Cracked Core","NeowsBlessing","Vajra","Toxic Egg 2","Black Star","DollysMirror"],"acts_visited":["Exordium","TheCity"],"potions_floor_usage":[23,23],"damage_taken":[{"damage":0.0,"enemies":"Cultist","floor":1.0,"turns":1.0},{"damage":0.0,"enemies":"Small Slimes","floor":4.0,"turns":1.0},{"damage":0.0,"enemies":"Jaw Worm","floor":5.0,"turns":1.0},{"damage":40.0,"enemies":"3 Sentries","floor":6.0,"turns":7.0},{"damage":11.0,"enemies":"Blue Slaver","floor":7.0,"turns":3.0},{"damage":0.0,"enemies":"2 Fungi Beasts","floor":10.0,"turns":2.0},{"damage":14.0,"enemies":"Slime Boss","floor":16.0,"turns":9.0},{"damage":29.0,"enemies":"2 Thieves","floor":18.0,"turns":3.0},{"damage":11.0,"enemies":"Spheric Guardian","floor":21.0,"turns":3.0},{"damage":37,"enemies":"Book of Stabbing","floor":23,"turns":3}],"seed_played":"5585873567736058442","potions_obtained":[{"floor":1.0,"key":"EssenceOfSteel"},{"floor":5.0,"key":"EntropicBrew"},{"floor":10.0,"key":"DuplicationPotion"},{"floor":21.0,"key":"Strength Potion"}],"is_trial":false,"path_per_floor":["M","?","?","M","M","E","M","R","T","M","R","$","?","?","R","B",null,"M","?","?","M","$","E"],"character_chosen":"DEFECT","items_purchased":["Hologram+1","DollysMirror","Skim+1","Leap+1"],"campfire_rested":2,"item_purchase_floors":[12,22,22,22],"current_hp_per_floor":[68,68,53,53,53,13,2,24,24,24,24,24,17,17,39,25,63,34,34,34,23,23,0,0],"gold":67,"neow_bonus":"THREE_ENEMY_KILL","is_daily":false,"chose_seed":false,"campfire_upgraded":1,"win_rate":0.0,"timestamp":1608571937,"path_taken":["M","?","?","M","?","E","M","R","T","M","R","$","?","?","R","BOSS","M","?","?","M","?","E"],"items_purchased_type":["Card","Relic","Card","Card"],"build_version":"2020-12-13","purchased_purges":1,"victory":false,"max_hp_per_floor":[75,75,75,75,75,75,75,75,75,75,75,75,75,75,75,75,75,75,75,75,75,75,75,75],"card_choices":[{"not_picked":["Reprogram","Barrage"],"picked":"Sunder","floor":1.0},{"not_picked":["Turbo","Gash"],"picked":"Heatsinks","floor":4.0},{"not_picked":["Cold Snap","Rebound"],"picked":"Core Surge","floor":5.0},{"not_picked":["Steam","Go for the Eyes","Redo"],"picked":"SKIP","floor":6.0},{"not_picked":["Turbo","Creative AI"],"picked":"White Noise","floor":7.0},{"not_picked":["Ball Lightning","Turbo+1","Steam+1"],"picked":"SKIP","floor":10.0},{"not_picked":["Core Surge","Meteor Strike"],"picked":"Fission+1","floor":16.0},{"not_picked":["Gash","Compile Driver"],"picked":"Ball Lightning","floor":18.0},{"not_picked":["Steam+1","Reprogram+1"],"picked":"Chaos+1","floor":21.0}],"player_experience":290274,"relics_obtained":[{"floor":6.0,"key":"Vajra"},{"floor":9.0,"key":"Toxic Egg 2"}],"event_choices":[{"damage_healed":0.0,"max_hp_gain":0.0,"max_hp_loss":0.0,"gold_gain":0.0,"cards_transformed":["Strike_B"],"event_name":"Living Wall","player_choice":"Change","floor":2.0,"gold_loss":0.0,"damage_taken":0.0,"cards_obtained":["Redo"]},{"damage_healed":0.0,"max_hp_gain":0.0,"max_hp_loss":0.0,"gold_gain":0.0,"event_name":"Shining Light","player_choice":"Entered Light","floor":3.0,"gold_loss":0.0,"damage_taken":15.0,"cards_upgraded":["Zap","Defend_B"]},{"cards_removed":["Strike_B"],"damage_healed":0.0,"max_hp_gain":0.0,"max_hp_loss":0.0,"gold_gain":0.0,"event_name":"Golden Wing","player_choice":"Card Removal","floor":13.0,"gold_loss":0.0,"damage_taken":7.0},{"damage_healed":0.0,"max_hp_gain":0.0,"max_hp_loss":0.0,"gold_gain":0.0,"event_name":"Dead Adventurer","player_choice":"Searched \u00271\u0027 times","floor":14.0,"gold_loss":0.0,"damage_taken":0.0},{"damage_healed":0.0,"max_hp_gain":0.0,"max_hp_loss":0.0,"gold_gain":0.0,"event_name":"Vampires","player_choice":"Ignored","floor":19.0,"gold_loss":0.0,"damage_taken":0.0},{"damage_healed":0.0,"max_hp_gain":0.0,"max_hp_loss":0.0,"gold_gain":99.0,"event_name":"Nest","player_choice":"Stole From Cult","floor":20.0,"gold_loss":0.0,"damage_taken":0.0}],"is_beta":false,"boss_relics":[{"not_picked":["Runic Dome","Tiny House"],"picked":"Black Star"}],"items_purged_floors":[12],"is_endless":false,"potions_floor_spawned":[1,5,10,21],"killed_by":"Book of Stabbing","ascension_level":7}}