{"host":"30jsp143e4v19aze","time":1608585219,"event":{"mods":["BaseMod","Colored Map","Colored Powertips","Curses Come First","DeckTracker","Highlight Path","Minty Spire (QoL Compilation)","Quick Restart","Relic Stats","StSLib"],"gold_per_floor":[367,76,91,105,118,118,147,225,225,242,252,252,252,44,44,121,121,140,40,40,40,139,139,20,54,54,54,69,69,69,85,85,159,159,177,187,187,206,0,0,14,39,63,93,93,124,124,143,143,143,143,143,14,42,42,42],"floor_reached":55,"playtime":3371,"items_purged":["Writhe","Strike_G"],"score":1246,"play_id":"99903078-7062-4643-a913-7b886d9a7db7","local_time":"20201221221339","is_ascension_mode":true,"campfire_choices":[{"data":"Predator","floor":6,"key":"SMITH"},{"floor":12,"key":"REST"},{"floor":15,"key":"REST"},{"data":"Collect","floor":23,"key":"SMITH"},{"data":"Skewer","floor":27,"key":"SMITH"},{"data":"Wraith Form v2","floor":32,"key":"SMITH"},{"data":"Malaise","floor":40,"key":"SMITH"},{"data":"Echo Form","floor":45,"key":"SMITH"},{"data":"Spot Weakness","floor":47,"key":"SMITH"},{"floor":49,"key":"RECALL"},{"data":"Acrobatics","floor":52,"key":"SMITH"}],"circlet_count":0,"master_deck":["AscendersBane","Strike_G+1","Strike_G+1","Strike_G+1","Defend_G+1","Defend_G+1","Defend_G+1","Defend_G+1","Defend_G+1","Survivor","Neutralize","Quick Slash","Backflip","Protect","Predator+1","Collect+1","Clothesline","Wraith Form v2+1","Skewer+1","Carnage","Malaise+1","Acrobatics+1","Turbo+1","Spot Weakness+1","Echo Form+1","Core Surge","Concentrate+1","Crippling Poison"],"relics":["Ring of the Snake","PrismaticShard","InkBottle","Matryoshka","Chemical X","Snecko Eye","Eternal Feather","Happy Flower","Orichalcum","Gambling Chip","HornCleat","Paper Crane","HoveringKite","Red Mask","PreservedInsect","Toy Ornithopter","Darkstone Periapt","Blood Vial"],"acts_visited":["Exordium","TheCity","TheBeyond","TheEnding"],"potions_floor_usage":[7,10,11,16,18,25,50,54,55],"damage_taken":[{"damage":8,"enemies":"Small Slimes","floor":1,"turns":6},{"damage":3,"enemies":"2 Louse","floor":3,"turns":4},{"damage":0,"enemies":"Cultist","floor":4,"turns":4},{"damage":15,"enemies":"Large Slime","floor":5,"turns":11},{"damage":31,"enemies":"Lagavulin","floor":7,"turns":9},{"damage":0,"enemies":"Blue Slaver","floor":10,"turns":4},{"damage":0,"enemies":"2 Fungi Beasts","floor":11,"turns":4},{"damage":34,"enemies":"Slime Boss","floor":16,"turns":8},{"damage":16,"enemies":"2 Thieves","floor":18,"turns":4},{"damage":13,"enemies":"Gremlin Leader","floor":25,"turns":6},{"damage":2,"enemies":"Chosen","floor":28,"turns":3},{"damage":0,"enemies":"Centurion and Healer","floor":31,"turns":5},{"damage":27,"enemies":"Collector","floor":33,"turns":10},{"damage":3,"enemies":"3 Darklings","floor":35,"turns":5},{"damage":0,"enemies":"Orb Walker","floor":36,"turns":2},{"damage":0,"enemies":"Spire Growth","floor":38,"turns":4},{"damage":0,"enemies":"Sphere and 2 Shapes","floor":41,"turns":4},{"damage":24,"enemies":"Nemesis","floor":44,"turns":7},{"damage":0,"enemies":"Reptomancer","floor":46,"turns":4},{"damage":2,"enemies":"4 Shapes","floor":48,"turns":7},{"damage":14,"enemies":"Time Eater","floor":50,"turns":8},{"damage":24,"enemies":"Shield and Spear","floor":54,"turns":9},{"damage":55,"enemies":"The Heart","floor":55,"turns":14}],"seed_played":"8596140253645141312","potions_obtained":[{"floor":1,"key":"Dexterity Potion"},{"floor":7,"key":"ColorlessPotion"},{"floor":10,"key":"Energy Potion"},{"floor":28,"key":"GamblersBrew"},{"floor":38,"key":"Dexterity Potion"},{"floor":44,"key":"PowerPotion"}],"is_trial":false,"path_per_floor":["M","$","M","M","M","R","E","?","T","M","M","R","?","$","R","B",null,"M","$","?","T","?","R","$","E","T","R","M","$","?","M","R","B",null,"M","M","?","M","?","R","M","T","T","E","R","E","R","M","R","B",null,"R","$","E","B"],"character_chosen":"THE_SILENT","items_purchased":["Backflip","PrismaticShard","SteroidPotion","Chemical X","SteroidPotion","Skewer","Strength Potion","Crippling Poison","Block Potion"],"campfire_rested":2,"item_purchase_floors":[2,2,2,14,14,24,24,53,53],"current_hp_per_floor":[51,51,48,48,33,33,2,2,2,2,2,21,21,21,40,6,51,35,35,35,35,35,44,44,31,31,43,41,41,41,41,53,26,56,53,53,48,48,48,60,60,60,60,36,51,51,66,64,66,52,63,66,66,43,0,0],"gold":42,"neow_bonus":"TWO_FIFTY_GOLD","is_daily":false,"chose_seed":false,"campfire_upgraded":8,"win_rate":0.0,"timestamp":1608585219,"path_taken":["M","$","M","M","M","R","E","?","T","M","M","R","?","$","R","BOSS","M","?","?","?","?","R","$","E","T","R","?","?","?","M","R","BOSS","M","M","?","M","?","R","M","?","T","E","R","E","R","?","R","BOSS","R","$","E","BOSS"],"items_purchased_type":["Card","Relic","Potion","Relic","Potion","Card","Potion","Card","Potion"],"build_version":"2020-12-13","purchased_purges":2,"victory":false,"max_hp_per_floor":[66,66,66,66,66,66,66,66,66,66,66,66,66,66,66,66,66,66,66,66,66,66,66,66,66,66,66,66,66,66,66,66,66,66,66,66,66,66,66,66,66,66,66,66,66,66,66,66,66,66,66,66,66,66,66,66],"relic_stats":{"Darkstone Periapt":0,"Happy Flower":[29],"counters":[23,142],"HoveringKite":[26],"Eternal Feather":80,"PreservedInsect":188,"Orichalcum":[114],"Blood Vial":2,"Gambling Chip":[77],"Snecko Eye":[176,180,204,182],"Chemical X":[65],"obtain_stats":[{"Darkstone Periapt":46,"Happy Flower":21,"HoveringKite":34,"Eternal Feather":20,"PreservedInsect":43,"Orichalcum":21,"Paper Crane":26,"PrismaticShard":2,"Blood Vial":54,"Matryoshka":9,"HornCleat":26,"Gambling Chip":25,"Snecko Eye":17,"Red Mask":39,"Chemical X":14,"InkBottle":7,"Toy Ornithopter":44,"Ring of the Snake":0},{"Darkstone Periapt":19,"Happy Flower":9,"HoveringKite":13,"Eternal Feather":9,"PreservedInsect":17,"Orichalcum":9,"Paper Crane":10,"PrismaticShard":1,"Blood Vial":22,"Matryoshka":5,"HornCleat":10,"Gambling Chip":10,"Snecko Eye":8,"Red Mask":16,"Chemical X":7,"InkBottle":5,"Toy Ornithopter":18,"Ring of the Snake":0},{"Darkstone Periapt":104,"Happy Flower":54,"HoveringKite":78,"Eternal Feather":54,"PreservedInsect":93,"Orichalcum":54,"Paper Crane":60,"PrismaticShard":6,"Blood Vial":128,"Matryoshka":34,"HornCleat":60,"Gambling Chip":60,"Snecko Eye":50,"Red Mask":89,"Chemical X":42,"InkBottle":34,"Toy Ornithopter":100,"Ring of the Snake":0}],"InkBottle":[46],"Toy Ornithopter":6,"Ring of the Snake":[46]},"card_choices":[{"not_picked":["Flechettes","Deflect"],"picked":"Quick Slash","floor":1},{"not_picked":["Accuracy","Power Through"],"picked":"Protect","floor":3},{"not_picked":["Perfected Strike","Force Field"],"picked":"Predator","floor":4},{"not_picked":["Heel Hook","Sword Boomerang","Capacitor"],"picked":"SKIP","floor":5},{"not_picked":["Headbutt","PiercingWail"],"picked":"Collect","floor":7},{"not_picked":["Rip and Tear","Anger"],"picked":"Clothesline","floor":10},{"not_picked":["Envenom","ClearTheMind","WreathOfFlame"],"picked":"SKIP","floor":11},{"not_picked":["Establishment","SpiritShield"],"picked":"Wraith Form v2","floor":16},{"not_picked":["Flex+1","JustLucky","Endless Agony"],"picked":"SKIP","floor":18},{"not_picked":["CarveReality","Body Slam"],"picked":"Carnage","floor":25},{"not_picked":["Indignation","Sever Soul","Rebound"],"picked":"SKIP","floor":28},{"not_picked":["Go for the Eyes","SashWhip","Rupture"],"picked":"SKIP","floor":31},{"not_picked":["The Bomb","Wraith Form v2"],"picked":"Malaise","floor":33},{"not_picked":["Thunderclap","Compile Driver+1","FearNoEvil"],"picked":"SKIP","floor":35},{"not_picked":["FlyingSleeves","Prostrate"],"picked":"Acrobatics","floor":36},{"not_picked":["Redo","Quick Slash"],"picked":"Turbo+1","floor":38},{"not_picked":["MentalFortress","Setup"],"picked":"Spot Weakness","floor":41},{"not_picked":["Beam Cell","Storm of Steel"],"picked":"Echo Form","floor":44},{"not_picked":["True Grit","Streamline"],"picked":"Core Surge","floor":46},{"not_picked":["Swivel","Hologram"],"picked":"Concentrate+1","floor":48},{"not_picked":["LessonLearned","Prepared+1","Fire Breathing+1"],"picked":"SKIP","floor":54}],"player_experience":3023803,"relics_obtained":[{"floor":7,"key":"InkBottle"},{"floor":9,"key":"Matryoshka"},{"floor":21,"key":"Happy Flower"},{"floor":21,"key":"Orichalcum"},{"floor":25,"key":"Gambling Chip"},{"floor":26,"key":"HornCleat"},{"floor":26,"key":"Paper Crane"},{"floor":43,"key":"PreservedInsect"},{"floor":44,"key":"Toy Ornithopter"},{"floor":46,"key":"Darkstone Periapt"},{"floor":54,"key":"Blood Vial"}],"event_choices":[{"damage_healed":0,"gold_gain":78,"player_choice":"Gained Gold","damage_taken":0,"max_hp_gain":0,"max_hp_loss":0,"event_name":"Golden Wing","floor":8,"gold_loss":0},{"cards_removed":["Strike_G"],"damage_healed":0,"gold_gain":0,"player_choice":"Purged","damage_taken":0,"max_hp_gain":0,"max_hp_loss":0,"event_name":"Purifier","floor":13,"gold_loss":0},{"damage_healed":0,"gold_gain":0,"player_choice":"Opened","damage_taken":0,"relics_obtained":["Eternal Feather"],"max_hp_gain":0,"max_hp_loss":0,"event_name":"The Mausoleum","floor":20,"gold_loss":0},{"damage_healed":0,"gold_gain":99,"player_choice":"Stole From Cult","damage_taken":0,"max_hp_gain":0,"max_hp_loss":0,"event_name":"Nest","floor":22,"gold_loss":0},{"damage_healed":0,"gold_gain":0,"player_choice":"Simplicity","damage_taken":0,"max_hp_gain":0,"max_hp_loss":0,"event_name":"Back to Basics","floor":30,"gold_loss":0,"cards_upgraded":["Strike_G","Strike_G","Strike_G","Defend_G","Defend_G","Defend_G","Defend_G","Defend_G"]},{"damage_healed":0,"gold_gain":0,"player_choice":"Memory 2","damage_taken":5,"max_hp_gain":0,"max_hp_loss":0,"event_name":"SensoryStone","floor":37,"gold_loss":0},{"damage_healed":0,"gold_gain":0,"player_choice":"Paid","damage_taken":0,"relics_obtained":["Red Mask"],"max_hp_gain":0,"max_hp_loss":0,"event_name":"Tomb of Lord Red Mask","floor":39,"gold_loss":206}],"is_beta":false,"boss_relics":[{"not_picked":["Calling Bell","Tiny House"],"picked":"Snecko Eye"},{"not_picked":["Coffee Dripper","Black Star"],"picked":"HoveringKite"}],"items_purged_floors":[2,19],"is_endless":false,"potions_floor_spawned":[1,7,10,28,38,44,46,48],"killed_by":"The Heart","ascension_level":14}}