{"host":"bq4pt811tk9yrmjl","time":1608567208,"event":{"mods":["AchievementEnabler","BaseMod","Colored Map","Colored Powertips","Defuse TimeMaze Blight","Minty Spire (QoL Compilation)","StSLib","SuperFastMode","UnlockEverythingMod"],"gold_per_floor":[114,289,52,64,64,96,96,112,112,33,59,71,86,102,102,201,201,215,175,187,35,54,82,82,0,0,12,29,57,157,169,169,273,273,290,290,166,166,180,180,19,37,62,62,62,82,82,113,113,113,113,113,26,59,59,59],"floor_reached":55,"playtime":1586,"items_purged":["Doubt","Strike_G","Strike_G"],"score":799,"play_id":"f5998473-590f-4506-b30c-9d1c701c31ac","local_time":"20201221141328","is_ascension_mode":true,"campfire_choices":[{"data":"A Thousand Cuts","floor":7.0,"key":"SMITH"},{"data":"Footwork","floor":15.0,"key":"SMITH"},{"data":"Infinite Blades","floor":24.0,"key":"SMITH"},{"floor":32.0,"key":"REST"},{"floor":40.0,"key":"RECALL"},{"data":"Accuracy","floor":44.0,"key":"SMITH"},{"data":"Cloak And Dagger","floor":47.0,"key":"SMITH"},{"data":"Neutralize","floor":49.0,"key":"SMITH"},{"data":"Blade Dance","floor":52.0,"key":"SMITH"}],"circlet_count":0,"master_deck":["Strike_G","Strike_G","Defend_G","Defend_G","Defend_G","Defend_G","Defend_G","Survivor","Neutralize+1","Flying Knee","A Thousand Cuts+1","Blade Dance+1","Cloak And Dagger+1","PiercingWail","Footwork+1","Deflect+1","Infinite Blades+1","PiercingWail","Slice+1","Escape Plan","Accuracy+1","Bullet Time","Skewer+1","Dodge and Roll+1"],"relics":["Ring of the Snake","NeowsBlessing","Membership Card","Meat on the Bone","Happy Flower","PreservedInsect","Odd Mushroom","SlaversCollar","Medical Kit","Mango","Kunai","Regal Pillow","HoveringKite","Lee\u0027s Waffle","HornCleat","Bag of Marbles","Turnip","Blood Vial"],"acts_visited":["Exordium","TheCity","TheBeyond","TheEnding"],"potions_floor_usage":[55,55],"damage_taken":[{"damage":0.0,"enemies":"Small Slimes","floor":1.0,"turns":1.0},{"damage":0.0,"enemies":"2 Louse","floor":4.0,"turns":1.0},{"damage":0.0,"enemies":"3 Sentries","floor":6.0,"turns":1.0},{"damage":0.0,"enemies":"Jaw Worm","floor":8.0,"turns":3.0},{"damage":2.0,"enemies":"The Mushroom Lair","floor":11.0,"turns":3.0},{"damage":0.0,"enemies":"Exordium Wildlife","floor":12.0,"turns":4.0},{"damage":2.0,"enemies":"Gremlin Gang","floor":13.0,"turns":3.0},{"damage":3.0,"enemies":"Looter","floor":14.0,"turns":4.0},{"damage":37.0,"enemies":"The Guardian","floor":16.0,"turns":17.0},{"damage":5.0,"enemies":"Chosen","floor":18.0,"turns":7.0},{"damage":6.0,"enemies":"3 Byrds","floor":20.0,"turns":3.0},{"damage":9.0,"enemies":"Snake Plant","floor":22.0,"turns":5.0},{"damage":0.0,"enemies":"Gremlin Leader","floor":23.0,"turns":6.0},{"damage":14.0,"enemies":"Snecko","floor":27.0,"turns":6.0},{"damage":4.0,"enemies":"Cultist and Chosen","floor":28.0,"turns":9.0},{"damage":8.0,"enemies":"Book of Stabbing","floor":29.0,"turns":5.0},{"damage":21.0,"enemies":"Shelled Parasite and Fungi","floor":31.0,"turns":7.0},{"damage":57.0,"enemies":"Collector","floor":33.0,"turns":14.0},{"damage":3.0,"enemies":"Orb Walker","floor":35.0,"turns":4.0},{"damage":6.0,"enemies":"3 Shapes","floor":39.0,"turns":5.0},{"damage":17.0,"enemies":"Transient","floor":42.0,"turns":5.0},{"damage":0.0,"enemies":"Maw","floor":46.0,"turns":9.0},{"damage":3.0,"enemies":"Reptomancer","floor":48.0,"turns":7.0},{"damage":47.0,"enemies":"Awakened One","floor":50.0,"turns":30.0},{"damage":89.0,"enemies":"Shield and Spear","floor":54.0,"turns":10.0},{"damage":58,"enemies":"The Heart","floor":55,"turns":5}],"seed_played":"5331208152039090699","potions_obtained":[{"floor":4.0,"key":"GhostInAJar"},{"floor":6.0,"key":"SkillPotion"},{"floor":12.0,"key":"Poison Potion"},{"floor":19.0,"key":"ColorlessPotion"},{"floor":19.0,"key":"FairyPotion"},{"floor":19.0,"key":"CultistPotion"},{"floor":22.0,"key":"DistilledChaos"},{"floor":23.0,"key":"SkillPotion"},{"floor":28.0,"key":"SpeedPotion"},{"floor":31.0,"key":"EssenceOfSteel"},{"floor":46.0,"key":"PowerPotion"}],"is_trial":false,"path_per_floor":["M","?","$","M","?","E","R","M","T","$","?","M","M","M","R","B",null,"M","?","M","$","M","E","R","?","T","M","M","E","?","M","R","B",null,"M","?","$","?","M","R","$","M","T","R","$","M","R","E","R","B",null,"R","$","E","B"],"character_chosen":"THE_SILENT","items_purchased":["Membership Card","A Thousand Cuts","Blade Dance","PreservedInsect","Medical Kit","Infinite Blades","Lee\u0027s Waffle","HornCleat","Ancient Potion","BlessingOfTheForge"],"campfire_rested":1,"item_purchase_floors":[3,3,3,10,21,21,37,41,41,53],"current_hp_per_floor":[70,70,70,70,58,58,58,58,58,58,56,56,54,51,51,26,70,65,65,59,59,50,64,64,64,64,50,46,50,50,41,81,36,84,81,80,87,87,81,81,81,64,64,64,64,64,64,61,61,26,87,87,87,38,0,0],"gold":59,"neow_bonus":"THREE_ENEMY_KILL","is_daily":false,"chose_seed":false,"campfire_upgraded":7,"win_rate":0.0,"timestamp":1608567208,"path_taken":["M","?","$","M","?","E","R","M","T","$","?","M","M","M","R","BOSS","M","?","?","$","M","E","R","?","T","M","M","E","?","M","R","BOSS","M","?","$","?","M","R","?","M","T","R","$","?","R","E","R","BOSS","R","$","E","BOSS"],"items_purchased_type":["Relic","Card","Card","Relic","Relic","Card","Relic","Relic","Potion","Potion"],"build_version":"2020-12-13","purchased_purges":3,"victory":false,"max_hp_per_floor":[70,70,70,70,70,70,70,70,70,70,70,70,70,70,70,70,70,70,70,70,70,70,84,84,84,84,84,84,84,84,84,84,84,84,84,80,87,87,87,87,87,87,87,87,87,87,87,87,87,87,87,87,87,87,87,87],"card_choices":[{"not_picked":["Outmaneuver","Deadly Poison"],"picked":"Flying Knee","floor":1.0},{"not_picked":["Backflip","Catalyst"],"picked":"Cloak And Dagger","floor":4.0},{"not_picked":["Deflect","Crippling Poison","Outmaneuver"],"picked":"SKIP","floor":6.0},{"not_picked":["Masterful Stab","Bane"],"picked":"PiercingWail","floor":8.0},{"not_picked":["Terror","Dodge and Roll","Underhanded Strike"],"picked":"SKIP","floor":12.0},{"not_picked":["Choke","Dodge and Roll"],"picked":"Footwork","floor":13.0},{"not_picked":["Sucker Punch","Night Terror","Expertise"],"picked":"SKIP","floor":14.0},{"not_picked":["Poisoned Stab","Underhanded Strike","Quick Slash"],"picked":"SKIP","floor":18.0},{"not_picked":["Reflex+1","Prepared"],"picked":"Deflect+1","floor":20.0},{"not_picked":["Slice","Underhanded Strike+1"],"picked":"PiercingWail","floor":22.0},{"not_picked":["PiercingWail","Dagger Spray","Glass Knife"],"picked":"SKIP","floor":23.0},{"not_picked":["Heel Hook","Underhanded Strike"],"picked":"Slice+1","floor":27.0},{"not_picked":["Well Laid Plans","All Out Attack"],"picked":"Escape Plan","floor":28.0},{"not_picked":["Choke","Caltrops"],"picked":"Accuracy","floor":29.0},{"not_picked":["Sucker Punch","Dagger Throw","Predator+1"],"picked":"SKIP","floor":31.0},{"not_picked":["Storm of Steel","Night Terror"],"picked":"Bullet Time","floor":33.0},{"not_picked":["Terror","Expertise"],"picked":"Skewer+1","floor":35.0},{"not_picked":["Quick Slash+1","Underhanded Strike"],"picked":"Dodge and Roll+1","floor":39.0},{"not_picked":["PiercingWail","Concentrate+1","Wraith Form v2"],"picked":"SKIP","floor":42.0},{"not_picked":["Sucker Punch+1","Outmaneuver+1","Quick Slash+1"],"picked":"SKIP","floor":46.0},{"not_picked":["All Out Attack","Choke","Heel Hook+1"],"picked":"SKIP","floor":48.0},{"not_picked":["Slice","Glass Knife","Expertise+1"],"picked":"SKIP","floor":54.0}],"player_experience":96261,"relics_obtained":[{"floor":6.0,"key":"Happy Flower"},{"floor":11.0,"key":"Odd Mushroom"},{"floor":23.0,"key":"Mango"},{"floor":26.0,"key":"Kunai"},{"floor":29.0,"key":"Regal Pillow"},{"floor":43.0,"key":"Bag of Marbles"},{"floor":48.0,"key":"Turnip"},{"floor":54.0,"key":"Blood Vial"}],"event_choices":[{"damage_healed":0.0,"max_hp_gain":0.0,"max_hp_loss":0.0,"gold_gain":175.0,"event_name":"Liars Game","player_choice":"AGREE","floor":2.0,"gold_loss":0.0,"damage_taken":0.0,"cards_obtained":["Doubt"]},{"damage_healed":0.0,"max_hp_gain":0.0,"max_hp_loss":0.0,"gold_gain":0.0,"event_name":"Scrap Ooze","player_choice":"Success","floor":5.0,"gold_loss":0.0,"damage_taken":12.0,"relics_obtained":["Meat on the Bone"]},{"damage_healed":0.0,"max_hp_gain":0.0,"max_hp_loss":0.0,"gold_gain":0.0,"event_name":"Mushrooms","player_choice":"Fought Mushrooms","floor":11.0,"gold_loss":0.0,"damage_taken":0.0},{"damage_healed":0.0,"max_hp_gain":0.0,"max_hp_loss":0.0,"gold_gain":0.0,"event_name":"The Woman in Blue","player_choice":"Bought 3 Potions","floor":19.0,"gold_loss":0.0,"damage_taken":0.0},{"damage_healed":0.0,"max_hp_gain":0.0,"max_hp_loss":0.0,"gold_gain":0.0,"event_name":"Masked Bandits","player_choice":"Paid Fearfully","floor":25.0,"gold_loss":82.0,"damage_taken":0.0},{"damage_healed":0.0,"max_hp_gain":0.0,"max_hp_loss":0.0,"gold_gain":100.0,"event_name":"Golden Shrine","player_choice":"Pray","floor":30.0,"gold_loss":0.0,"damage_taken":0.0},{"damage_healed":0.0,"max_hp_gain":0.0,"max_hp_loss":4.0,"gold_gain":0.0,"event_name":"Winding Halls","player_choice":"Max HP","floor":36.0,"gold_loss":0.0,"damage_taken":0.0},{"cards_removed":["Strike_G"],"damage_healed":0.0,"max_hp_gain":0.0,"max_hp_loss":0.0,"gold_gain":0.0,"event_name":"Falling","player_choice":"Removed Attack","floor":38.0,"gold_loss":0.0,"damage_taken":0.0}],"is_beta":false,"boss_relics":[{"not_picked":["Runic Pyramid","Philosopher\u0027s Stone"],"picked":"SlaversCollar"},{"not_picked":["Velvet Choker","Ring of the Serpent"],"picked":"HoveringKite"}],"items_purged_floors":[21,37,53],"is_endless":false,"potions_floor_spawned":[4,6,12,22,23,28,31,42,46],"killed_by":"The Heart","ascension_level":1}}