{"host":"kjehzzhcyp0nyrrl","time":1608558918,"event":{"mods":["AchievementEnabler","BaseMod","Custom Start","Hermit","Keyboard Shortcuts","Koishi","Minty Spire (QoL Compilation)","Replay The Spire","StSLib","SuperFastMode","The Dragon Tamer","The Gatherer","everything is the same but u backflip on backflip"],"gold_per_floor":[112,129,139,139,150,150,182,182,208,218,243,243,255,24,24,126,126,141,155,55,70,70,70],"floor_reached":22,"playtime":595,"items_purged":["Strike_P","Strike_P"],"score":267,"play_id":"bccf5a73-d2c1-475f-a754-57e38ad966e6","local_time":"20201221225518","is_ascension_mode":true,"campfire_choices":[{"data":"TalkToTheHand","floor":6.0,"key":"SMITH"},{"data":"EmptyFist","floor":8.0,"key":"SMITH"},{"data":"CutThroughFate","floor":12.0,"key":"SMITH"}],"circlet_count":0,"master_deck":["Defend_P","Defend_P","Defend_P","Eruption+1","Vigilance","Purity","FlyingSleeves","InnerPeace+1","TalkToTheHand+1","EmptyFist+1","FearNoEvil","CutThroughFate+1","CarveReality","MasterReality","Judgement+1","SandsOfTime+1","WheelKick+1","BowlingBash","MentalFortress"],"relics":["PureWater","Juzu Bracelet","Bronze Scales","Astrolabe"],"acts_visited":["Exordium","TheCity"],"potions_floor_usage":[],"damage_taken":[{"damage":0.0,"enemies":"Small Slimes","floor":1.0,"turns":2.0},{"damage":0.0,"enemies":"Jaw Worm","floor":2.0,"turns":2.0},{"damage":13.0,"enemies":"2 Louse","floor":3.0,"turns":4.0},{"damage":3.0,"enemies":"Looter","floor":5.0,"turns":4.0},{"damage":16.0,"enemies":"Replay:BlueRogue","floor":7.0,"turns":4.0},{"damage":0.0,"enemies":"Large Slime","floor":10.0,"turns":3.0},{"damage":10.0,"enemies":"3 Sentries","floor":11.0,"turns":6.0},{"damage":0.0,"enemies":"Blue Slaver","floor":13.0,"turns":2.0},{"damage":33.0,"enemies":"Hexaghost","floor":16.0,"turns":7.0},{"damage":3,"enemies":"Spheric Guardian","floor":18,"turns":3},{"damage":16,"enemies":"Shell Parasite","floor":19,"turns":4},{"damage":39,"enemies":"Snake Plant","floor":21,"turns":3},{"damage":6,"enemies":"Snecko","floor":22,"turns":2}],"seed_played":"2217005178273794706","potions_obtained":[{"floor":2.0,"key":"Regen Potion"},{"floor":3.0,"key":"Dexterity Potion"},{"floor":5.0,"key":"SteroidPotion"},{"floor":10.0,"key":"LiquidBronze"},{"floor":13.0,"key":"Strength Potion"},{"floor":21,"key":"Fire Potion"}],"is_trial":false,"path_per_floor":["M","M","M","?","M","R","E","R","T","M","E","R","M","$","R","B",null,"M","M","$","M","M"],"character_chosen":"WATCHER","items_purchased":["MasterReality"],"campfire_rested":0,"item_purchase_floors":[14],"current_hp_per_floor":[65,65,52,52,49,49,33,33,33,33,38,38,38,38,59,26,61,58,42,42,3,0,0],"gold":70,"neow_bonus":"RANDOM_COLORLESS","is_daily":false,"chose_seed":false,"campfire_upgraded":3,"win_rate":0.0,"timestamp":1608558918,"path_taken":["M","M","M","?","M","R","E","R","T","M","E","R","M","$","R","BOSS","M","M","$","M","M"],"items_purchased_type":["Card"],"build_version":"2020-12-13","purchased_purges":2,"victory":false,"max_hp_per_floor":[72,72,72,72,72,72,72,72,72,72,72,72,72,72,72,72,72,72,72,72,72,72,72],"card_choices":[{"not_picked":["Good Instincts","Dark Shackles"],"picked":"Purity","floor":0.0},{"not_picked":["Crescendo","ClearTheMind"],"picked":"FlyingSleeves","floor":1.0},{"not_picked":["JustLucky","ThirdEye"],"picked":"InnerPeace","floor":2.0},{"not_picked":["ConjureBlade","Replay:BluntJabs"],"picked":"TalkToTheHand","floor":3.0},{"not_picked":["ThirdEye","Crescendo"],"picked":"EmptyFist","floor":5.0},{"not_picked":["EmptyFist","BowlingBash"],"picked":"FearNoEvil","floor":7.0},{"not_picked":["FlyingSleeves","EmptyBody","Nirvana"],"picked":"SKIP","floor":10.0},{"not_picked":["FollowUp","Crescendo"],"picked":"CutThroughFate","floor":11.0},{"not_picked":["FlyingSleeves","CutThroughFate"],"picked":"CarveReality","floor":13.0},{"not_picked":["ClearTheMind","Wireheading+1"],"picked":"BowlingBash","floor":18},{"not_picked":["BowlingBash+1","SashWhip"],"picked":"MentalFortress","floor":19},{"not_picked":["SandsOfTime+1","Replay:ManipulateFuture+1","EmptyFist"],"picked":"SKIP","floor":21}],"player_experience":372876,"relics_obtained":[{"floor":7.0,"key":"Juzu Bracelet"},{"floor":11.0,"key":"Bronze Scales"}],"event_choices":[{"damage_healed":0.0,"max_hp_gain":0.0,"max_hp_loss":0.0,"gold_gain":0.0,"event_name":"Living Wall","player_choice":"Grow","floor":4.0,"gold_loss":0.0,"damage_taken":0.0,"cards_upgraded":["Eruption"]}],"is_beta":false,"boss_relics":[{"not_picked":["Tiny House","Empty Cage"],"picked":"Astrolabe"}],"items_purged_floors":[14,20],"is_endless":false,"potions_floor_spawned":[2,3,5,10,13,21],"killed_by":"Snecko","ascension_level":7}}