{"host":"jmrtcms4w8pdo4je","time":1608539175,"event":{"mods":["AchievementEnabler","BaseMod","Colored Powertips","Gremlin Mod","Infinite Spire","Minty Spire (QoL Compilation)","Replay The Spire","StSLib","The Forsaken","The Hierophant","The Necromancer"],"gold_per_floor":[110,210,129,148,148,148,148,148,228,228,228,285,285,303,303,399,399,415,330,73,43,63,63,93,93,93,93,126,151,151,151,151,249,249,279,279,279,311,25,25,25,25,25,51,65,65,0,14,14,119,119,140,140,140,140,158,158,173,173,199,118,136,156,183,156,156],"floor_reached":65,"playtime":1970,"items_purged":[],"score":1164,"play_id":"9876496a-e0c1-4b52-bd52-904ee02d35bb","local_time":"20201221022615","daily_mods":["Specialized","Vintage","Heirloom","Flight"],"is_ascension_mode":false,"campfire_choices":[{"data":"theForsaken:Penitence","floor":6,"key":"SMITH"},{"data":"theForsaken:DefensiveStance","floor":8,"key":"SMITH"},{"data":"theForsaken:TheForsaken_Defend","floor":11,"key":"SMITH"},{"data":"theForsaken:TheForsaken_Defend","floor":15,"key":"SMITH"},{"data":"theForsaken:TheForsaken_Defend","floor":23,"key":"SMITH"},{"data":"theForsaken:TheForsaken_Defend","floor":25,"key":"SMITH"},{"data":"theForsaken:TheForsaken_Strike","floor":27,"key":"SMITH"},{"floor":30,"key":"REST"},{"data":"theForsaken:TheForsaken_Strike","floor":32,"key":"SMITH"},{"data":"theForsaken:TheForsaken_Strike","floor":40,"key":"SMITH"},{"data":"theForsaken:TheForsaken_Strike","floor":41,"key":"SMITH"},{"data":"Pot Of Greed","floor":46,"key":"SMITH"},{"data":"Pot Of Greed","floor":49,"key":"SMITH"},{"data":"theForsaken:SpreadingPlague","floor":57,"key":"SMITH"}],"circlet_count":0,"master_deck":["theForsaken:TheForsaken_Strike+1","theForsaken:TheForsaken_Strike+1","theForsaken:TheForsaken_Strike+1","theForsaken:TheForsaken_Strike+1","theForsaken:TheForsaken_Defend+1","theForsaken:TheForsaken_Defend+1","theForsaken:TheForsaken_Defend+1","theForsaken:Smite+1","theForsaken:Penitence+1","theForsaken:FuryStrikes+1","theForsaken:FuryStrikes+1","theForsaken:FuryStrikes+1","theForsaken:FuryStrikes+1","theForsaken:FuryStrikes+1","theForsaken:DefensiveStance+1","theForsaken:Preservation+1","theForsaken:ShieldCharge+1","Pot Of Greed+1","Pot Of Greed+1","theForsaken:SpreadingPlague+1","theForsaken:ShieldBash+1","theForsaken:BountifulSunlight","theForsaken:ShieldCharge+1","theForsaken:QuickAttack+1"],"relics":["theForsaken:JudgementScales","infinitespire:Golems Mask","Replay:Bottled Eggs","theForsaken:HumbleEgg","Iron Hammer","HornCleat","ReplayFunnel","SacredBark","Mummified Hand","Bag of Preparation","Replay:Ringing Soul","Pen Nib","Tiny Chest","ReplayTheSpireMod:Lightbulb","ReplayTheSpireMod:Shallot","Happy Flower","Strawberry","infinitespire:EvilPickle","White Beast Statue","infinitespire:Midas Blood","Potion Belt","Incense Burner","Replay:Baseball","theForsaken:Gavel","Grinning Jar","Red Mask","Mango","Question Card","infinitespire:CheckeredPen","infinitespire:Magic Flask","Nunchaku","theForsaken:Kindling","Blue Doll","Replay:Kaleidoscope","Replay:Mystery Machine","Unceasing Top"],"acts_visited":["Exordium","TheCity","TheBeyond","Exordium"],"potions_floor_usage":[24,24,24,45,45,48,50,65,65,65,65,65],"damage_taken":[{"damage":0,"enemies":"Small Slimes","floor":1,"turns":3},{"damage":0,"enemies":"Cultist","floor":4,"turns":2},{"damage":0,"enemies":"2 Louse","floor":14,"turns":1},{"damage":35,"enemies":"Hexaghost","floor":16,"turns":8},{"damage":0,"enemies":"3 Byrds","floor":18,"turns":6},{"damage":7,"enemies":"2 Thieves","floor":22,"turns":4},{"damage":0,"enemies":"Book of Stabbing","floor":24,"turns":3},{"damage":41,"enemies":"Gremlin Leader","floor":28,"turns":7},{"damage":32,"enemies":"Nightmare","floor":29,"turns":7},{"damage":25,"enemies":"Pondfish","floor":33,"turns":10},{"damage":55,"enemies":"3 Shapes","floor":35,"turns":4},{"damage":0,"enemies":"Orb Walker","floor":38,"turns":3},{"damage":0,"enemies":"Spire Growth","floor":45,"turns":3},{"damage":0,"enemies":"3 Darklings","floor":48,"turns":5},{"damage":63,"enemies":"Time Eater","floor":50,"turns":12},{"damage":0,"enemies":"Jaw Worm","floor":52,"turns":2},{"damage":0,"enemies":"Cultist","floor":56,"turns":2},{"damage":14,"enemies":"Lagavulin","floor":58,"turns":4},{"damage":0,"enemies":"2 Louse","floor":62,"turns":1},{"damage":10,"enemies":"3 Sentries","floor":63,"turns":4},{"damage":0,"enemies":"Gremlin Nob","floor":64,"turns":3},{"damage":149,"enemies":"Nightmare","floor":65,"turns":8}],"seed_played":"8152225126001064650","potions_obtained":[{"floor":4,"key":"Block Potion"},{"floor":21,"key":"Fire Potion"},{"floor":21,"key":"SteroidPotion"},{"floor":35,"key":"Languid Potion"},{"floor":38,"key":"Toxic Potion"},{"floor":45,"key":"Block Potion"},{"floor":48,"key":"FearPotion"},{"floor":50,"key":"Adrenaline Potion"},{"floor":52,"key":"Strength Potion"},{"floor":56,"key":"Weak Potion"},{"floor":58,"key":"Cursed Concoction"},{"floor":62,"key":"Explosive Potion"},{"floor":64,"key":"Explosive Potion"}],"is_trial":true,"path_per_floor":["M","?","$","M","?","R","?","R","T","?","R","?","T","M","R","B",null,"M","?","$","?","M","R","E","R","T","R","E","NM","R","AVR","R","B",null,"M","?","AVR","M","$","R","R","?","T","T","M","R","?","M","R","B",null,"M","?","$","T","M","R","E","AVR","T","$","M","E","E","NM"],"character_chosen":"THE_FORSAKEN","items_purchased":["theForsaken:DefensiveStance","Replay:Ringing Soul","Incense Burner","theForsaken:BountifulSunlight"],"campfire_rested":1,"item_purchase_floors":[3,20,39,61],"current_hp_per_floor":[65,65,65,65,65,65,65,65,65,70,70,70,70,70,70,59,70,70,70,70,70,70,70,70,70,70,70,40,22,44,51,51,43,83,34,34,34,37,37,37,37,37,37,37,43,43,43,69,69,30,103,103,103,103,103,103,103,92,92,92,95,95,91,97,0,0],"gold":156,"neow_bonus":"","is_daily":false,"chose_seed":false,"campfire_upgraded":13,"win_rate":0.0,"timestamp":1608539175,"path_taken":["M","?","$","?","?","R","?","R","T","?","R","?","?","M","R","BOSS","M","?","$","?","?","R","E","R","T","R","E","NM","R","AVR","R","BOSS","M","?","AVR","?","$","R","R","?","T","?","M","R","?","M","R","BOSS","M","?","?","?","M","R","E","AVR","T","$","M","E","E","NM"],"items_purchased_type":["Card","Relic","Relic","Card"],"build_version":"2020-12-13","purchased_purges":0,"victory":false,"max_hp_per_floor":[65,65,65,65,65,65,65,65,65,70,70,70,70,70,70,70,70,70,70,70,70,70,70,70,70,70,70,73,76,76,83,83,83,83,83,83,83,83,83,83,83,83,83,83,86,86,86,100,100,103,103,103,103,103,103,103,103,106,106,106,109,109,112,115,115,115],"card_choices":[{"not_picked":["theForsaken:HymnOfPatience+1","theForsaken:SolarFlare+1","theForsaken:SiphonStrike"],"picked":"SKIP","floor":24},{"not_picked":["theForsaken:DarkBarrier","theForsaken:CreepingInfection+1"],"picked":"theForsaken:Preservation+1","floor":28},{"not_picked":["theForsaken:Eulogy+1","theForsaken:WordsOfPestilence"],"picked":"theForsaken:ShieldCharge+1","floor":29},{"not_picked":["theForsaken:DarkRift","theForsaken:Confusion"],"picked":"theForsaken:SpreadingPlague","floor":50},{"not_picked":["theForsaken:LightRoll","theForsaken:CowardsBrand","theForsaken:DarkBargain"],"picked":"theForsaken:ShieldBash+1","floor":58},{"not_picked":["theForsaken:HymnOfRest","theForsaken:CorruptedWord","theForsaken:SacrificeSoul"],"picked":"theForsaken:ShieldCharge+1","floor":63},{"not_picked":["theForsaken:PowerUp+1","theForsaken:Bolster","theForsaken:Devotion"],"picked":"theForsaken:QuickAttack+1","floor":64}],"player_experience":12389,"relics_obtained":[{"floor":1,"key":"Replay:Bottled Eggs"},{"floor":4,"key":"theForsaken:HumbleEgg"},{"floor":9,"key":"Iron Hammer"},{"floor":13,"key":"HornCleat"},{"floor":14,"key":"ReplayFunnel"},{"floor":18,"key":"Mummified Hand"},{"floor":22,"key":"Pen Nib"},{"floor":24,"key":"Tiny Chest"},{"floor":26,"key":"ReplayTheSpireMod:Lightbulb"},{"floor":28,"key":"ReplayTheSpireMod:Shallot"},{"floor":29,"key":"Happy Flower"},{"floor":35,"key":"White Beast Statue"},{"floor":38,"key":"Potion Belt"},{"floor":43,"key":"Replay:Baseball"},{"floor":44,"key":"theForsaken:Gavel"},{"floor":45,"key":"Grinning Jar"},{"floor":48,"key":"Mango"},{"floor":52,"key":"Question Card"},{"floor":55,"key":"infinitespire:CheckeredPen"},{"floor":56,"key":"infinitespire:Magic Flask"},{"floor":58,"key":"Nunchaku"},{"floor":60,"key":"Blue Doll"},{"floor":62,"key":"Replay:Kaleidoscope"},{"floor":63,"key":"Replay:Mystery Machine"},{"floor":64,"key":"Unceasing Top"}],"event_choices":[{"damage_healed":0,"gold_gain":100,"player_choice":"Gold","damage_taken":0,"max_hp_gain":0,"max_hp_loss":0,"event_name":"Wheel of Change","floor":2,"gold_loss":0},{"damage_healed":0,"gold_gain":0,"player_choice":"Grow","damage_taken":0,"max_hp_gain":0,"max_hp_loss":0,"event_name":"Living Wall","floor":5,"gold_loss":0,"cards_upgraded":["theForsaken:Smite"]},{"damage_healed":0,"gold_gain":0,"player_choice":"Donut","damage_taken":0,"max_hp_gain":5,"max_hp_loss":0,"event_name":"Big Fish","floor":10,"gold_loss":0},{"damage_healed":0,"gold_gain":57,"player_choice":"Gained Gold","damage_taken":0,"max_hp_gain":0,"max_hp_loss":0,"event_name":"Golden Wing","floor":12,"gold_loss":0},{"damage_healed":0,"gold_gain":0,"player_choice":"Obtained Relic","damage_taken":0,"relics_obtained":["Bag of Preparation"],"max_hp_gain":0,"max_hp_loss":0,"event_name":"Addict","floor":19,"gold_loss":85},{"damage_healed":0,"gold_gain":0,"player_choice":"Bought 2 Potions","damage_taken":0,"max_hp_gain":0,"max_hp_loss":0,"event_name":"The Woman in Blue","floor":21,"gold_loss":0},{"damage_healed":0,"gold_gain":0,"player_choice":"Ignored","damage_taken":0,"max_hp_gain":0,"max_hp_loss":0,"event_name":"NoteForYourself","floor":36,"gold_loss":0},{"cards_removed":["theForsaken:TheForsaken_Defend"],"damage_healed":0,"gold_gain":0,"player_choice":"Removed Skill","damage_taken":0,"max_hp_gain":0,"max_hp_loss":0,"event_name":"Falling","floor":42,"gold_loss":0},{"damage_healed":0,"gold_gain":0,"player_choice":"Paid","damage_taken":0,"relics_obtained":["Red Mask"],"max_hp_gain":0,"max_hp_loss":0,"event_name":"Tomb of Lord Red Mask","floor":47,"gold_loss":65},{"damage_healed":0,"gold_gain":0,"player_choice":"Ignored","damage_taken":0,"max_hp_gain":0,"max_hp_loss":0,"event_name":"NoteForYourself","floor":53,"gold_loss":0}],"is_beta":false,"boss_relics":[{"not_picked":["Runic Dome","Ectoplasm"],"picked":"SacredBark"},{"not_picked":["Painkiller Herb","Cursed Key","ChewingGum"]},{"not_picked":["Coffee Dripper","Empty Cage","Replay:Grab Bag"]}],"items_purged_floors":[],"is_endless":true,"potions_floor_spawned":[4,22,35,38,45,48,50,52,56,58,62,63,64],"killed_by":"Nightmare","ascension_level":0}}