{"host":"2lrkmsuh7nz013qb","time":1608549554,"event":{"mods":["BaseMod","Colored Map","DeckTracker","Minty Spire (QoL Compilation)","SuperFastMode","everything is the same but u backflip on backflip"],"gold_per_floor":[117,131,131,150,325,339,339,53,79,111,61,133,198,226,226,345,345,376,376,414,27,27,27,47,78,78,78,107,107,126,159,159,254,254,273,61,75,86,156,156,175,175,175,175,175,213,245,56,56,81,81,81,31,60,60,60],"floor_reached":55,"playtime":2403,"items_purged":["Doubt","Strike_R","Perfected Strike+1","Flame Barrier","Uppercut"],"score":1115,"play_id":"f1ebdb14-657a-44fc-a6c3-e244abd18677","local_time":"20201221201914","is_ascension_mode":true,"campfire_choices":[{"data":"Bash","floor":7.0,"key":"SMITH"},{"floor":15.0,"key":"REST"},{"data":"Immolate","floor":23.0,"key":"SMITH"},{"data":"Shrug It Off","floor":27.0,"key":"SMITH"},{"data":"Evolve","floor":29.0,"key":"SMITH"},{"data":"Second Wind","floor":32,"key":"SMITH"},{"floor":40,"key":"RECALL"},{"floor":42,"key":"DIG"},{"floor":45,"key":"DIG"},{"floor":49,"key":"DIG"},{"data":"Power Through","floor":52,"key":"SMITH"}],"circlet_count":0,"master_deck":["AscendersBane","Defend_R","Defend_R","Defend_R","Defend_R","Bash+1","Body Slam+1","Pommel Strike+1","HandOfGreed+1","Shrug It Off+1","Immolate+1","Fiend Fire","Battle Trance","Wild Strike+1","Evolve+1","Necronomicurse","Second Wind+1","Battle Trance","Battle Trance+1","Flame Barrier+1","Power Through+1","Feel No Pain+1","Shockwave+1","Fiend Fire+1"],"relics":["Burning Blood","Strawberry","Smiling Mask","Anchor","Vajra","Odd Mushroom","Blue Candle","Philosopher\u0027s Stone","Eternal Feather","Necronomicon","Frozen Egg 2","Champion Belt","Astrolabe","Shovel","Girya","Molten Egg 2","MawBank","Dream Catcher","Whetstone","InkBottle","Bronze Scales"],"acts_visited":["Exordium","TheCity","TheBeyond","TheEnding"],"potions_floor_usage":[33,33,50,55],"damage_taken":[{"damage":11.0,"enemies":"2 Louse","floor":1.0,"turns":4.0},{"damage":4.0,"enemies":"Small Slimes","floor":2.0,"turns":5.0},{"damage":2.0,"enemies":"Jaw Worm","floor":4.0,"turns":3.0},{"damage":29.0,"enemies":"Large Slime","floor":6.0,"turns":11.0},{"damage":16.0,"enemies":"Gremlin Nob","floor":10.0,"turns":3.0},{"damage":4.0,"enemies":"3 Sentries","floor":12.0,"turns":9.0},{"damage":27.0,"enemies":"The Mushroom Lair","floor":13.0,"turns":5.0},{"damage":17.0,"enemies":"Gremlin Nob","floor":14.0,"turns":4.0},{"damage":26.0,"enemies":"The Guardian","floor":16.0,"turns":12.0},{"damage":1.0,"enemies":"Shell Parasite","floor":18.0,"turns":3.0},{"damage":15.0,"enemies":"Spheric Guardian","floor":20.0,"turns":4.0},{"damage":0.0,"enemies":"Snake Plant","floor":24.0,"turns":2.0},{"damage":19.0,"enemies":"Gremlin Leader","floor":25.0,"turns":3.0},{"damage":27.0,"enemies":"Slavers","floor":28.0,"turns":2.0},{"damage":0.0,"enemies":"3 Cultists","floor":30.0,"turns":2.0},{"damage":4,"enemies":"Chosen and Byrds","floor":31,"turns":4},{"damage":31,"enemies":"Champ","floor":33,"turns":8},{"damage":0,"enemies":"3 Darklings","floor":35,"turns":3},{"damage":0,"enemies":"Orb Walker","floor":37,"turns":2},{"damage":4,"enemies":"Sphere and 2 Shapes","floor":38,"turns":3},{"damage":40,"enemies":"2 Orb Walkers","floor":39,"turns":4},{"damage":19,"enemies":"Transient","floor":41,"turns":5},{"damage":30,"enemies":"Reptomancer","floor":46,"turns":6},{"damage":0,"enemies":"Spire Growth","floor":47,"turns":4},{"damage":34,"enemies":"Awakened One","floor":50,"turns":12},{"damage":68,"enemies":"Shield and Spear","floor":54,"turns":6},{"damage":63,"enemies":"The Heart","floor":55,"turns":3}],"seed_played":"323412976571824025","potions_obtained":[{"floor":1.0,"key":"DistilledChaos"},{"floor":4.0,"key":"Explosive Potion"},{"floor":14.0,"key":"ElixirPotion"},{"floor":16.0,"key":"Weak Potion"},{"floor":24.0,"key":"PowerPotion"},{"floor":25.0,"key":"PowerPotion"},{"floor":30.0,"key":"FearPotion"},{"floor":41,"key":"SkillPotion"},{"floor":54,"key":"Regen Potion"}],"is_trial":false,"path_per_floor":["M","M","?","M","?","M","R","$","T","E","?","E","?","E","R","B",null,"M","?","M","$","?","R","M","E","T","R","E","R","M","M","R","B",null,"M","$","M","M","?","R","M","R","T","T","R","E","M","$","R","B",null,"R","$","E","B"],"character_chosen":"IRONCLAD","items_purchased":["HandOfGreed","Shrug It Off","Evolve","Eternal Feather","Power Through","Feel No Pain+1","Whetstone"],"campfire_rested":1,"item_purchase_floors":[8,8,21,21,36,36,48],"current_hp_per_floor":[74,76,76,80,80,57,57,57,57,47,47,49,28,17,43,23,71,76,76,67,67,51,63,69,56,56,68,47,59,65,67,79,54,79,85,85,87,87,53,68,55,70,70,70,85,61,67,67,79,51,78,87,87,25,0,0],"gold":60,"neow_bonus":"RANDOM_COMMON_RELIC","is_daily":false,"chose_seed":false,"campfire_upgraded":6,"win_rate":0.0,"timestamp":1608549554,"path_taken":["M","M","?","M","?","M","R","$","T","E","?","E","?","E","R","BOSS","M","?","M","$","?","R","M","E","T","R","E","R","M","M","R","BOSS","M","$","M","M","?","R","M","R","T","?","R","E","M","$","R","BOSS","R","$","E","BOSS"],"items_purchased_type":["Card","Card","Card","Relic","Card","Card","Relic"],"build_version":"2020-12-13","purchased_purges":5,"victory":false,"max_hp_per_floor":[87,87,87,87,87,87,87,87,87,87,87,87,87,87,87,87,87,87,87,87,87,87,87,87,87,87,87,87,87,87,87,87,87,87,87,87,87,87,87,87,87,87,87,87,87,87,87,87,87,87,87,87,87,87,87,87],"card_choices":[{"not_picked":["Sentinel","Thunderclap"],"picked":"Flame Barrier","floor":1.0},{"not_picked":["Uppercut","Warcry"],"picked":"Body Slam","floor":2.0},{"not_picked":["Clash","Perfected Strike"],"picked":"Pommel Strike","floor":4.0},{"not_picked":["Clash","Twin Strike","Clothesline"],"picked":"SKIP","floor":6.0},{"not_picked":["Heavy Blade","Bloodletting"],"picked":"Immolate","floor":10.0},{"not_picked":["Thunderclap","Pommel Strike"],"picked":"Fiend Fire","floor":12.0},{"not_picked":["Infernal Blade","Intimidate","Clash"],"picked":"SKIP","floor":14.0},{"not_picked":["Sever Soul","Pummel"],"picked":"Battle Trance","floor":18.0},{"not_picked":["Shockwave+1","Clothesline+1"],"picked":"Wild Strike+1","floor":20.0},{"not_picked":["Warcry","Havoc","Body Slam"],"picked":"SKIP","floor":24.0},{"not_picked":["Bloodletting","Demon Form"],"picked":"Second Wind","floor":25.0},{"not_picked":["Body Slam","Perfected Strike+1","Havoc"],"picked":"SKIP","floor":28.0},{"not_picked":["Anger","Cleave","Havoc+1"],"picked":"SKIP","floor":30.0},{"not_picked":["Whirlwind+1","Flame Barrier"],"picked":"Battle Trance","floor":31},{"not_picked":["Twin Strike","Heavy Blade"],"picked":"Uppercut","floor":35},{"not_picked":["Hemokinesis","Dark Embrace+1"],"picked":"Shockwave+1","floor":37},{"not_picked":["Burning Pact+1","Anger","Shockwave+1"],"picked":"SKIP","floor":38},{"not_picked":["Thunderclap","Sword Boomerang+1","Perfected Strike"],"picked":"SKIP","floor":41},{"not_picked":["True Grit+1","Anger+1","Dropkick+1"],"picked":"SKIP","floor":46},{"not_picked":["Sword Boomerang+1","Clothesline+1","Ghostly Armor+1"],"picked":"SKIP","floor":47},{"not_picked":["Headbutt+1","Rampage+1"],"picked":"Fiend Fire+1","floor":54}],"player_experience":685256,"relics_obtained":[{"floor":9.0,"key":"Smiling Mask"},{"floor":10.0,"key":"Anchor"},{"floor":12.0,"key":"Vajra"},{"floor":13.0,"key":"Odd Mushroom"},{"floor":14.0,"key":"Blue Candle"},{"floor":22.0,"key":"Necronomicon"},{"floor":26.0,"key":"Frozen Egg 2"},{"floor":28.0,"key":"Champion Belt"},{"floor":39,"key":"Shovel"},{"floor":42,"key":"Girya"},{"floor":44,"key":"Molten Egg 2"},{"floor":45,"key":"MawBank"},{"floor":46,"key":"Dream Catcher"},{"floor":49,"key":"InkBottle"},{"floor":54,"key":"Bronze Scales"}],"event_choices":[{"damage_healed":0.0,"max_hp_gain":0.0,"max_hp_loss":0.0,"gold_gain":0.0,"event_name":"Living Wall","player_choice":"Grow","floor":3.0,"gold_loss":0.0,"damage_taken":0.0,"cards_upgraded":["Body Slam"]},{"damage_healed":0.0,"max_hp_gain":0.0,"max_hp_loss":0.0,"gold_gain":175.0,"event_name":"Liars Game","player_choice":"AGREE","floor":5.0,"gold_loss":0.0,"damage_taken":0.0,"cards_obtained":["Doubt"]},{"cards_removed":["Strike_R"],"damage_healed":0.0,"max_hp_gain":0.0,"max_hp_loss":0.0,"gold_gain":0.0,"event_name":"The Cleric","player_choice":"Card Removal","floor":11.0,"gold_loss":50.0,"damage_taken":0.0},{"damage_healed":0.0,"max_hp_gain":0.0,"max_hp_loss":0.0,"gold_gain":0.0,"event_name":"Mushrooms","player_choice":"Fought Mushrooms","floor":13.0,"gold_loss":0.0,"damage_taken":0.0},{"damage_healed":0.0,"max_hp_gain":0.0,"max_hp_loss":0.0,"gold_gain":0.0,"event_name":"Ghosts","player_choice":"Ignored","floor":19.0,"gold_loss":0.0,"damage_taken":0.0},{"damage_healed":0.0,"max_hp_gain":0.0,"max_hp_loss":0.0,"gold_gain":0.0,"event_name":"Cursed Tome","player_choice":"Obtained Book","floor":22.0,"gold_loss":0.0,"damage_taken":16.0},{"damage_healed":0,"gold_gain":0,"player_choice":"Fight","damage_taken":0,"max_hp_gain":0,"max_hp_loss":0,"event_name":"Mysterious Sphere","floor":39,"gold_loss":0}],"is_beta":false,"boss_relics":[{"not_picked":["Snecko Eye","Black Star"],"picked":"Philosopher\u0027s Stone"},{"not_picked":["Runic Cube","Tiny House"],"picked":"Astrolabe"}],"items_purged_floors":[8,21,36,48,53],"is_endless":false,"potions_floor_spawned":[1,4,14,16,24,25,30,31,41,54],"killed_by":"The Heart","ascension_level":11}}