{"host":"wkk5enod093i5auu","time":1608562770,"event":{"mods":["Act Like it!","BaseMod","Decade(王小明)","Gensokyo","Koishi","Marisa（F雨　魔理沙）","Minty Spire (QoL Compilation)","Remilia（蕾米莉亚）","Replay The Spire","Spicy Shops","StSLib","The Animator","The Hierophant","The Servant 0.9.4","Youmu（魂魄妖梦）","Yuyuko","【东方二次创作】八云紫mod"],"gold_per_floor":[109,129,146,146,165,196,196,196,239,259,259,282,301,177,177,190,190,309,309,327,242,265,286,586,586,586],"floor_reached":25,"playtime":1189,"items_purged":["Defend_P"],"score":267,"play_id":"f10c3416-9b95-4c46-a5b4-1bfcf30d7600","local_time":"20201221225930","is_ascension_mode":false,"campfire_choices":[{"floor":15,"key":"REST"},{"floor":17,"key":"REST"}],"circlet_count":0,"master_deck":["Strike_P","Strike_P+1","Strike_P","Strike_P+1","Defend_P","Defend_P+1","Defend_P","Eruption","Vigilance+1","ClearTheMind","FollowUp","SashWhip+1","SandsOfTime","LessonLearned","Perseverance+1","CarveReality","Replay:Battleflow+1","Crescendo+1","EmptyBody+1","Replay:ManipulateFuture+1","Omniscience+1","Replay:AtTheReady+1","WindmillStrike+1","ThirdEye+1","Languid"],"relics":["PureWater","NeowsBlessing","Golden Idol","Mango","Toxic Egg 2","Painkiller Herb","Strawberry","Old Coin"],"acts_visited":["Exordium","TheCity"],"potions_floor_usage":[2,12,18,22,22,23],"damage_taken":[{"damage":0,"enemies":"Small Slimes","floor":1,"turns":1},{"damage":0,"enemies":"2 Louse","floor":2,"turns":1},{"damage":0,"enemies":"Jaw Worm","floor":3,"turns":1},{"damage":8,"enemies":"Large Slime","floor":5,"turns":4},{"damage":13,"enemies":"Lagavulin","floor":6,"turns":5},{"damage":0,"enemies":"Gremlin Nob","floor":9,"turns":2},{"damage":13,"enemies":"2 Fungi Beasts","floor":10,"turns":2},{"damage":14,"enemies":"3 Louse","floor":12,"turns":2},{"damage":2,"enemies":"Blue Slaver","floor":13,"turns":5},{"damage":0,"enemies":"2 Fungi Beasts","floor":16,"turns":2},{"damage":39,"enemies":"The Guardian","floor":18,"turns":9},{"damage":5,"enemies":"Spheric Guardian","floor":20,"turns":3},{"damage":13,"enemies":"3 Byrds","floor":22,"turns":3},{"damage":18,"enemies":"Snake Plant","floor":23,"turns":3},{"damage":69,"enemies":"Slavers","floor":25,"turns":2}],"seed_played":"7964820798600823118","potions_obtained":[{"floor":2,"key":"Fruit Juice"},{"floor":9,"key":"DuplicationPotion"},{"floor":10,"key":"Energy Potion"},{"floor":13,"key":"Reflective Coating"},{"floor":18,"key":"Death Potion"},{"floor":20,"key":"BlessingOfTheForge"}],"is_trial":false,"path_per_floor":["M","M","M","?","M","E","PTL","PTL","E","M","T","M","M","$","R","M","R","B",null,"?","?","?","?","?","E"],"character_chosen":"WATCHER","items_purchased":["EmptyBody+1"],"campfire_rested":2,"item_purchase_floors":[14],"current_hp_per_floor":[72,77,77,58,50,51,51,51,51,38,38,24,22,22,49,49,76,37,91,86,93,80,62,62,0,0],"gold":586,"neow_bonus":"THREE_ENEMY_KILL","is_daily":false,"chose_seed":false,"campfire_upgraded":0,"win_rate":0.0,"timestamp":1608562770,"path_taken":["M","M","M","?","M","E","PTL","PTL","E","M","T","M","M","$","R","M","R","BOSS","?","?","?","?","?","E"],"items_purchased_type":["Card"],"build_version":"2020-12-13","purchased_purges":1,"victory":false,"max_hp_per_floor":[72,77,77,77,77,91,91,91,91,91,91,91,91,91,91,91,91,91,91,91,98,98,98,98,98,98],"card_choices":[{"not_picked":["BowlingBash","ThirdEye"],"picked":"ClearTheMind","floor":1},{"not_picked":["Conclude","ClearTheMind"],"picked":"FollowUp","floor":2},{"not_picked":["Replay:BluntJabs","CrushJoints"],"picked":"SashWhip","floor":3},{"not_picked":["Weave","FollowUp"],"picked":"SandsOfTime","floor":5},{"not_picked":["SashWhip","CutThroughFate"],"picked":"LessonLearned","floor":6},{"not_picked":["Replay:Cycle+1","CarveReality"],"picked":"Perseverance+1","floor":9},{"not_picked":["BowlingBash","WheelKick"],"picked":"CarveReality","floor":10},{"not_picked":["Meditate+1","Consecrate"],"picked":"Replay:Battleflow+1","floor":12},{"not_picked":["BattleHymn","JustLucky"],"picked":"Crescendo+1","floor":13},{"not_picked":["CutThroughFate","WheelKick"],"picked":"Replay:ManipulateFuture+1","floor":16},{"not_picked":["ConjureBlade+1","DeusExMachina+1"],"picked":"Omniscience+1","floor":18},{"not_picked":["Replay:Anticipation+1","ClearTheMind+1"],"picked":"Replay:AtTheReady+1","floor":20},{"not_picked":["BattleHymn","JustLucky"],"picked":"WindmillStrike+1","floor":22},{"not_picked":["Protect+1","Replay:AtTheReady+1"],"picked":"ThirdEye+1","floor":23}],"player_experience":121912,"relics_obtained":[{"floor":6,"key":"Mango"},{"floor":9,"key":"Toxic Egg 2"}],"event_choices":[{"damage_healed":0,"gold_gain":0,"player_choice":"Take Damage","damage_taken":19,"relics_obtained":["Golden Idol"],"max_hp_gain":0,"max_hp_loss":0,"event_name":"Golden Idol","floor":4,"gold_loss":0},{"damage_healed":0,"gold_gain":0,"player_choice":"Obtained Relic","damage_taken":0,"relics_obtained":["Strawberry"],"max_hp_gain":0,"max_hp_loss":0,"event_name":"Addict","floor":21,"gold_loss":85}],"is_beta":false,"boss_relics":[{"not_picked":["SacredBark","ReplayTheSpireMod:DimensionalGlitch"],"picked":"Painkiller Herb"}],"items_purged_floors":[14],"is_endless":false,"potions_floor_spawned":[2,9,10,13,18,20],"killed_by":"Slavers","ascension_level":0}}