{"host":"ztzlp7ovjrp60tl1","time":1608574002,"event":{"mods":["2.2 Compatiblity","A Magickal Journey","AchievementEnabler","Aspiration","BaseMod","Better Altar","Better Match","Better Note","Better Sensory Stone","Better Skull","Better Third Choice","Better Vampires","BetterRewards","Block Reminder","Card Forge","CatGirl Mod","Challenge The Spire","Colored Map","Colored Powertips","Conspire","Decade(???)","Dio Mod","Downfall","Energized Spire","Fiend Mod","Hubris","Hyrulean Relics","Luminous","Marked Mod","Minty Spire (QoL Compilation)","Permanent Neow","Quick Restart","Railgun Mod","Rare Cards Sparkle","Replay The Spire","SOS???????","Shade Mod","Shop Mod","Spicy Shops","Spikes Relics","StSLib","SuperFastMode","Synergy Search","The Administrix","The Alterego","The Animator","The Bladedancer","The Bug Knight","The Dragon Tamer","The Factory","The Jungle","The Mystic","The Problem Sleuth","The Senshi","The Servant 0.9.4","TheHero","TheSwordswoman","TheVelvet"],"gold_per_floor":[120,136,150,248,198,224,224,224,247,258,272,301,316,334,334,431,431,443,443,443,457,457,491,491,520,602,602,616,629,649,649,649,649,649],"floor_reached":33,"playtime":3053,"items_purged":[],"score":324,"play_id":"284a2f64-f738-4598-aa97-0d61a6500875","local_time":"20201221120642","is_ascension_mode":false,"campfire_choices":[{"floor":15,"key":"DIG"},{"floor":24,"key":"REST"},{"floor":27,"key":"RECALL"}],"circlet_count":0,"master_deck":["AdministrixMod:Strike_Administrix+1","AdministrixMod:Strike_Administrix+1","AdministrixMod:Strike_Administrix+1","AdministrixMod:RedCloak+1","AdministrixMod:Defend_Administrix+1","AdministrixMod:Defend_Administrix+1","AdministrixMod:Defend_Administrix+1","AdministrixMod:BlueCloak+1","AdministrixMod:SipOfSparks+1","AdministrixMod:SyncreticSurge+1","AdministrixMod:TouchOfCinnabar+1","AdministrixMod:ExtolVirtue+1","AdministrixMod:RisingSunPrince+1","AdministrixMod:CenturiesAscent+1","AdministrixMod:PlateOfAntiquity+1","AdministrixMod:Metempsychosis+1","AdministrixMod:RisingSunPrince+1","AdministrixMod:NoblePath+1","AdministrixMod:PassageOfAges+1","AdministrixMod:Transcension+1","AdministrixMod:TrickOfTheLight+1","AdministrixMod:Wuji+1","AdministrixMod:BrewingCloister+1","AdministrixMod:ShadowPlay+1","Slimebound:CheckThePlaybook+1","AdministrixMod:SyncreticPlunge+1","RitualDagger+1","AdministrixMod:ArmillarySphere+1","AdministrixMod:Convergence+1","AdministrixMod:ShadowPlay+1","AdministrixMod:HarmonicReverence+1","AdministrixMod:PassageOfAges+1","AdministrixMod:HarmonicReverence+1"],"relics":["AdministrixMod:ConductorRitualBaton","Hammer of Thor","Seething Fire","Anvil of the Gods","Replay:Bottled Snecko","Dream Catcher","aspiration:ChemicalBlood","Replay:Mystery Machine","Sandwich","ReplayTheSpireMod:TigerMarble","Chameleon Ring","aspiration:RitualStick"],"acts_visited":["Exordium","TheCity"],"potions_floor_usage":[16,16,16,23,23,23,25,28,30,33,33,33,33],"damage_taken":[{"damage":0,"enemies":"Jaw Worm","floor":1,"turns":2},{"damage":0,"enemies":"Small Slimes","floor":2,"turns":2},{"damage":0,"enemies":"2 Louse","floor":3,"turns":2},{"damage":0,"enemies":"Lagavulin","floor":6,"turns":5},{"damage":0,"enemies":"2 Fungi Beasts","floor":10,"turns":3},{"damage":0,"enemies":"Blue Slaver","floor":11,"turns":3},{"damage":7,"enemies":"Gremlin Nob","floor":12,"turns":4},{"damage":0,"enemies":"Red Slaver","floor":13,"turns":3},{"damage":0,"enemies":"2 Fungi Beasts","floor":14,"turns":2},{"damage":33,"enemies":"The Guardian","floor":16,"turns":7},{"damage":4,"enemies":"Shell Parasite","floor":18,"turns":4},{"damage":3,"enemies":"2 Thieves","floor":21,"turns":3},{"damage":7,"enemies":"Slavers","floor":23,"turns":7},{"damage":20,"enemies":"Book of Stabbing","floor":25,"turns":5},{"damage":4,"enemies":"3 Cultists","floor":28,"turns":3},{"damage":11,"enemies":"Shelled Parasite and Fungi","floor":29,"turns":5},{"damage":1,"enemies":"Centurion and Healer","floor":30,"turns":3},{"damage":12,"enemies":"StardustCrusaders","floor":33,"turns":3}],"seed_played":"-3410519328501596829","potions_obtained":[{"floor":1,"key":"AttackPotion"},{"floor":2,"key":"Strength Potion"},{"floor":11,"key":"Slimebound:ThreeZeroPotion"},{"floor":14,"key":"Reflective Coating"},{"floor":18,"key":"Dexterity Potion"},{"floor":23,"key":"champ:CounterPotion"},{"floor":23,"key":"Guardian:BlockOnCardUsePotion"},{"floor":29,"key":"PowerPotion"},{"floor":33,"key":"Milkshake"}],"is_trial":false,"path_per_floor":["M","M","M","?","?","E","?","?","T","M","M","E","M","M","R_BF","B",null,"M","?","?","M","?","E","R","E","T","R","M","M","M","?","R_BF","B"],"character_chosen":"TheAdministrix","items_purchased":[],"campfire_rested":1,"item_purchase_floors":[],"current_hp_per_floor":[65,65,65,65,65,65,65,65,65,65,65,58,58,58,58,25,65,61,61,61,58,52,45,64,44,44,44,40,29,28,15,6,0,0],"gold":649,"neow_bonus":"THREE_CARDS","is_daily":false,"chose_seed":false,"campfire_upgraded":0,"win_rate":0.0,"timestamp":1608574002,"path_taken":["M","M","M","?","?","E","?","?","T","M","M","E","M","M","R_BF","BOSS","M","?","?","M","?","E","R","E","T","R","M","M","M","?","R_BF","BOSS"],"items_purchased_type":[],"build_version":"2020-12-13","purchased_purges":0,"victory":false,"max_hp_per_floor":[65,65,65,65,65,65,65,65,65,65,65,65,65,65,65,65,65,65,65,65,65,65,65,65,65,65,65,65,65,65,65,65,65,65],"card_choices":[{"not_picked":["AdministrixMod:TrickOfTheLight","AdministrixMod:SealAway"],"picked":"AdministrixMod:SipOfSparks","floor":0},{"not_picked":["AdministrixMod:Metempsychosis","AdministrixMod:Katabasis"],"picked":"AdministrixMod:SyncreticSurge","floor":1},{"not_picked":["AdministrixMod:SipOfSparks","AdministrixMod:UnstableVigor"],"picked":"AdministrixMod:TouchOfCinnabar","floor":2},{"not_picked":["AdministrixMod:NewWardrobe","AdministrixMod:SipOfSparks"],"picked":"AdministrixMod:ExtolVirtue","floor":3},{"not_picked":["AdministrixMod:ReachToHeaven","AdministrixMod:MixOfMercury"],"picked":"AdministrixMod:RisingSunPrince","floor":4},{"not_picked":["AdministrixMod:NewWardrobe","AdministrixMod:RegentEdict"],"picked":"AdministrixMod:CenturiesAscent","floor":4},{"not_picked":["AdministrixMod:TouchOfCinnabar","AdministrixMod:RegentEdict"],"picked":"AdministrixMod:PlateOfAntiquity","floor":4},{"not_picked":["AdministrixMod:ImmortalPurity","AdministrixMod:FalseDeath"],"picked":"AdministrixMod:Metempsychosis","floor":6},{"not_picked":["AdministrixMod:Wuji","AdministrixMod:PassageOfAges"],"picked":"AdministrixMod:NoblePath","floor":10},{"not_picked":["AdministrixMod:Overdrive","AdministrixMod:DiversionaryTactic"],"picked":"AdministrixMod:PassageOfAges","floor":11},{"not_picked":["AdministrixMod:Untouchable","AdministrixMod:LightOfYourLife"],"picked":"AdministrixMod:Transcension","floor":12},{"not_picked":["AdministrixMod:PlateOfAntiquity","AdministrixMod:TouchOfCinnabar"],"picked":"AdministrixMod:TrickOfTheLight","floor":13},{"not_picked":["AdministrixMod:TouchOfCinnabar","AdministrixMod:Untouchable"],"picked":"AdministrixMod:Wuji","floor":14},{"not_picked":["AdministrixMod:GirlsDoItBetter","AdministrixMod:CosmosControl"],"picked":"AdministrixMod:BrewingCloister","floor":16},{"not_picked":["AdministrixMod:QuietConspiracy","AdministrixMod:SipOfSparks"],"picked":"AdministrixMod:ShadowPlay","floor":18},{"not_picked":["AdministrixMod:ShadowPlay+1","AdministrixMod:RegentEdict"],"picked":"AdministrixMod:SyncreticPlunge","floor":21},{"not_picked":["AdministrixMod:CenturiesAscent+1","AdministrixMod:HiddenPower"],"picked":"AdministrixMod:ArmillarySphere","floor":23},{"not_picked":["AdministrixMod:ImmortalGrace","AdministrixMod:SeventeenArticleLaser"],"picked":"AdministrixMod:Convergence+1","floor":24},{"not_picked":["AdministrixMod:TouchOfCinnabar","AdministrixMod:DiversionaryTactic"],"picked":"AdministrixMod:ShadowPlay+1","floor":25},{"not_picked":["AdministrixMod:Schism","AdministrixMod:CenturiesAscent"],"picked":"AdministrixMod:HarmonicReverence","floor":28},{"not_picked":["AdministrixMod:Transcension+1","AdministrixMod:RegentEdict"],"picked":"AdministrixMod:PassageOfAges","floor":29},{"not_picked":["AdministrixMod:ShadowPlay","AdministrixMod:PlateOfAntiquity"],"picked":"AdministrixMod:HarmonicReverence","floor":30}],"player_experience":195582,"relics_obtained":[{"floor":6,"key":"Replay:Bottled Snecko"},{"floor":9,"key":"Dream Catcher"},{"floor":12,"key":"aspiration:ChemicalBlood"},{"floor":15,"key":"Replay:Mystery Machine"},{"floor":23,"key":"ReplayTheSpireMod:TigerMarble"},{"floor":25,"key":"Chameleon Ring"}],"event_choices":[{"cards_removed":["AdministrixMod:Defend_Administrix"],"damage_healed":0,"gold_gain":0,"player_choice":"Card Removal","damage_taken":0,"max_hp_gain":0,"max_hp_loss":0,"event_name":"The Cleric","floor":5,"gold_loss":50},{"damage_healed":0,"gold_gain":0,"cards_transformed":["AdministrixMod:Strike_Administrix"],"player_choice":"Change","damage_taken":0,"max_hp_gain":0,"max_hp_loss":0,"event_name":"Living Wall","floor":7,"gold_loss":0,"cards_obtained":["AdministrixMod:RisingSunPrince"]},{"damage_healed":0,"gold_gain":0,"player_choice":"Ignored","damage_taken":0,"max_hp_gain":0,"max_hp_loss":0,"event_name":"betterNote:BetterNote","floor":19,"gold_loss":0,"cards_obtained":["Defend_B"]},{"damage_healed":0,"gold_gain":0,"player_choice":"Dagger","damage_taken":6,"max_hp_gain":0,"max_hp_loss":0,"event_name":"betterThird:BetterNest","floor":22,"gold_loss":0,"cards_obtained":["RitualDagger"]},{"damage_healed":0,"gold_gain":0,"player_choice":"Stopped","damage_taken":9,"max_hp_gain":0,"max_hp_loss":0,"event_name":"Cursed Tome","floor":32,"gold_loss":0}],"is_beta":false,"boss_relics":[{"not_picked":["aspiration:IroncladSkillbook","aspiration:SecretTechniqueScroll"],"picked":"Sandwich"}],"items_purged_floors":[],"is_endless":false,"potions_floor_spawned":[1,2,11,14,18,23,29],"killed_by":"StardustCrusaders","ascension_level":0}}