{"host":"esx1hwjnbftf3eqj","time":1608572220,"event":{"mods":["BaseMod","Colored Map","Minty Spire (QoL Compilation)","StSLib","The Jungle"],"gold_per_floor":[119,119,134,153,78,78,108,108,108,140,140,159,194,204,204,302,302,321,341,91,91,103,103,137,137,137,172,188,201,26,26,26,121,121,139,152,27,41,51,51,51,80,80,80,92,106,0,0,0,0],"floor_reached":51,"playtime":6020,"items_purged":["Strike_B","Strike_B","Defend_B"],"score":961,"play_id":"3187f1d4-bac3-47bd-91db-0f5f96eb5a35","local_time":"20201221093700","is_ascension_mode":true,"campfire_choices":[{"data":"Dualcast","floor":6,"key":"SMITH"},{"data":"Streamline","floor":8,"key":"SMITH"},{"floor":11,"key":"REST"},{"floor":15,"key":"REST"},{"data":"Turbo","floor":23,"key":"SMITH"},{"data":"Go for the Eyes","floor":25,"key":"SMITH"},{"floor":32,"key":"REST"},{"data":"Buffer","floor":40,"key":"SMITH"},{"floor":44,"key":"REST"},{"data":"Hello World","floor":49,"key":"SMITH"}],"circlet_count":0,"master_deck":["Defend_B+1","Defend_B","Defend_B+1","Zap+1","Dualcast+1","Skim+1","Leap","Streamline+1","Thunder Strike","Steam","Rebound","Hologram","Core Surge","Go for the Eyes+1","Core Surge","Steam Power+1","Glacier","Glacier","FTL","Turbo+1","All For One","Storm","Heatsinks+1","Leap+1","Electrodynamics","Steam Power+1","Thunder Strike","Electrodynamics","Loop","Hologram+1","Buffer+1","Hologram+1","Hello World+1"],"relics":["Cracked Core","Symbiotic Virus","Letter Opener","Mango","War Paint","Sozu","DollysMirror","Toxic Egg 2","Cables","Bronze Scales","Cursed Key","Turnip","Red Mask"],"acts_visited":["Exordium","TheCity","TheBeyond"],"potions_floor_usage":[7,13,14,14,50,50,50],"damage_taken":[{"damage":13,"enemies":"Jaw Worm","floor":1,"turns":4},{"damage":0,"enemies":"2 Louse","floor":3,"turns":3},{"damage":0,"enemies":"Cultist","floor":4,"turns":3},{"damage":29,"enemies":"Gremlin Nob","floor":7,"turns":4},{"damage":22,"enemies":"3 Sentries","floor":10,"turns":5},{"damage":10,"enemies":"3 Louse","floor":12,"turns":2},{"damage":18,"enemies":"Gremlin Nob","floor":13,"turns":3},{"damage":6,"enemies":"Exordium Thugs","floor":14,"turns":3},{"damage":7,"enemies":"The Guardian","floor":16,"turns":9},{"damage":0,"enemies":"3 Byrds","floor":18,"turns":3},{"damage":4,"enemies":"Chosen","floor":19,"turns":2},{"damage":10,"enemies":"Snake Plant","floor":22,"turns":3},{"damage":25,"enemies":"Slavers","floor":24,"turns":5},{"damage":13,"enemies":"Gremlin Leader","floor":27,"turns":4},{"damage":0,"enemies":"3 Cultists","floor":28,"turns":3},{"damage":0,"enemies":"Cultist and Chosen","floor":29,"turns":3},{"damage":37,"enemies":"Collector","floor":33,"turns":9},{"damage":5,"enemies":"3 Darklings","floor":35,"turns":2},{"damage":0,"enemies":"3 Shapes","floor":36,"turns":2},{"damage":0,"enemies":"Jaw Worm Horde","floor":38,"turns":2},{"damage":12,"enemies":"4 Shapes","floor":39,"turns":3},{"damage":5,"enemies":"Reptomancer","floor":42,"turns":3},{"damage":0,"enemies":"Maw","floor":45,"turns":4},{"damage":3,"enemies":"Sphere and 2 Shapes","floor":46,"turns":3},{"damage":12,"enemies":"Donu and Deca","floor":50,"turns":3}],"seed_played":"3902473669267776871","potions_obtained":[{"floor":3,"key":"Regen Potion"},{"floor":4,"key":"Energy Potion"},{"floor":7,"key":"Ancient Potion"},{"floor":13,"key":"EntropicBrew"}],"is_trial":false,"path_per_floor":["M","?","M","M","$","R","E","R","T","E","R","M","E","M","R","B",null,"M","M","$","?","M","R","E","R","T","E","M","M","$","?","R","B",null,"M","M","$","M","M","R","?","E","T","R","M","M","?","?","R","B",null],"character_chosen":"DEFECT","items_purchased":["DollysMirror","Electrodynamics","Steam Power+1"],"campfire_rested":4,"item_purchase_floors":[20,30,30],"current_hp_per_floor":[55,40,40,40,40,40,23,23,23,15,41,31,13,7,33,26,73,73,69,69,69,59,59,34,34,34,21,21,21,21,21,47,10,69,64,64,64,64,52,52,52,47,47,73,73,70,70,70,70,58],"gold":0,"neow_bonus":"TRANSFORM_CARD","is_daily":false,"chose_seed":false,"campfire_upgraded":6,"win_rate":0.0,"timestamp":1608572220,"path_taken":["M","?","M","M","$","R","E","R","T","E","R","M","E","M","R","BOSS","M","M","$","?","M","R","E","R","T","E","M","M","?","?","R","BOSS","M","M","$","M","M","R","?","E","T","R","?","M","?","?","R","BOSS"],"items_purchased_type":["Relic","Card","Card"],"build_version":"2020-12-13","purchased_purges":3,"victory":true,"max_hp_per_floor":[75,75,75,75,75,75,75,75,75,89,89,89,89,89,89,89,89,89,89,89,89,89,89,89,89,89,89,89,89,89,89,89,89,89,89,89,89,89,89,89,89,89,89,89,89,89,89,89,89,89],"card_choices":[{"not_picked":["Beam Cell","Compile Driver"],"picked":"Leap","floor":1},{"not_picked":["Coolheaded","Steam"],"picked":"Streamline","floor":3},{"not_picked":["Redo","Sweeping Beam"],"picked":"Thunder Strike","floor":4},{"not_picked":["Force Field","Fusion"],"picked":"Steam","floor":7},{"not_picked":["Fusion","FTL"],"picked":"Rebound","floor":10},{"not_picked":["Barrage","Compile Driver"],"picked":"Hologram","floor":12},{"not_picked":["Stack","Beam Cell"],"picked":"Core Surge","floor":13},{"not_picked":["Cold Snap","Compile Driver"],"picked":"Go for the Eyes","floor":14},{"not_picked":["Hyperbeam","Rainbow"],"picked":"Core Surge","floor":16},{"not_picked":["Coolheaded","Cold Snap"],"picked":"Steam Power+1","floor":18},{"not_picked":["FTL","Redo"],"picked":"Glacier","floor":19},{"not_picked":["Go for the Eyes","Melter"],"picked":"Turbo","floor":22},{"not_picked":["Ball Lightning","Storm"],"picked":"All For One","floor":24},{"not_picked":["Stack+1","Scrape"],"picked":"Storm","floor":27},{"not_picked":["Streamline","Rebound"],"picked":"Heatsinks+1","floor":28},{"not_picked":["Sweeping Beam","Rebound+1"],"picked":"Leap+1","floor":29},{"not_picked":["Biased Cognition","Core Surge"],"picked":"Electrodynamics","floor":33},{"not_picked":["Sweeping Beam","Turbo+1"],"picked":"Loop","floor":35},{"not_picked":["Stack+1","Compile Driver+1"],"picked":"Hologram+1","floor":36},{"not_picked":["Static Discharge+1","Genetic Algorithm+1"],"picked":"Buffer","floor":38},{"not_picked":["BootSequence+1","Beam Cell","Force Field+1"],"picked":"SKIP","floor":39},{"not_picked":["Coolheaded+1","Stack+1"],"picked":"Hologram+1","floor":42},{"not_picked":["Conserve Battery+1","Chaos+1"],"picked":"Hello World","floor":45},{"not_picked":["Cold Snap","Steam+1","Conserve Battery+1"],"picked":"SKIP","floor":46}],"player_experience":539122,"relics_obtained":[{"floor":7,"key":"Symbiotic Virus"},{"floor":9,"key":"Letter Opener"},{"floor":10,"key":"Mango"},{"floor":13,"key":"War Paint"},{"floor":24,"key":"Toxic Egg 2"},{"floor":26,"key":"Cables"},{"floor":27,"key":"Bronze Scales"},{"floor":42,"key":"Turnip"}],"event_choices":[{"damage_healed":0,"gold_gain":0,"player_choice":"Entered Light","damage_taken":15,"max_hp_gain":0,"max_hp_loss":0,"event_name":"Shining Light","floor":2,"gold_loss":0,"cards_upgraded":["Zap","Defend_B"]},{"damage_healed":0,"gold_gain":0,"cards_transformed":["Strike_B"],"player_choice":"Transformed","damage_taken":0,"max_hp_gain":0,"max_hp_loss":0,"event_name":"Transmorgrifier","floor":21,"gold_loss":0,"cards_obtained":["FTL"]},{"damage_healed":0,"gold_gain":0,"player_choice":"1 cards matched","damage_taken":0,"max_hp_gain":0,"max_hp_loss":0,"event_name":"Match and Keep!","floor":31,"gold_loss":0,"cards_obtained":["Thunder Strike"]},{"damage_healed":0,"gold_gain":0,"player_choice":"Ignored","damage_taken":0,"max_hp_gain":0,"max_hp_loss":0,"event_name":"SecretPortal","floor":41,"gold_loss":0},{"damage_healed":0,"gold_gain":0,"player_choice":"Paid","damage_taken":0,"relics_obtained":["Red Mask"],"max_hp_gain":0,"max_hp_loss":0,"event_name":"Tomb of Lord Red Mask","floor":47,"gold_loss":106},{"damage_healed":0,"gold_gain":0,"player_choice":"Ignored","damage_taken":0,"max_hp_gain":0,"max_hp_loss":0,"event_name":"Mysterious Sphere","floor":48,"gold_loss":0}],"is_beta":false,"boss_relics":[{"not_picked":["Runic Pyramid","FrozenCore"],"picked":"Sozu"},{"not_picked":["Coffee Dripper","Busted Crown"],"picked":"Cursed Key"}],"items_purged_floors":[5,20,37],"is_endless":false,"potions_floor_spawned":[3,4,7,13,24,27,33,35,36,45,46],"ascension_level":7}}