{"host":"nox","time":1608583433,"event":{"mods":["Aspiration","BaseMod","Better Third Choice","Colored Powertips","Conspire","Hubris","Infinite Spire","Minty Spire (QoL Compilation)","Quick Restart","Rare Cards Sparkle","Replay The Spire","Shop Mod","Spikes Relics","StSLib","SuperFastMode","The Alterego","vexMod"],"gold_per_floor":[116,116,136,150,26,55,79,79,79,31,64,64,98,98,98,114,114,218,218,234,234,234,234,35,35,35,67,148,148,48,81,81,116,128,239,251,278,307,319,349,386,386,386,386],"floor_reached":43,"playtime":962,"items_purged":["Strike_B","Strike_B","ReplayTheSpireMod:Splinters"],"score":670,"play_id":"9a3d390e-2804-4964-a688-84e6172d8cc3","local_time":"20201222034353","is_ascension_mode":true,"campfire_choices":[{"floor":12.0,"key":"REST"},{"data":"Zap","floor":17.0,"key":"SMITH"},{"data":"Dualcast","floor":25.0,"key":"SMITH"},{"data":"Defend_B","floor":29.0,"key":"SMITH"},{"floor":34.0,"key":"REST"},{"floor":42.0,"key":"REST"}],"circlet_count":0,"master_deck":["Defend_B+1","Defend_B","Defend_B","Zap+1","Dualcast+1","Ball Lightning","Ball Lightning","Rainbow","Ball Lightning","Ball Lightning+1","Ball Lightning+1","Beam Cell+1","Sunder+1","Thunder Strike+1","Lockon+1","Thunder Strike+1","Capacitor","Consume+1","Crystallizer"],"relics":["Cracked Core","infinitespire:Eraser","Odd Mushroom","Happy Flower","Molten Egg 2","Replay:Mystery Machine","Ring of Chaos","aspiration:RitualStick","Lee\u0027s Waffle","Bag of Marbles","Sundial","Blood Vial","hubris:Towel","MawBank","SlaversCollar","ReplayTheSpireMod:CursedCoin"],"acts_visited":["Exordium","TheCity","TheBeyond"],"potions_floor_usage":[43],"damage_taken":[{"damage":3.0,"enemies":"Small Slimes","floor":1.0,"turns":3.0},{"damage":1.0,"enemies":"Cultist","floor":3.0,"turns":3.0},{"damage":3.0,"enemies":"2 Louse","floor":4.0,"turns":2.0},{"damage":25.0,"enemies":"Lagavulin","floor":6.0,"turns":5.0},{"damage":1.0,"enemies":"The Mushroom Lair","floor":7.0,"turns":3.0},{"damage":35.0,"enemies":"3 Sentries","floor":11.0,"turns":5.0},{"damage":10.0,"enemies":"Lagavulin","floor":13.0,"turns":3.0},{"damage":0.0,"enemies":"Large Slime","floor":16.0,"turns":3.0},{"damage":27.0,"enemies":"Hexaghost","floor":18.0,"turns":6.0},{"damage":23.0,"enemies":"2 Thieves","floor":20.0,"turns":3.0},{"damage":24.0,"enemies":"Book of Stabbing","floor":27.0,"turns":3.0},{"damage":0.0,"enemies":"Gremlin Leader","floor":31.0,"turns":4.0},{"damage":41.0,"enemies":"Slavers","floor":33.0,"turns":4.0},{"damage":48.0,"enemies":"Champ","floor":35.0,"turns":7.0},{"damage":15.0,"enemies":"3 Shapes","floor":37.0,"turns":3.0},{"damage":4.0,"enemies":"Orb Walker","floor":38.0,"turns":3.0},{"damage":53.0,"enemies":"4 Shapes","floor":40.0,"turns":3.0},{"damage":42,"enemies":"Spire Growth","floor":43,"turns":3}],"seed_played":"-8702930531954228766","potions_obtained":[{"floor":3.0,"key":"BlessingOfTheForge"},{"floor":6.0,"key":"PotionOfCapacity"},{"floor":11.0,"key":"SneckoOil"},{"floor":16.0,"key":"AttackPotion"},{"floor":27.0,"key":"DistilledChaos"},{"floor":33.0,"key":"Weak Potion"},{"floor":35.0,"key":"Doom Potion"},{"floor":38.0,"key":"Weak Potion"}],"is_trial":false,"path_per_floor":["M","?","M","M","$","E","?","?","T","$","E","R","E","PTL","PTL","M","R","B",null,"M","?","?","?","$","R","T","E","T","R","$","E","?","E","R","B",null,"M","M","?","M","$","R","M"],"character_chosen":"DEFECT","items_purchased":["Ball Lightning","Ball Lightning","Lee\u0027s Waffle","Beam Cell+1","ReplayTheSpireMod:CursedCoin"],"campfire_rested":3,"item_purchase_floors":[5,10,24,24,41],"current_hp_per_floor":[79,79,78,75,75,50,49,49,49,49,14,38,28,28,28,28,28,1,62,39,66,50,33,94,94,94,70,70,70,70,70,70,31,59,13,74,61,59,59,8,8,36,0,0],"gold":386,"neow_bonus":"TEN_PERCENT_HP_BONUS","is_daily":false,"chose_seed":false,"campfire_upgraded":3,"win_rate":0.0,"timestamp":1608583433,"path_taken":["M","?","M","?","$","E","?","?","T","$","E","R","E","PTL","PTL","?","R","BOSS","M","?","?","?","?","R","?","E","T","R","$","E","?","E","R","BOSS","M","M","?","M","$","R","M"],"items_purchased_type":["Card","Card","Relic","Card","Relic"],"build_version":"2020-11-17","purchased_purges":3,"victory":false,"max_hp_per_floor":[82,82,82,82,82,82,82,82,82,82,82,82,82,82,82,82,82,82,82,82,82,87,87,94,94,94,94,94,94,94,94,94,94,94,94,94,94,94,94,94,94,94,94,94],"card_choices":[{"not_picked":["Compile Driver","BasicCrystalCard"],"picked":"Ball Lightning","floor":1.0},{"not_picked":["hubris:SpecializedCircuitry","Sweeping Beam","Conserve Battery"],"picked":"SKIP","floor":3.0},{"not_picked":["Cold Snap","Coolheaded","Scrape"],"picked":"SKIP","floor":4.0},{"not_picked":["Hyperbeam","conspire:SharedLibrary","Genetic Algorithm"],"picked":"SKIP","floor":6.0},{"not_picked":["Conserve Battery","Turbo"],"picked":"Ball Lightning+1","floor":11.0},{"not_picked":["Cold Snap+1","Multi-Cast"],"picked":"Ball Lightning+1","floor":13.0},{"not_picked":["Genetic Algorithm","Reprogram","Redo"],"picked":"SKIP","floor":16.0},{"not_picked":["Redo","Chill","Fusion"],"picked":"SKIP","floor":20.0},{"not_picked":["aspiration:Polymerization","Reinforced Body"],"picked":"Sunder+1","floor":27.0},{"not_picked":["Melter+1","Force Field"],"picked":"Thunder Strike+1","floor":31.0},{"not_picked":["Redo","Gash+1"],"picked":"Lockon+1","floor":33.0},{"not_picked":["hubris:Prefetch","Core Surge+1"],"picked":"Thunder Strike+1","floor":35.0},{"not_picked":["Steam","Conserve Battery+1"],"picked":"Capacitor","floor":37.0},{"not_picked":["White Noise+1","Hello World+1"],"picked":"Consume+1","floor":38.0},{"not_picked":["DiskWipe+1","Cold Snap+1"],"picked":"Crystallizer","floor":40.0}],"player_experience":213479,"relics_obtained":[{"floor":6.0,"key":"infinitespire:Eraser"},{"floor":7.0,"key":"Odd Mushroom"},{"floor":9.0,"key":"Happy Flower"},{"floor":11.0,"key":"Molten Egg 2"},{"floor":13.0,"key":"Replay:Mystery Machine"},{"floor":27.0,"key":"Bag of Marbles"},{"floor":28.0,"key":"Sundial"},{"floor":31.0,"key":"Blood Vial"},{"floor":33.0,"key":"MawBank"}],"event_choices":[{"cards_removed":["Strike_B"],"damage_healed":0.0,"max_hp_gain":0.0,"max_hp_loss":0.0,"gold_gain":0.0,"event_name":"Purifier","player_choice":"Purged","floor":2.0,"gold_loss":0.0,"damage_taken":0.0},{"damage_healed":0.0,"max_hp_gain":0.0,"max_hp_loss":0.0,"gold_gain":0.0,"event_name":"Mushrooms","player_choice":"Fought Mushrooms","floor":7.0,"gold_loss":0.0,"damage_taken":0.0},{"damage_healed":0.0,"max_hp_gain":0.0,"max_hp_loss":0.0,"gold_gain":0.0,"cards_transformed":["Strike_B"],"event_name":"Transmorgrifier","player_choice":"Transformed","floor":8.0,"gold_loss":0.0,"damage_taken":0.0,"cards_obtained":["Rainbow"]},{"damage_healed":27.0,"max_hp_gain":0.0,"max_hp_loss":0.0,"gold_gain":0.0,"event_name":"The Library","player_choice":"Heal","floor":21.0,"gold_loss":0.0,"damage_taken":0.0},{"damage_healed":0.0,"max_hp_gain":5.0,"max_hp_loss":0.0,"gold_gain":0.0,"event_name":"Forgotten Altar","player_choice":"Shed Blood","floor":22.0,"gold_loss":0.0,"damage_taken":21.0},{"cards_removed":["Defend_B"],"damage_healed":0.0,"max_hp_gain":0.0,"max_hp_loss":0.0,"gold_gain":0.0,"event_name":"Bonfire Elementals","player_choice":"Offered Basic","floor":39.0,"gold_loss":0.0,"damage_taken":0.0}],"is_beta":true,"boss_relics":[{"not_picked":["hubris:Stopwatch","vexMod:FluxCapacitor"],"picked":"Ring of Chaos"},{"not_picked":["Sandwich","Coffee Dripper"],"picked":"SlaversCollar"}],"items_purged_floors":[5,30,41],"is_endless":false,"potions_floor_spawned":[3,6,11,16,27,33,35,38],"killed_by":"Spire Growth","ascension_level":5}}