{"host":"4nqeo0vu1vuav7gg","time":1608566522,"event":{"mods":["AchievementEnabler","BaseMod","Block Reminder","Colored Map","Colored Powertips","Highlight Path","Minty Spire (QoL Compilation)","Quick Restart","Rare Cards Sparkle","Relic Relevance Reorder","StSLib"],"gold_per_floor":[117,192,211,229,504,504,532,532,532,544,7,7,21,52,52,126,126,110,129,147,147,147,147,147],"floor_reached":23,"playtime":1229,"items_purged":["Regret"],"score":512,"play_id":"bbc890e5-0123-41de-a874-415b47128224","local_time":"20201221170202","is_ascension_mode":true,"campfire_choices":[{"data":"Zap","floor":6,"key":"SMITH"},{"floor":8,"key":"REST"},{"data":"Apotheosis","floor":12,"key":"SMITH"},{"floor":15,"key":"REST"}],"circlet_count":0,"master_deck":["AscendersBane","Strike_B","Strike_B","Defend_B","Defend_B","Defend_B","Defend_B","Zap+1","Dualcast","Rip and Tear","Cold Snap","Auto Shields","Genetic Algorithm","Compile Driver","Apotheosis+1","Gash","Coolheaded","Electrodynamics","Conserve Battery","Double Energy"],"relics":["FrozenCore","Dead Branch","Gambling Chip","Tiny Chest","Pear"],"acts_visited":["Exordium","TheCity"],"potions_floor_usage":[7,14,14],"damage_taken":[{"damage":4.0,"enemies":"Jaw Worm","floor":1.0,"turns":4.0},{"damage":0.0,"enemies":"Cultist","floor":3.0,"turns":3.0},{"damage":0,"enemies":"Small Slimes","floor":4,"turns":2},{"damage":25,"enemies":"3 Sentries","floor":7,"turns":6},{"damage":7,"enemies":"Blue Slaver","floor":10,"turns":2},{"damage":6,"enemies":"Exordium Thugs","floor":13,"turns":5},{"damage":6,"enemies":"Lagavulin","floor":14,"turns":5},{"damage":32,"enemies":"Hexaghost","floor":16,"turns":12},{"damage":13,"enemies":"2 Thieves","floor":18,"turns":4},{"damage":5,"enemies":"Shell Parasite","floor":19,"turns":8},{"damage":15,"enemies":"Centurion and Healer","floor":20,"turns":12},{"damage":29,"enemies":"Slavers","floor":23,"turns":1}],"seed_played":"-4818998742307679855","potions_obtained":[{"floor":3.0,"key":"AttackPotion"},{"floor":7,"key":"ColorlessPotion"},{"floor":10,"key":"Explosive Potion"},{"floor":14,"key":"Weak Potion"},{"floor":18,"key":"SpeedPotion"}],"is_trial":false,"path_per_floor":["M","?","M","M","?","R","E","R","T","M","$","R","M","E","R","B",null,"M","M","M","?","?","E"],"character_chosen":"DEFECT","items_purchased":["Gambling Chip","Apotheosis"],"campfire_rested":2,"item_purchase_floors":[11,11],"current_hp_per_floor":[60,53,53,53,53,53,28,49,59,52,52,52,46,40,64,32,69,56,51,36,21,21,0,0],"gold":147,"neow_bonus":"REMOVE_CARD","is_daily":false,"chose_seed":false,"campfire_upgraded":2,"win_rate":0.0,"timestamp":1608566522,"path_taken":["M","?","?","M","?","R","E","R","T","?","$","R","M","E","R","BOSS","M","M","M","?","?","E"],"items_purchased_type":["Relic","Card"],"build_version":"2020-12-13","purchased_purges":1,"victory":false,"max_hp_per_floor":[71,71,71,71,71,71,71,71,81,81,81,81,81,81,81,81,81,81,81,81,86,86,86,86],"card_choices":[{"not_picked":["Stack","Fusion"],"picked":"Rip and Tear","floor":1.0},{"not_picked":["Hello World","Storm"],"picked":"Cold Snap","floor":3.0},{"not_picked":["Redo","Rip and Tear"],"picked":"Auto Shields","floor":4},{"not_picked":["Cold Snap","Self Repair"],"picked":"Genetic Algorithm","floor":7},{"not_picked":["Cold Snap","Auto Shields"],"picked":"Compile Driver","floor":10},{"not_picked":["Thunder Strike","Genetic Algorithm"],"picked":"Gash","floor":13},{"not_picked":["Steam","Streamline"],"picked":"Coolheaded","floor":14},{"not_picked":["Seek","Core Surge"],"picked":"Electrodynamics","floor":16},{"not_picked":["Cold Snap","Aggregate"],"picked":"Conserve Battery","floor":18},{"not_picked":["Beam Cell","Coolheaded","Scrape"],"picked":"SKIP","floor":19},{"not_picked":["Cold Snap","Rebound"],"picked":"Double Energy","floor":20}],"player_experience":967973,"relics_obtained":[{"floor":7,"key":"Dead Branch"},{"floor":9,"key":"Pear"},{"floor":14,"key":"Tiny Chest"}],"event_choices":[{"damage_healed":0.0,"max_hp_gain":0.0,"max_hp_loss":0.0,"gold_gain":75.0,"event_name":"FaceTrader","player_choice":"Touch","floor":2.0,"gold_loss":0.0,"damage_taken":7.0},{"damage_healed":0,"gold_gain":275,"player_choice":"Desecrate","damage_taken":0,"max_hp_gain":0,"max_hp_loss":0,"event_name":"Golden Shrine","floor":5,"gold_loss":0,"cards_obtained":["Regret"]},{"damage_healed":0,"gold_gain":0,"player_choice":"Shed Blood","damage_taken":20,"max_hp_gain":5,"max_hp_loss":0,"event_name":"Forgotten Altar","floor":21,"gold_loss":0},{"cards_removed":["Strike_B"],"damage_healed":0,"gold_gain":0,"player_choice":"Purged","damage_taken":0,"max_hp_gain":0,"max_hp_loss":0,"event_name":"Purifier","floor":22,"gold_loss":0}],"is_beta":false,"boss_relics":[{"not_picked":["Ectoplasm","Runic Dome"],"picked":"FrozenCore"}],"items_purged_floors":[11],"is_endless":false,"potions_floor_spawned":[3,7,10,14,18,20],"killed_by":"Slavers","ascension_level":14}}