{"host":"14lqvjjswzi1nlgu","time":1608557669,"event":{"mods":["BaseMod","Beaked The Cultist","Card Forge","Colored Map","Colored Powertips","Gold Saver","Highlight Path","Minty Spire (QoL Compilation)","StSLib","The Cursed"],"gold_per_floor":[960,960,1005,429,474,564,609,654,654,654,654,358,358,403,403,703,703,748,650,695,740,740,740],"floor_reached":22,"playtime":2005,"items_purged":[],"score":238,"play_id":"fe481391-efb4-4f24-98e7-73eef5a4e524","local_time":"20201221053429","daily_mods":["Shiny","Blue Cards","Midas"],"is_ascension_mode":false,"campfire_choices":[{"floor":10.0,"key":"REST"},{"floor":13.0,"key":"REST"},{"floor":15.0,"key":"REST"}],"circlet_count":0,"master_deck":["beaked:KnowThyFoe+1","beaked:WildInstinct+1","beaked:ShadowFade+1","beaked:FakeOut+1","beaked:DarkPact+1","beaked:CheekyTricks+1","beaked:MachineEssence+1","beaked:AwakenedForm+1","beaked:DarkTribute+1","beaked:LiftOff+1","beaked:FullHouse+1","beaked:ScreechingChant+1","beaked:Sacrifice+1","beaked:SacrificialScars+1","beaked:Ceremony+1","beaked:Ceremony+1","beaked:MimicWarrior+1","beaked:CrazyRituals+1","beaked:Windmill+1","Good Instincts+1","beaked:FeelMyPain+1","beaked:Insight+1","beaked:WalkersFury+1","beaked:Foresight+1","Creative AI+1","DevaForm+1","beaked:DigDeep+1","beaked:HuntressEssence+1"],"relics":["beaked:MendingPlumage","Hammer of Thor","Seething Fire","Anvil of the Gods","NlothsMask","CultistMask","Singing Bowl","Strange Spoon","Gremlin Horn","Bottled Tornado","beaked:SacredDeck"],"acts_visited":["Exordium","TheCity"],"potions_floor_usage":[16,16,20,21],"damage_taken":[{"damage":49.0,"enemies":"Jaw Worm","floor":1.0,"turns":7.0},{"damage":12.0,"enemies":"Cultist","floor":3.0,"turns":4.0},{"damage":18.0,"enemies":"Small Slimes","floor":5.0,"turns":3.0},{"damage":61.0,"enemies":"3 Sentries","floor":6.0,"turns":7.0},{"damage":45.0,"enemies":"Exordium Thugs","floor":7.0,"turns":4.0},{"damage":20.0,"enemies":"Looter","floor":8.0,"turns":3.0},{"damage":64.0,"enemies":"2 Fungi Beasts","floor":14.0,"turns":4.0},{"damage":84,"enemies":"Slime Boss","floor":16,"turns":7},{"damage":46,"enemies":"Shell Parasite","floor":18,"turns":3},{"damage":50,"enemies":"Spheric Guardian","floor":20,"turns":5},{"damage":11,"enemies":"Snake Plant","floor":21,"turns":4},{"damage":108,"enemies":"Centurion and Healer","floor":22,"turns":6}],"seed_played":"7329645460642280970","potions_obtained":[{"floor":1.0,"key":"ColorlessPotion"},{"floor":3.0,"key":"Ancient Potion"},{"floor":5.0,"key":"Swift Potion"},{"floor":14.0,"key":"SkillPotion"},{"floor":18,"key":"Energy Potion"}],"is_trial":false,"path_per_floor":["M","?","M","$","M","E","M","M","T","R","?","$","R","M","R","B",null,"M","$","M","M","M"],"character_chosen":"BEAKED_THE_CULTIST","items_purchased":["Singing Bowl","Strange Spoon","beaked:CrazyRituals","beaked:Windmill","Good Instincts","Bottled Tornado","beaked:Insight","Energy Potion","beaked:DigDeep"],"campfire_rested":3,"item_purchase_floors":[4,4,4,4,4,12,12,19,19],"current_hp_per_floor":[45,45,57,57,47,53,15,20,20,42,42,42,64,10,33,32,80,39,39,85,81,0,0],"gold":740,"neow_bonus":"","is_daily":true,"chose_seed":false,"campfire_upgraded":0,"win_rate":0.0,"timestamp":1608557669,"path_taken":["M","?","?","$","M","E","?","M","T","R","?","$","R","M","R","BOSS","M","$","M","M","M"],"items_purchased_type":["Relic","Relic","Card","Card","Card","Relic","Card","Potion","Card"],"build_version":"2020-12-13","purchased_purges":0,"victory":false,"max_hp_per_floor":[55,55,58,58,66,66,71,76,76,76,76,76,76,78,78,80,80,80,80,85,88,94,94],"card_choices":[{"not_picked":["beaked:Devastation","beaked:Pecker"],"picked":"beaked:RitualOfBody","floor":1.0},{"not_picked":["beaked:Tradeoff","beaked:DigDeeper"],"picked":"beaked:MimicWarrior","floor":3.0},{"not_picked":["beaked:Tradeoff","beaked:BarbedWire","beaked:Windmill"],"picked":"Singing Bowl","floor":5.0},{"not_picked":["beaked:MimicMachine","beaked:StickSmack"],"picked":"beaked:FeelMyPain","floor":6.0},{"not_picked":["beaked:Redirect","beaked:MimicWarrior","beaked:Poke"],"picked":"Singing Bowl","floor":7.0},{"not_picked":["beaked:Windmill","beaked:Cower","beaked:Redirect"],"picked":"Singing Bowl","floor":8.0},{"not_picked":["beaked:Tradeoff","beaked:Insight","beaked:Cower"],"picked":"Singing Bowl","floor":14.0},{"not_picked":["beaked:DarkPact","beaked:Brainwash","beaked:WildInstinct"],"picked":"Singing Bowl","floor":16},{"not_picked":["beaked:WarriorEssence","beaked:FeelMyPain"],"picked":"beaked:Foresight+1","floor":18},{"not_picked":["beaked:Brace","beaked:RuinSticks","beaked:Resilience"],"picked":"Singing Bowl","floor":20},{"not_picked":["beaked:SacrificialAttack","beaked:BraceForImpact"],"picked":"beaked:HuntressEssence","floor":21}],"player_experience":1059675,"relics_obtained":[{"floor":6.0,"key":"Gremlin Horn"}],"event_choices":[{"damage_healed":0.0,"max_hp_gain":0.0,"max_hp_loss":0.0,"gold_gain":0.0,"event_name":"FaceTrader","player_choice":"Trade","floor":2.0,"gold_loss":0.0,"damage_taken":0.0,"relics_obtained":["NlothsMask"]},{"cards_removed":["beaked:RitualOfBody"],"damage_healed":0.0,"max_hp_gain":0.0,"max_hp_loss":0.0,"gold_gain":0.0,"event_name":"Purifier","player_choice":"Purged","floor":11.0,"gold_loss":0.0,"damage_taken":0.0}],"is_beta":false,"boss_relics":[{"not_picked":["Black Star","Ectoplasm"],"picked":"beaked:SacredDeck"}],"items_purged_floors":[],"is_endless":false,"potions_floor_spawned":[1,3,5,14,18],"killed_by":"Centurion and Healer","ascension_level":0}}