{"host":"18wi9kpcl4eah7pe","time":1608539447,"event":{"mods":["BaseMod","Colored Powertips","Downfall","Minty Spire (QoL Compilation)","StSLib"],"gold_per_floor":[99,99,134,59,59,234,234,266,69,69,54,82,92,192,202,202,202,202],"floor_reached":16,"playtime":494,"items_purged":[],"score":162,"play_id":"56ec55b2-d0d3-4ed5-9c9b-92442d8e8b47","local_time":"20201221023047","is_ascension_mode":true,"campfire_choices":[{"floor":1.0,"key":"RECALL"},{"data":"Slimebound:GoopSpray","floor":4.0,"key":"SMITH"},{"data":"Slimebound:Split","floor":10.0,"key":"SMITH"}],"circlet_count":0,"master_deck":["Slimebound:Strike_Slimebound","Slimebound:Strike_Slimebound","Slimebound:Strike_Slimebound","Slimebound:Tackle","Slimebound:Defend_Slimebound","Slimebound:Defend_Slimebound","Slimebound:Defend_Slimebound","Slimebound:Defend_Slimebound","Slimebound:Split+1","Slimebound:CorrosiveSpit","Slimebound:GoopSpray+1","Slimebound:RollThrough","Doubt","Slimebound:SplitMire","Slimebound:Schlurp","Slimebound:ForwardTackle","Slimebound:MassRepurpose","Slimebound:AcidTongue","Slimebound:LevelUp","Slimebound:PressTheAttack","Slimebound:SamplingLick"],"relics":["Slimebound:AbsorbEndCombat","downfall:HeartsMalice","downfall:BrokenWingStatue","Ornamental Fan","downfall:HeartBlessingRed","Gremlin Horn","Omamori","Odd Mushroom"],"acts_visited":["Exordium"],"potions_floor_usage":[],"damage_taken":[{"damage":0.0,"enemies":"Lagavulin","floor":3.0,"turns":1.0},{"damage":0.0,"enemies":"downfall:FleeingMerchant","floor":5.0,"turns":1.0},{"damage":0.0,"enemies":"Gremlin Nob","floor":8.0,"turns":1.0},{"damage":11.0,"enemies":"downfall:FleeingMerchant","floor":9.0,"turns":4.0},{"damage":33.0,"enemies":"downfall:FleeingMerchant","floor":11.0,"turns":4.0},{"damage":31.0,"enemies":"The Mushroom Lair","floor":12.0,"turns":4.0},{"damage":26.0,"enemies":"2 Louse","floor":13.0,"turns":2.0},{"damage":31.0,"enemies":"downfall:Heads","floor":14.0,"turns":4.0},{"damage":3,"enemies":"Small Slimes","floor":15,"turns":2},{"damage":19,"enemies":"downfall:Silent","floor":16,"turns":2}],"seed_played":"6591282351135516588","potions_obtained":[{"floor":3.0,"key":"Strength Potion"},{"floor":8.0,"key":"ColorlessPotion"},{"floor":13.0,"key":"BlessingOfTheForge"},{"floor":15,"key":"SteroidPotion"}],"is_trial":false,"path_per_floor":["R","?","E","R","$","?","T","E","$","R","$","?","M","?","M","B"],"character_chosen":"SLIMEBOUND","items_purchased":["Omamori","Slimebound:ForwardTackle"],"campfire_rested":0,"item_purchase_floors":[9,9],"current_hp_per_floor":[60,60,60,60,60,60,60,60,60,60,45,36,26,17,16,0,0],"gold":202,"neow_bonus":"THREE_ENEMY_KILL","is_daily":false,"chose_seed":false,"campfire_upgraded":2,"win_rate":0.0,"timestamp":1608539447,"path_taken":["R","?","E","R","$","?","T","E","$","R","$","?","M","?","M","BOSS"],"items_purchased_type":["Relic","Card"],"build_version":"2020-12-13","purchased_purges":0,"victory":false,"max_hp_per_floor":[60,60,60,60,60,60,60,60,60,60,60,60,60,60,60,60,60,60],"card_choices":[{"not_picked":["Slimebound:GoopTackle","Slimebound:ComboTackle"],"picked":"Slimebound:GoopSpray","floor":3.0},{"not_picked":["Slimebound:GoopTackle","Slimebound:SplitBruiser"],"picked":"Slimebound:RollThrough","floor":5.0},{"not_picked":["Slimebound:FinishingTackle","Slimebound:Equalize"],"picked":"Slimebound:SplitMire","floor":8.0},{"not_picked":["Slimebound:PressTheAttack","Slimebound:FinishingTackle"],"picked":"Slimebound:Schlurp","floor":9.0},{"not_picked":["Slimebound:SplitAcid","Slimebound:Repurpose"],"picked":"Slimebound:MassRepurpose","floor":11.0},{"not_picked":["Slimebound:GoopSpray","Slimebound:SamplingLick"],"picked":"Slimebound:AcidTongue","floor":12.0},{"not_picked":["Slimebound:SpikyOuterGoop","Slimebound:Equalize"],"picked":"Slimebound:LevelUp","floor":13.0},{"not_picked":["Slimebound:BestDefense","Slimebound:DivideAndConquer"],"picked":"Slimebound:PressTheAttack","floor":14},{"not_picked":["Slimebound:SplitLeeching","Slimebound:FormOfPuddle"],"picked":"Slimebound:SamplingLick","floor":15}],"player_experience":816666,"relics_obtained":[{"floor":3.0,"key":"Ornamental Fan"},{"floor":8.0,"key":"Gremlin Horn"},{"floor":12.0,"key":"Odd Mushroom"}],"event_choices":[{"damage_healed":0.0,"max_hp_gain":0.0,"max_hp_loss":0.0,"gold_gain":0.0,"event_name":"Mushrooms","player_choice":"Fought Mushrooms","floor":12.0,"gold_loss":0.0,"damage_taken":0.0}],"is_beta":false,"boss_relics":[],"items_purged_floors":[],"is_endless":false,"potions_floor_spawned":[3,8,13,15],"killed_by":"downfall:Silent","ascension_level":1}}