{"host":"121m0oxswv9tg9hk","time":1608583066,"event":{"mods":["AchievementEnabler","BaseMod","Better Third Choice","Downfall","Hermit","Hubris","Infinite Spire","MarisaÅiñ∂âJÅ@ñÇóùçπÅj","Minty Spire (QoL Compilation)","Replay The Spire","Shade Mod","StSLib","The Construct","The Cursed","The Gatherer","The Hierophant","The Mystic"],"gold_per_floor":[118,118,118,130,1,36,13,41,41,41,54,80,80,80,80,182,182,122,122,122,122,5,5,25,25,25],"floor_reached":25,"playtime":1246,"items_purged":["Sickly","mysticmod:Defend_Mystic"],"score":334,"play_id":"8382e878-c9bd-4a06-a046-ee690ca687e7","local_time":"20201221213746","is_ascension_mode":true,"campfire_choices":[{"data":"mysticmod:SpellRecall","floor":10,"key":"SMITH"},{"floor":15,"key":"REST"},{"data":"mysticmod:MirrorEntity","floor":23,"key":"SMITH"}],"circlet_count":0,"master_deck":["mysticmod:Defend_Mystic","mysticmod:Defend_Mystic+1","mysticmod:ArcaneDodge","mysticmod:PunishingArmor","mysticmod:PowerSlash","mysticmod:BulkUp","mysticmod:SpellRecall+1","mysticmod:Probe","mysticmod:TomeOfSpells","mysticmod:Alacrity","mysticmod:MirrorEntity+1","Backstab","mysticmod:Spellstrike","hubris:NaturalOne","mysticmod:Probe+1","Bite","Bite","Bite","Bite","Bite","mysticmod:Natural20","mysticmod:Probe","mysticmod:TomeOfSpells"],"relics":["mysticmod:SpellBook","NeowsBlessing","ReplayTheSpireMod:Ring of Addiction","SacredBark","Toy Ornithopter","infinitespire:Bottled Soul","HornCleat","Torii","Singing Bowl","hexamod:BolsterEngine","hubris:Icosahedron","hubris:Backtick","White Beast Statue","hubris:ScarierMask","infinitespire:FocusingShard"],"acts_visited":["Exordium","TheCity"],"potions_floor_usage":[8,11,12,18,24,25],"damage_taken":[{"damage":0,"enemies":"Cultist","floor":1,"turns":1},{"damage":0,"enemies":"2 Louse","floor":4,"turns":1},{"damage":0,"enemies":"Gremlin Nob","floor":6,"turns":1},{"damage":3,"enemies":"3 Sentries","floor":8,"turns":8},{"damage":0,"enemies":"Jaw Worm","floor":11,"turns":3},{"damage":40,"enemies":"Lagavulin","floor":12,"turns":11},{"damage":48,"enemies":"The Guardian","floor":16,"turns":14},{"damage":1,"enemies":"2 Thieves","floor":18,"turns":4},{"damage":21,"enemies":"Chosen","floor":24,"turns":7},{"damage":50,"enemies":"Book of Stabbing","floor":25,"turns":4}],"seed_played":"-4534700681292130661","potions_obtained":[{"floor":2,"key":"EssenceOfSteel"},{"floor":2,"key":"Explosive Potion"},{"floor":2,"key":"Regen Potion"},{"floor":8,"key":"GamblersBrew"},{"floor":11,"key":"Weak Potion"},{"floor":18,"key":"Explosive Potion"},{"floor":24,"key":"Strength Potion"}],"is_trial":false,"path_per_floor":["M","?","?","M","$","E","$","E","T","R","M","E","?","?","R","B",null,"M","AVR","?","?","$","R","M","E"],"character_chosen":"MYSTIC_CLASS","items_purchased":["mysticmod:BulkUp","mysticmod:Probe","mysticmod:TomeOfSpells","LiquidBronze"],"campfire_rested":1,"item_purchase_floors":[5,7,22,22],"current_hp_per_floor":[69,69,54,54,54,54,54,56,56,56,61,40,28,28,50,2,55,59,59,51,51,49,49,38,0,0],"gold":25,"neow_bonus":"THREE_ENEMY_KILL","is_daily":false,"chose_seed":false,"campfire_upgraded":2,"win_rate":0.0,"timestamp":1608583066,"path_taken":["M","?","?","M","$","E","?","E","T","R","M","E","?","?","R","BOSS","M","AVR","?","?","?","R","M","E"],"items_purchased_type":["Card","Card","Card","Potion"],"build_version":"2020-12-13","purchased_purges":2,"victory":false,"max_hp_per_floor":[77,77,77,77,77,75,75,75,75,75,75,75,75,75,75,73,73,73,73,51,51,49,49,51,51,51],"card_choices":[{"not_picked":["mysticmod:Fireball","mysticmod:LightningBolt"],"picked":"mysticmod:PunishingArmor","floor":1},{"not_picked":["mysticmod:Snowball","mysticmod:SpellCombat"],"picked":"mysticmod:PowerSlash","floor":4},{"not_picked":["mysticmod:PreparedCaster","mysticmod:SuddenClarity"],"picked":"mysticmod:SpellRecall","floor":6},{"not_picked":["mysticmod:DiviningBlow","mysticmod:Shield"],"picked":"mysticmod:TomeOfSpells","floor":8},{"not_picked":["mysticmod:HeavyStrike","mysticmod:LightningBolt"],"picked":"mysticmod:Alacrity","floor":11},{"not_picked":["mysticmod:Daze","mysticmod:PowerAttack"],"picked":"mysticmod:MirrorEntity","floor":12},{"not_picked":["mysticmod:MysticalShield","mysticmod:Doublecast"],"picked":"mysticmod:Spellstrike","floor":16},{"not_picked":["mysticmod:Sideswipe","mysticmod:Stoneskin"],"picked":"mysticmod:Probe+1","floor":18},{"not_picked":["mysticmod:ComponentsPouch","mysticmod:EnchantedMoulinet","mysticmod:ChargedParry+1"],"picked":"Singing Bowl","floor":24}],"player_experience":2893470,"relics_obtained":[{"floor":2,"key":"ReplayTheSpireMod:Ring of Addiction"},{"floor":2,"key":"SacredBark"},{"floor":2,"key":"Toy Ornithopter"},{"floor":6,"key":"infinitespire:Bottled Soul"},{"floor":8,"key":"HornCleat"},{"floor":9,"key":"Torii"},{"floor":12,"key":"Singing Bowl"}],"event_choices":[{"damage_healed":69,"gold_gain":0,"player_choice":"Upgrade","damage_taken":15,"max_hp_gain":0,"max_hp_loss":77,"event_name":"betterThird:BetterShining","floor":3,"gold_loss":0,"cards_upgraded":["mysticmod:Defend_Mystic","mysticmod:Strike_Mystic"]},{"damage_healed":0,"gold_gain":0,"player_choice":"Became a vampire","damage_taken":0,"max_hp_gain":0,"max_hp_loss":22,"event_name":"Vampires","floor":20,"gold_loss":0,"cards_obtained":["Bite","Bite","Bite","Bite","Bite"]},{"damage_healed":0,"gold_gain":0,"cards_transformed":["mysticmod:Defend_Mystic","mysticmod:ShockingGrasp"],"player_choice":"Became Test Subject","damage_taken":0,"max_hp_gain":0,"max_hp_loss":0,"event_name":"Drug Dealer","floor":21,"gold_loss":0,"cards_obtained":["mysticmod:Natural20","mysticmod:Probe"]}],"is_beta":false,"boss_relics":[{"not_picked":["hubris:Stopwatch","Honey Jar"],"picked":"hubris:Backtick"}],"items_purged_floors":[5,19],"is_endless":false,"potions_floor_spawned":[8,11,18,24],"killed_by":"Book of Stabbing","ascension_level":6}}