{"host":"12piqfhmdln9x2la","time":1608565536,"event":{"mods":["2.2 Compatiblity","AchievementEnabler","BaseMod","BetterRewards","Colored Powertips","Minty Spire (QoL Compilation)","Quick Restart","SuperFastMode"],"gold_per_floor":[119,136,86,86,47,72,72,89,89,89,89],"floor_reached":10,"playtime":141,"items_purged":[],"score":91,"play_id":"855e58e1-d588-47cc-a7fd-9851997f8728","local_time":"20201222004536","is_ascension_mode":false,"campfire_choices":[{"data":"Blizzard","floor":7,"key":"SMITH"}],"circlet_count":0,"master_deck":["Strike_B","Strike_B","Strike_B","Defend_B","Defend_B","Defend_B","Defend_B","Zap","Dualcast","Hologram","Blizzard+1","Sunder","Biased Cognition","Double Energy"],"relics":["Cracked Core","NeowsBlessing","Du-Vu Doll","Dead Branch","StoneCalendar"],"acts_visited":["Exordium"],"potions_floor_usage":[],"damage_taken":[{"damage":0,"enemies":"Cultist","floor":1,"turns":1},{"damage":0,"enemies":"Small Slimes","floor":2,"turns":1},{"damage":0,"enemies":"3 Sentries","floor":6,"turns":1},{"damage":11,"enemies":"Jaw Worm","floor":8,"turns":2},{"damage":19,"enemies":"Lagavulin","floor":10,"turns":4}],"seed_played":"-566133512465753804","potions_obtained":[{"floor":6,"key":"LiquidMemories"},{"floor":8,"key":"FearPotion"}],"is_trial":false,"path_per_floor":["M","M","?","?","$","E","R","M","T","E"],"character_chosen":"DEFECT","items_purchased":["Sunder"],"campfire_rested":0,"item_purchase_floors":[5],"current_hp_per_floor":[75,75,75,63,63,63,63,52,52,33,33],"gold":89,"neow_bonus":"THREE_ENEMY_KILL","is_daily":false,"chose_seed":false,"campfire_upgraded":1,"win_rate":0.0,"timestamp":1608565536,"path_taken":["M","M","?","?","$","E","R","M","T","E"],"items_purchased_type":["Card"],"build_version":"2020-12-13","purchased_purges":0,"victory":false,"max_hp_per_floor":[75,75,75,75,75,75,75,75,75,75,75],"card_choices":[{"not_picked":["Streamline","Turbo"],"picked":"Hologram","floor":1},{"not_picked":["Scrape","Stack"],"picked":"Blizzard","floor":2},{"not_picked":["Gash","Sweeping Beam"],"picked":"Biased Cognition","floor":6},{"not_picked":["Capacitor","Redo"],"picked":"Double Energy","floor":8}],"player_experience":107070,"relics_obtained":[{"floor":6,"key":"Dead Branch"},{"floor":9,"key":"StoneCalendar"}],"event_choices":[{"cards_removed":["Strike_B"],"damage_healed":0,"gold_gain":0,"player_choice":"Card Removal","damage_taken":0,"max_hp_gain":0,"max_hp_loss":0,"event_name":"The Cleric","floor":3,"gold_loss":50},{"damage_healed":0,"gold_gain":0,"player_choice":"Success","damage_taken":12,"relics_obtained":["Du-Vu Doll"],"max_hp_gain":0,"max_hp_loss":0,"event_name":"Scrap Ooze","floor":4,"gold_loss":0}],"is_beta":false,"boss_relics":[],"items_purged_floors":[],"is_endless":false,"potions_floor_spawned":[6,8],"killed_by":"Lagavulin","ascension_level":0}}