{"host":"dr74i48rjaqsqifn","time":1608555378,"event":{"mods":["AlwaysNeverKeys","Ascension Reborn","Aspiration","BaseMod","Bestiary","Challenge The Spire","Colored Powertips","Conspire","Downfall","Energized Spire","Halation","Hubris","Infinite Spire","Minty Spire (QoL Compilation)","READ ME - Guardian Mod","Replay The Spire","StSLib","The Cursed","The Factory","The Jungle","vexMod"],"gold_per_floor":[110,124,136,147,147,147,181,95,95,112,112,122,122,134,134,233,233,246,265,280,52,62,62,62],"floor_reached":23,"playtime":4047,"items_purged":[],"score":197,"play_id":"bc973596-35dc-4d1d-88ba-a405fd5ed387","local_time":"20201221195618","is_ascension_mode":true,"campfire_choices":[{"floor":6,"key":"RECALL"},{"floor":13,"key":"REST"},{"floor":15,"key":"REST"}],"circlet_count":0,"master_deck":["Strike_B","Strike_B","Strike_B","Strike_B","Defend_B","Defend_B","Defend_B","Zap","Dualcast","Beam Cell","Ball Lightning","Sweeping Beam","ReplayTheSpireMod:Calculation Training","aspiration:Polymerization","Ball Lightning","Ball Lightning","Leap","Melter","Iron Wave","Stack","Coolheaded","Multi-Cast","Rebound","Steam","hubris:Ukulele","Redo"],"relics":["Cracked Core","NeowsBlessing","infinitespire:Satchel","Oddly Smooth Stone","Black Star","Toy Ornithopter"],"acts_visited":["Exordium","TheCity"],"potions_floor_usage":[7,20,22,23],"damage_taken":[{"damage":0,"enemies":"Small Slimes","floor":1,"turns":1},{"damage":0,"enemies":"Cultist","floor":2,"turns":1},{"damage":0,"enemies":"2 Louse","floor":3,"turns":1},{"damage":6,"enemies":"Gremlin Gang","floor":4,"turns":4},{"damage":10,"enemies":"Gremlin Nob","floor":7,"turns":3},{"damage":4,"enemies":"Looter","floor":10,"turns":2},{"damage":28,"enemies":"Exordium Thugs","floor":12,"turns":4},{"damage":11,"enemies":"3 Louse","floor":14,"turns":3},{"damage":27,"enemies":"Hexaghost","floor":16,"turns":8},{"damage":16,"enemies":"conspire:FuzzyDice","floor":18,"turns":5},{"damage":17,"enemies":"2 Thieves","floor":19,"turns":4},{"damage":0,"enemies":"conspire:HollyBat","floor":20,"turns":7},{"damage":0,"enemies":"Snecko","floor":22,"turns":4},{"damage":53,"enemies":"Slavers","floor":23,"turns":4}],"seed_played":"-6563408850628350825","potions_obtained":[{"floor":2,"key":"ColorlessPotion"},{"floor":10,"key":"Elixir"},{"floor":12,"key":"SteroidPotion"},{"floor":16,"key":"Weak Potion"},{"floor":22,"key":"PotionOfCapacity"}],"is_trial":false,"path_per_floor":["M","M","M","M","?","R","E","$","T","M","?","M","R","M","R","B",null,"M","M","M","$","M","E"],"character_chosen":"DEFECT","items_purchased":["Ball Lightning","Leap","Toy Ornithopter","Guardian:BlockOnCardUsePotion"],"campfire_rested":2,"item_purchase_floors":[8,8,21,21],"current_hp_per_floor":[75,75,75,69,69,69,59,59,59,55,55,27,49,38,60,33,75,59,42,42,42,47,0,0],"gold":62,"neow_bonus":"THREE_ENEMY_KILL","is_daily":false,"chose_seed":false,"campfire_upgraded":0,"win_rate":0.0,"timestamp":1608555378,"path_taken":["M","M","M","M","?","R","E","?","T","M","?","M","R","M","R","BOSS","M","?","M","$","M","E"],"items_purchased_type":["Card","Card","Relic","Potion"],"build_version":"2020-12-13","purchased_purges":0,"victory":false,"max_hp_per_floor":[75,75,75,75,75,75,75,75,75,75,75,75,75,75,75,75,75,75,75,75,75,75,75,75],"card_choices":[{"not_picked":["Steam","Streamline"],"picked":"Beam Cell","floor":1},{"not_picked":["Steam","conspire:Rain"],"picked":"Ball Lightning","floor":2},{"not_picked":["Undo","Go for the Eyes"],"picked":"Sweeping Beam","floor":3},{"not_picked":["Time Bomb","Go for the Eyes"],"picked":"ReplayTheSpireMod:Calculation Training","floor":4},{"not_picked":["Reinforced Body","ReplayTheSpireMod:Calculation Training"],"picked":"aspiration:Polymerization","floor":7},{"not_picked":["Panic Button","conspire:SharedLibrary"],"picked":"Melter","floor":10},{"not_picked":["Fission","Beam Cell"],"picked":"Stack","floor":12},{"not_picked":["Hello World","Go for the Eyes"],"picked":"Coolheaded","floor":14},{"not_picked":["hubris:DoWhile","Echo Form"],"picked":"Multi-Cast","floor":16},{"not_picked":["Beam Cell","Leap"],"picked":"Rebound","floor":18},{"not_picked":["Defragment","ReplayTheSpireMod:Reroute Power"],"picked":"Steam","floor":19},{"not_picked":["Hologram","Rip and Tear"],"picked":"hubris:Ukulele","floor":20},{"not_picked":["Skim","Fusion"],"picked":"Redo","floor":22}],"player_experience":32613,"relics_obtained":[{"floor":5,"key":"infinitespire:Satchel"},{"floor":7,"key":"Oddly Smooth Stone"}],"event_choices":[{"damage_healed":0,"gold_gain":0,"player_choice":"Relic","damage_taken":0,"max_hp_gain":0,"max_hp_loss":0,"event_name":"Wheel of Change","floor":5,"gold_loss":0},{"cards_removed":["Defend_B"],"damage_healed":0,"gold_gain":0,"player_choice":"Took Card","damage_taken":0,"max_hp_gain":0,"max_hp_loss":0,"event_name":"NoteForYourself","floor":11,"gold_loss":0,"cards_obtained":["Iron Wave"]}],"is_beta":false,"boss_relics":[{"not_picked":["vexMod:TanglingVine","energizedSpire:SpiderWeb"],"picked":"Black Star"}],"items_purged_floors":[],"is_endless":false,"potions_floor_spawned":[2,10,12,16,18,22],"killed_by":"Slavers","ascension_level":0}}