{"host":"s8k08j4eybfen9r6","time":1608561782,"event":{"mods":["Aspiration","BaseMod","Better Altar","Better Match","Better Note","Better Sensory Stone","Better Skull","Better Third Choice","BetterRewards","Downfall","Hubris","Lobotomy","Minty Spire (QoL Compilation)","MostiFishMod","Rare Cards Sparkle","Reworked Bosses","Shop Mod","Spicy Shops","StSLib","The Alterego","The Animator"],"gold_per_floor":[99,99,99,130,130,130,176,190,210,244,255,355,425,36,56,161,161,11,61,76,113,40,63,63,113,128,154,204,254,304,323,343,438,438,363,378,396,412,226,331,331,348,348,376,172,182,232,300,316,316,316,349,33,33,33],"floor_reached":56,"playtime":2909,"items_purged":["hexamod:Defend"],"score":1479,"play_id":"4de3c5cb-f77b-48f4-9f36-045cedccecd8","local_time":"20201222004302","is_ascension_mode":false,"campfire_choices":[{"floor":1.0,"key":"RECALL"},{"data":"hexamod:Float","floor":3.0,"key":"SMITH"},{"data":"hexamod:RecurringNightmare","floor":5.0,"key":"SMITH"},{"data":"hexamod:GhostOfSpirePresent","floor":18.0,"key":"SMITH"},{"data":"hexamod:NecessarySacrifice","floor":35.0,"key":"SMITH"},{"data":"hexamod:GhostflameInferno","floor":43.0,"key":"SMITH"},{"data":"hexamod:CatchUp","floor":54,"key":"SMITH"}],"circlet_count":0,"master_deck":["hexamod:Strike+1","hexamod:Strike","hexamod:Strike","hexamod:Strike","hexamod:Defend","hexamod:Defend+1","hexamod:Defend","hexamod:Sear","hexamod:Float+1","hexamod:HeatCrush","hexamod:RecurringNightmare+1","hexamod:FirstSeal","hexamod:RainOfEmbers","hexamod:GhostOfSpirePresent+1","hexamod:VolcanoVisage+1","hexamod:HexaLevel+1","hexamod:NecessarySacrifice","hexamod:SecondSeal","hexamod:EtherealExpedition","hexamod:ThirdSeal","expansioncontent:DefensiveStance+1","hexamod:ThermalTransfer","hexamod:DynamicBlow","hexamod:CrushingStance","hexamod:InspiringFlames+1","hexamod:FifthSeal","hexamod:EmpoweringStance+1","hexamod:ThirdSeal","hexamod:HauntingEcho+1","hexamod:VolcanoVisage","hexamod:GhostOfSpirePast","hexamod:NecessarySacrifice+1","hexamod:EtherealExpedition+1","hexamod:Rewind","hexamod:GhostflameBarrier","hexamod:ShieldOfDarkness+1","hexamod:BurningTouch+1","hexamod:RecurringNightmare+1","hexamod:FifthSeal","hexamod:SixthSeal","hexamod:FourthSeal","hexamod:SpectersWail+1","hexamod:CatchUp+1","hexamod:GhostflameInferno+1","MostiFishMod:InvigoratingSolution+1","MostiFishMod:SpreadingSpore","hexamod:RadiantFlame+1","hexamod:SixthSeal","hexamod:InspiringFlames+1","hexamod:SixthSeal","hexamod:FourthSeal","hexamod:Firestarter","hubris:TrickCloak+1","hexamod:NecessarySacrifice+1","hexamod:TimeWarp","hexamod:SixthSeal","hexamod:SpectersWail+1"],"relics":["hexamod:SpiritBrand","DaveBox","Nloth\u0027s Gift","downfall:HeartsMalice","Civilization","PreservedInsect","InkBottle","downfall:CloakOfManyFaces","CultistMask","FaceOfCleric","NlothsMask","GremlinMask","SsserpentHead","MerchantsRug","ImportantClient","downfall:HeartBlessingRed","downfall:HeartBlessingGreen","Tiny Chest","aspiration:RitualStick","SynthV:C4","hubris:Towel","aspiration:SilentSkillbook","downfall:HeartBlessingBlue","Calipers","Question Card","aspiration:Lifesprig","hubris:AstralHammer","hubris:TenFootPole","hubris:DisguiseKit","hexamod:InflammatoryLetter","SynthV","HornCleat"],"acts_visited":["Exordium","TheCity","TheBeyond","TheEnding"],"potions_floor_usage":[55,55],"damage_taken":[{"damage":0.0,"enemies":"Small Slimes","floor":2.0,"turns":1.0},{"damage":0.0,"enemies":"Lagavulin","floor":4.0,"turns":1.0},{"damage":0.0,"enemies":"Cultist","floor":6.0,"turns":1.0},{"damage":6.0,"enemies":"Jaw Worm","floor":8.0,"turns":4.0},{"damage":16.0,"enemies":"Lots of Slimes","floor":9.0,"turns":6.0},{"damage":21.0,"enemies":"Gremlin Nob","floor":10.0,"turns":4.0},{"damage":0.0,"enemies":"3 Louse","floor":11.0,"turns":2.0},{"damage":0.0,"enemies":"downfall:FaceTrader","floor":12.0,"turns":3.0},{"damage":10.0,"enemies":"Large Slime","floor":13.0,"turns":5.0},{"damage":0.0,"enemies":"downfall:FleeingMerchant","floor":14.0,"turns":4.0},{"damage":26.0,"enemies":"Exordium Thugs","floor":15.0,"turns":4.0},{"damage":6.0,"enemies":"downfall:Silent","floor":16.0,"turns":8.0},{"damage":10.0,"enemies":"Chosen","floor":20.0,"turns":3.0},{"damage":41.0,"enemies":"Book of Stabbing","floor":21.0,"turns":7.0},{"damage":0.0,"enemies":"downfall:FleeingMerchant","floor":22.0,"turns":4.0},{"damage":12.0,"enemies":"Centurion and Healer","floor":23.0,"turns":5.0},{"damage":4.0,"enemies":"Chosen and Byrds","floor":26.0,"turns":3.0},{"damage":26.0,"enemies":"Gremlin Leader","floor":27.0,"turns":7.0},{"damage":15.0,"enemies":"Snecko","floor":31.0,"turns":4.0},{"damage":0.0,"enemies":"Sentry and Sphere","floor":32.0,"turns":4.0},{"damage":24.0,"enemies":"downfall:Ironclad","floor":33.0,"turns":5.0},{"damage":26.0,"enemies":"3 Darklings","floor":36.0,"turns":3.0},{"damage":3.0,"enemies":"3 Shapes","floor":37.0,"turns":3.0},{"damage":10.0,"enemies":"3 Darklings","floor":38.0,"turns":2.0},{"damage":20.0,"enemies":"downfall:FleeingMerchant","floor":39.0,"turns":3.0},{"damage":0.0,"enemies":"Maw","floor":42.0,"turns":5.0},{"damage":18.0,"enemies":"Nemesis","floor":44.0,"turns":5.0},{"damage":0.0,"enemies":"Writhing Mass","floor":46.0,"turns":3.0},{"damage":12,"enemies":"4 Shapes","floor":48,"turns":3},{"damage":0,"enemies":"3 Darklings","floor":49,"turns":1},{"damage":10,"enemies":"downfall:Defect","floor":50,"turns":3},{"damage":13,"enemies":"downfall:CharBossMerchant","floor":52,"turns":5},{"damage":0,"enemies":"downfall:NeowBoss","floor":55,"turns":15}],"seed_played":"-6115139146215834183","potions_obtained":[{"floor":8.0,"key":"Weak Potion"},{"floor":9.0,"key":"FearPotion"},{"floor":13.0,"key":"Dexterity Potion"},{"floor":15.0,"key":"SpeedPotion"},{"floor":16.0,"key":"SmokeBomb"},{"floor":20.0,"key":"SpeedPotion"},{"floor":31.0,"key":"Energy Potion"},{"floor":32.0,"key":"champ:CounterPotion"},{"floor":38.0,"key":"FearPotion"},{"floor":52,"key":"SneckoOil"}],"is_trial":false,"path_per_floor":["R","M","R","E","R","M","T","M","M","E","M","?","M","$","M","B",null,"R","?","M","E","$","M","T","?","M","E","?","?","T","M","M","B",null,"R","M","M","M","$","?","T","M","R","E","$","M","?","M","M","B",null,"E","$","R","B",null],"character_chosen":"THE_SPIRIT","items_purchased":["hexamod:ThirdSeal","expansioncontent:DefensiveStance","MerchantsRug","hexamod:ThermalTransfer","hexamod:DynamicBlow","hexamod:Rewind","Calipers","Question Card","hubris:DisguiseKit","SynthV","HornCleat"],"campfire_rested":0,"item_purchase_floors":[14,14,14,14,14,22,39,39,45,53,53],"current_hp_per_floor":[70,70,70,70,70,70,70,71,68,61,71,89,100,121,118,136,166,166,166,174,159,178,187,187,187,206,215,146,146,146,160,191,199,391,401,413,451,491,519,519,519,571,571,603,603,654,654,700,761,813,903,956,956,956,1030],"gold":33,"neow_bonus":"THREE_ENEMY_KILL","is_daily":false,"chose_seed":false,"campfire_upgraded":6,"win_rate":0.0,"timestamp":1608561782,"path_taken":["R","M","R","E","R","M","T","M","M","E","M","?","?","$","M","BOSS","R","?","M","E","$","M","T","?","M","E","?","?","?","M","M","BOSS","R","M","M","M","$","?","T","M","R","E","$","M","?","?","M","BOSS","E","$","R","BOSS"],"items_purchased_type":["Card","Card","Relic","Card","Card","Card","Relic","Relic","Relic","Relic","Relic"],"build_version":"2020-12-13","purchased_purges":1,"victory":true,"max_hp_per_floor":[70,70,70,70,70,70,70,71,77,84,94,105,119,133,149,166,166,166,166,184,203,222,243,243,243,266,294,299,299,299,328,359,391,391,401,439,480,527,575,575,575,624,624,674,674,725,725,780,841,903,903,966,966,966,1033],"card_choices":[{"not_picked":["hexamod:ThermalTransfer","hexamod:FastForward"],"picked":"hexamod:HeatCrush","floor":2.0},{"not_picked":["hexamod:ThermalTransfer","hexamod:SpectralAdrenaline"],"picked":"hexamod:RecurringNightmare","floor":4.0},{"not_picked":["hexamod:BacktrackSmack","hexamod:InspiringFlames"],"picked":"hexamod:FirstSeal","floor":6.0},{"not_picked":["hexamod:Rewind","hexamod:SwordOfDarkness"],"picked":"hexamod:RainOfEmbers","floor":8.0},{"not_picked":["hexamod:Hexaguard","hexamod:NightmareStrike"],"picked":"hexamod:GhostOfSpirePresent","floor":9.0},{"not_picked":["hexamod:RecurringNightmare","hexamod:WildfireWeapon"],"picked":"hexamod:VolcanoVisage","floor":10.0},{"not_picked":["hexamod:TimeOfNeed","hexamod:GhostLash"],"picked":"hexamod:HexaLevel","floor":11.0},{"not_picked":["hexamod:Rewind","hexamod:GhostShield"],"picked":"hexamod:NecessarySacrifice","floor":12.0},{"not_picked":["hexamod:AdvancingGuard","hexamod:HeatMetal"],"picked":"hexamod:SecondSeal","floor":13.0},{"not_picked":["hexamod:SpectersWail","hexamod:BacktrackSmack"],"picked":"hexamod:EtherealExpedition","floor":14.0},{"not_picked":["hexamod:Hexaguard","hexamod:RainOfEmbers"],"picked":"hexamod:CrushingStance","floor":15.0},{"not_picked":["hexamod:Hexaguard","hexamod:FastForward"],"picked":"hexamod:InspiringFlames","floor":15.0},{"not_picked":["hexamod:TimeWarp","hexamod:ParanormalForm"],"picked":"hexamod:FifthSeal","floor":16.0},{"not_picked":["hexamod:TimeOfNeed","hexamod:CrushingStance"],"picked":"hexamod:EmpoweringStance","floor":16.0},{"not_picked":["hexamod:SecondSeal","hexamod:HeatCrush+1"],"picked":"hexamod:ThirdSeal","floor":20.0},{"not_picked":["hexamod:GhostLash","hexamod:CrushingStance"],"picked":"hexamod:HauntingEcho+1","floor":20.0},{"not_picked":["hexamod:GhostShield","hexamod:BacktrackSmack+1"],"picked":"hexamod:VolcanoVisage","floor":21.0},{"not_picked":["hexamod:SkipABeat","hexamod:SoulSteal"],"picked":"hexamod:GhostOfSpirePast","floor":21.0},{"not_picked":["hexamod:ShieldOfDarkness+1","hexamod:HauntingEcho+1"],"picked":"hexamod:NecessarySacrifice","floor":22.0},{"not_picked":["hexamod:GhostLash","hexamod:GhostOfSpirePast"],"picked":"hexamod:EtherealExpedition+1","floor":22.0},{"not_picked":["hexamod:Again","hexamod:HeatShield+1","hexamod:BacktrackSmack"],"picked":"SKIP","floor":22.0},{"not_picked":["hexamod:Hexaguard","hexamod:GhostOfSpirePast"],"picked":"hexamod:GhostflameBarrier","floor":23.0},{"not_picked":["hexamod:RainOfEmbers+1","hexamod:UnleashSpirits"],"picked":"hexamod:ShieldOfDarkness","floor":26.0},{"not_picked":["hexamod:FirstSeal","hexamod:SpectersWail"],"picked":"hexamod:BurningTouch+1","floor":26.0},{"not_picked":["hexamod:TimeWarp","hexamod:PhantomFireball"],"picked":"hexamod:RecurringNightmare+1","floor":27.0},{"not_picked":["hexamod:ShieldOfDarkness","hexamod:ThermalTransfer+1"],"picked":"hexamod:FifthSeal","floor":27.0},{"not_picked":["hexamod:ThirdSeal","hexamod:SecondSeal"],"picked":"hexamod:SixthSeal","floor":31.0},{"not_picked":["hexamod:SecondSeal","hexamod:FirstSeal"],"picked":"hexamod:FourthSeal","floor":31.0},{"not_picked":["hexamod:ParanormalForm","hexamod:SoulSteal"],"picked":"hexamod:SpectersWail+1","floor":31.0},{"not_picked":["hexamod:HauntingEcho","hexamod:SwordOfDarkness"],"picked":"hexamod:CatchUp","floor":32.0},{"not_picked":["hexamod:FifthSeal","hexamod:UnleashSpirits"],"picked":"hexamod:GhostflameInferno","floor":33.0},{"not_picked":["Cloak And Dagger","hexamod:BurningTouch","Masterful Stab+1"],"picked":"MostiFishMod:InvigoratingSolution+1","floor":36.0},{"not_picked":["Bane","Dagger Spray","Prepared+1"],"picked":"MostiFishMod:SpreadingSpore","floor":37.0},{"not_picked":["Poisoned Stab","hexamod:ShieldOfDarkness","hexamod:BurningTouch+1"],"picked":"hexamod:RadiantFlame+1","floor":38.0},{"not_picked":["hexamod:GhostShield","Acrobatics+1","hexamod:ShieldOfDarkness","hexamod:ThermalTransfer+1"],"picked":"SKIP","floor":38.0},{"not_picked":["hexamod:FastForward","hexamod:NightmareStrike","Masterful Stab","Cloak And Dagger+1"],"picked":"SKIP","floor":39.0},{"not_picked":["hexamod:FirstSeal","hexamod:FourthSeal","hexamod:SecondSeal","hexamod:ThirdSeal"],"picked":"hexamod:SixthSeal","floor":42.0},{"not_picked":["hubris:Counter+1","Sucker Punch+1","Deflect+1","Distraction+1"],"picked":"hexamod:InspiringFlames+1","floor":42.0},{"not_picked":["hexamod:SecondSeal","hexamod:FirstSeal","hexamod:ThirdSeal","hexamod:FourthSeal"],"picked":"hexamod:SixthSeal","floor":44.0},{"not_picked":["hexamod:GhostShield+1","hexamod:GhostLash+1","Choke","Outmaneuver+1"],"picked":"hexamod:FourthSeal","floor":44.0},{"not_picked":["Sucker Punch","Cloak And Dagger+1","Dagger Throw+1","hexamod:SpectersWail"],"picked":"hexamod:Firestarter","floor":46.0},{"not_picked":["Finisher","Dagger Spray+1","hexamod:HauntingEcho","Deadly Poison"],"picked":"hubris:TrickCloak+1","floor":46.0},{"not_picked":["Bane+1","MostiFishMod:LethalBlade","hexamod:Firestarter","MostiFishMod:GrandStart"],"picked":"hexamod:NecessarySacrifice+1","floor":48},{"not_picked":["Outmaneuver","Dagger Spray","hexamod:Hexaguard+1","hexamod:GhostLash"],"picked":"hexamod:TimeWarp","floor":49},{"not_picked":["hexamod:FirstSeal","hexamod:FourthSeal","hexamod:ThirdSeal","hexamod:SecondSeal"],"picked":"hexamod:SixthSeal","floor":52},{"not_picked":["Well Laid Plans","hexamod:CrushingStance","hexamod:BacktrackSmack+1","Cloak And Dagger+1"],"picked":"hexamod:SpectersWail+1","floor":52}],"player_experience":357156,"relics_obtained":[{"floor":4.0,"key":"Civilization"},{"floor":7.0,"key":"PreservedInsect"},{"floor":10.0,"key":"InkBottle"},{"floor":12.0,"key":"downfall:CloakOfManyFaces"},{"floor":16.0,"key":"ImportantClient"},{"floor":21.0,"key":"Tiny Chest"},{"floor":27.0,"key":"SynthV:C4"},{"floor":40.0,"key":"aspiration:Lifesprig"},{"floor":41.0,"key":"hubris:AstralHammer"},{"floor":44.0,"key":"hubris:TenFootPole"},{"floor":52,"key":"hexamod:InflammatoryLetter"}],"event_choices":[{"damage_healed":0.0,"max_hp_gain":0.0,"max_hp_loss":0.0,"gold_gain":0.0,"event_name":"betterNote:BetterNote","player_choice":"Ignored","floor":19.0,"gold_loss":0.0,"damage_taken":0.0,"cards_obtained":["Echo Form"]},{"damage_healed":0,"gold_gain":0,"player_choice":"Upgraded","damage_taken":0,"max_hp_gain":0,"max_hp_loss":0,"event_name":"Upgrade Shrine","floor":47,"gold_loss":0,"cards_upgraded":["hexamod:EmpoweringStance"]}],"is_beta":false,"boss_relics":[{"not_picked":["Fusion Hammer","TimeKeys"],"picked":"DiscerningMonocle"},{"not_picked":["PatriotShield","hubris:Stopwatch"],"picked":"aspiration:SilentSkillbook"}],"items_purged_floors":[39],"is_endless":false,"potions_floor_spawned":[8,9,13,15,16,20,27,31,32,36,38,42,48],"ascension_level":0}}