{"host":"2461dio7vetlq1z3","time":1608528863,"event":{"mods":["2.2 Compatiblity","AchievementEnabler","BaseMod","Better Third Choice","Hermit","Minty Spire (QoL Compilation)","Relic Stats","Spicy Shops","StSLib","Waifu the Spire"],"gold_per_floor":[110,110,185,185,185,185,196,229,277,277,292,292,303,318,318,427,427,454,481,94,104,104,104,137,154,178,188,188],"floor_reached":27,"playtime":1033,"items_purged":["hermit:Strike_Hermit"],"score":315,"play_id":"de654eff-caa4-4180-aa58-0aae4f80c9df","local_time":"20201221063423","is_ascension_mode":true,"campfire_choices":[{"data":"hermit:Snapshot","floor":6,"key":"SMITH"},{"data":"hermit:GoldenBullet","floor":10,"key":"SMITH"},{"floor":12,"key":"REST"},{"data":"hermit:Roughhouse","floor":15,"key":"SMITH"},{"floor":23,"key":"REST"}],"circlet_count":0,"master_deck":["hermit:Strike_Hermit","hermit:Defend_Hermit","hermit:Defend_Hermit","hermit:Defend_Hermit","hermit:Defend_Hermit","hermit:Snapshot+1","hermit:Covet","hermit:RoundhouseKick","hermit:GoldenBullet+1","hermit:Scavenge","hermit:Roughhouse+1","hermit:LoneWolf","hermit:Scavenge","hermit:Gambit","hermit:CursedWeapon+1","hermit:Vantage+1","hermit:Brawl+1","hermit:Manifest+1"],"relics":["hermit:Momento","hermit:Spyglass","Omamori","Empty Cage","Shovel","Enchiridion","StrikeDummy","Smiling Mask"],"acts_visited":["Exordium","TheCity"],"potions_floor_usage":[21,25],"damage_taken":[{"damage":7,"enemies":"Small Slimes","floor":1,"turns":4},{"damage":0,"enemies":"2 Louse","floor":7,"turns":1},{"damage":20,"enemies":"3 Sentries","floor":8,"turns":7},{"damage":0,"enemies":"Cultist","floor":11,"turns":2},{"damage":27,"enemies":"Exordium Wildlife","floor":13,"turns":3},{"damage":2,"enemies":"2 Fungi Beasts","floor":14,"turns":3},{"damage":7,"enemies":"The Guardian","floor":16,"turns":10},{"damage":12,"enemies":"Chosen","floor":18,"turns":4},{"damage":5,"enemies":"Shell Parasite","floor":19,"turns":5},{"damage":4,"enemies":"Cultist and Chosen","floor":21,"turns":6},{"damage":18,"enemies":"Book of Stabbing","floor":24,"turns":5},{"damage":8,"enemies":"Snecko","floor":25,"turns":5},{"damage":32,"enemies":"Masked Bandits","floor":27,"turns":3}],"seed_played":"1218541274971905969","potions_obtained":[{"floor":7,"key":"GamblersBrew"},{"floor":16,"key":"SteroidPotion"},{"floor":18,"key":"Weak Potion"},{"floor":19,"key":"Dexterity Potion"},{"floor":24,"key":"Energy Potion"}],"is_trial":false,"path_per_floor":["M","?","?","?","?","R","M","E","T","R","M","R","M","M","R","B",null,"M","M","$","M","?","R","E","M","T","?"],"character_chosen":"HERMIT","items_purchased":["Shovel"],"campfire_rested":2,"item_purchase_floors":[20],"current_hp_per_floor":[61,61,50,43,48,48,48,28,28,28,28,50,23,21,21,14,60,48,43,43,39,23,45,27,19,19,0,0],"gold":188,"neow_bonus":"ONE_RANDOM_RARE_CARD","is_daily":false,"chose_seed":false,"campfire_upgraded":3,"win_rate":0.0,"timestamp":1608528863,"path_taken":["M","?","?","?","?","R","M","E","T","R","M","R","?","M","R","BOSS","M","M","$","M","?","R","E","M","T","?"],"items_purchased_type":["Relic"],"build_version":"2020-12-13","purchased_purges":1,"victory":false,"max_hp_per_floor":[75,75,75,75,75,75,75,75,75,75,75,75,75,75,75,75,75,75,75,75,75,75,75,75,75,75,75,75],"relic_stats":{"Shovel":0,"counters":[13,58],"Smiling Mask":0,"obtain_stats":[{"Shovel":20,"Enchiridion":22,"Omamori":9,"Empty Cage":17,"StrikeDummy":24,"Smiling Mask":26,"hermit:Momento":0,"hermit:Spyglass":8},{"Shovel":9,"Enchiridion":10,"Omamori":3,"Empty Cage":7,"StrikeDummy":11,"Smiling Mask":12,"hermit:Momento":0,"hermit:Spyglass":3},{"Shovel":39,"Enchiridion":45,"Omamori":12,"Empty Cage":30,"StrikeDummy":50,"Smiling Mask":55,"hermit:Momento":0,"hermit:Spyglass":12}]},"card_choices":[{"not_picked":["hermit:Roulette","hermit:BigShot"],"picked":"hermit:HoleUp","floor":1},{"not_picked":["hermit:Malice","hermit:Coalescence"],"picked":"hermit:GoldenBullet","floor":7},{"not_picked":["hermit:Snipe","hermit:ShadowCloak"],"picked":"hermit:Scavenge","floor":8},{"not_picked":["hermit:Dive","hermit:Glare"],"picked":"hermit:Roughhouse","floor":11},{"not_picked":["hermit:Spite","hermit:GhostlyPresence"],"picked":"hermit:LoneWolf","floor":13},{"not_picked":["hermit:Horror","hermit:HighCaliber"],"picked":"hermit:Scavenge","floor":14},{"not_picked":["hermit:DeadOrAlive","hermit:Adapt"],"picked":"hermit:Gambit","floor":16},{"not_picked":["hermit:Cheat","hermit:LoneWolf"],"picked":"hermit:CursedWeapon+1","floor":18},{"not_picked":["hermit:CalledShot","hermit:SprayPray+1"],"picked":"hermit:Vantage+1","floor":19},{"not_picked":["hermit:LowProfile+1","hermit:EyeOfTheStorm+1"],"picked":"hermit:Brawl+1","floor":21},{"not_picked":["hermit:HighCaliber","hermit:BlackWind","hermit:Malice"],"picked":"SKIP","floor":24},{"not_picked":["hermit:TakeAim","hermit:Headshot"],"picked":"hermit:Manifest+1","floor":25}],"player_experience":805838,"relics_obtained":[{"floor":8,"key":"hermit:Spyglass"},{"floor":9,"key":"Omamori"},{"floor":22,"key":"Enchiridion"},{"floor":24,"key":"StrikeDummy"},{"floor":26,"key":"Smiling Mask"}],"event_choices":[{"damage_healed":61,"gold_gain":0,"player_choice":"Embrace Burn","damage_taken":0,"max_hp_gain":0,"max_hp_loss":75,"event_name":"betterThird:BetterShining","floor":2,"gold_loss":0},{"damage_healed":0,"gold_gain":75,"player_choice":"Gold","damage_taken":11,"max_hp_gain":0,"max_hp_loss":0,"event_name":"betterThird:BetterGoop","floor":3,"gold_loss":0},{"cards_removed":["Burn"],"damage_healed":0,"gold_gain":0,"player_choice":"Card Removal","damage_taken":7,"max_hp_gain":0,"max_hp_loss":0,"event_name":"Golden Wing","floor":4,"gold_loss":0},{"cards_removed":["hermit:HoleUp"],"damage_healed":5,"gold_gain":0,"player_choice":"Offered Common","damage_taken":0,"max_hp_gain":0,"max_hp_loss":0,"event_name":"Bonfire Elementals","floor":5,"gold_loss":0},{"cards_removed":["hermit:HoleUp"],"damage_healed":5,"gold_gain":0,"player_choice":"Offered Special","damage_taken":0,"max_hp_gain":0,"max_hp_loss":0,"event_name":"Bonfire Elementals","floor":5,"gold_loss":0},{"damage_healed":0,"gold_gain":0,"player_choice":"Obtained Book","damage_taken":16,"max_hp_gain":0,"max_hp_loss":0,"event_name":"Cursed Tome","floor":22,"gold_loss":0},{"damage_healed":0,"gold_gain":0,"player_choice":"Fought Bandits","damage_taken":0,"max_hp_gain":0,"max_hp_loss":0,"event_name":"Masked Bandits","floor":27,"gold_loss":0}],"is_beta":false,"boss_relics":[{"not_picked":["Velvet Choker","Cursed Key"],"picked":"Empty Cage"}],"items_purged_floors":[20],"is_endless":false,"potions_floor_spawned":[7,16,18,19,24],"killed_by":"Masked Bandits","ascension_level":7}}