{"host":"19tvufa8xx4wr4o1","time":1608569218,"event":{"mods":["AchievementEnabler","BaseMod","Better Sensory Stone","Better Third Choice","Highlight Path","Minty Spire (QoL Compilation)","Relic Stats","StSLib"],"gold_per_floor":[109,284,359,33,50,50,62,95,95,95,95,111,131,144,144,248,248,264,264,179,179,241,267,267,122,122,172,172,322,322,372,372,473,473,489,245,305,45,64,64,64,114,114,129,129,195,69,97,97,97],"floor_reached":51,"playtime":1731,"items_purged":["Doubt"],"score":1134,"play_id":"0a2d44c3-e738-459c-89d9-559434f1616d","local_time":"20201221104658","is_ascension_mode":true,"campfire_choices":[{"data":"Bash","floor":6.0,"key":"SMITH"},{"data":"Uppercut","floor":11.0,"key":"SMITH"},{"data":"Berserk","floor":15.0,"key":"SMITH"},{"floor":24.0,"key":"REST"},{"floor":30.0,"key":"REST"},{"data":"True Grit","floor":32.0,"key":"SMITH"},{"data":"Barricade","floor":40.0,"key":"SMITH"},{"data":"Rampage","floor":41.0,"key":"SMITH"},{"floor":45.0,"key":"REST"},{"data":"True Grit","floor":49,"key":"SMITH"}],"circlet_count":0,"master_deck":["AscendersBane","Strike_R+1","Strike_R+1","Strike_R+1","Strike_R+1","Strike_R+1","Defend_R+1","Defend_R+1","Defend_R+1","Defend_R+1","Bash+1","Rampage+1","Pummel","Uppercut+1","Fiend Fire","Berserk+1","Spot Weakness+1","Ghostly Armor","Offering+1","Pommel Strike+1","True Grit+1","Immolate","Shrug It Off","Barricade+1","Disarm+1","Impervious","Feel No Pain","True Grit+1"],"relics":["Burning Blood","Boot","Paper Frog","Mango","Magic Flower","Odd Mushroom","Runic Pyramid","Nunchaku","SsserpentHead","Bottled Lightning","Lantern","Bottled Flame","WingedGreaves","InkBottle","War Paint","Sozu","Kunai","Oddly Smooth Stone","Torii","The Courier"],"acts_visited":["Exordium","TheCity","TheBeyond"],"potions_floor_usage":[],"damage_taken":[{"damage":7.0,"enemies":"Small Slimes","floor":1.0,"turns":4.0},{"damage":9.0,"enemies":"Jaw Worm","floor":5.0,"turns":3.0},{"damage":8.0,"enemies":"2 Louse","floor":7.0,"turns":3.0},{"damage":8.0,"enemies":"Gremlin Nob","floor":8.0,"turns":3.0},{"damage":7.0,"enemies":"Exordium Thugs","floor":12.0,"turns":3.0},{"damage":24.0,"enemies":"The Mushroom Lair","floor":13.0,"turns":4.0},{"damage":4.0,"enemies":"2 Fungi Beasts","floor":14.0,"turns":4.0},{"damage":53.0,"enemies":"The Guardian","floor":16.0,"turns":15.0},{"damage":19.0,"enemies":"Spheric Guardian","floor":18.0,"turns":4.0},{"damage":25.0,"enemies":"2 Thieves","floor":22.0,"turns":2.0},{"damage":19.0,"enemies":"Book of Stabbing","floor":23.0,"turns":4.0},{"damage":19.0,"enemies":"Colosseum Slavers","floor":29.0,"turns":2.0},{"damage":13.0,"enemies":"Colosseum Nobs","floor":29.0,"turns":3.0},{"damage":34.0,"enemies":"Automaton","floor":33.0,"turns":9.0},{"damage":6.0,"enemies":"Orb Walker","floor":35.0,"turns":2.0},{"damage":7.0,"enemies":"3 Shapes","floor":37.0,"turns":6.0},{"damage":6.0,"enemies":"Maw","floor":39.0,"turns":6.0},{"damage":39.0,"enemies":"Spire Growth","floor":44.0,"turns":5.0},{"damage":7,"enemies":"Writhing Mass","floor":46,"turns":4},{"damage":21,"enemies":"Reptomancer","floor":48,"turns":7},{"damage":6,"enemies":"Time Eater","floor":50,"turns":11}],"seed_played":"9522560808550990","potions_obtained":[{"floor":1.0,"key":"DuplicationPotion"},{"floor":7.0,"key":"SpeedPotion"},{"floor":12.0,"key":"CultistPotion"},{"floor":13.0,"key":"Swift Potion"},{"floor":18.0,"key":"BlessingOfTheForge"},{"floor":23.0,"key":"BloodPotion"}],"is_trial":false,"path_per_floor":["M","?","?","$","M","R","M","E","T","?","R","M","?","M","R","B",null,"M","?","?","?","M","E","R","$","T","?","$","?","R","T","R","B",null,"M","$","M","$","M","R","R","?","T","M","R","M","$","E","R","B",null],"character_chosen":"IRONCLAD","items_purchased":["Paper Frog","Lantern","Kunai","Oddly Smooth Stone","Barricade","Feel No Pain","True Grit"],"campfire_rested":3,"item_purchase_floors":[4,25,36,38,38,47,47],"current_hp_per_floor":[71,71,60,60,57,57,55,67,67,67,67,69,54,59,59,15,74,64,64,64,64,48,38,66,66,66,66,66,52,80,80,80,55,84,87,87,89,89,92,92,92,92,92,62,90,92,92,80,80,83],"gold":97,"neow_bonus":"RANDOM_COMMON_RELIC","is_daily":false,"chose_seed":false,"campfire_upgraded":7,"win_rate":0.0,"timestamp":1608569218,"path_taken":["M","?","?","$","M","R","M","E","T","?","R","?","?","M","R","BOSS","M","?","?","?","?","E","R","$","T","?","$","?","R","?","R","BOSS","M","$","?","?","M","R","R","?","T","M","R","?","$","E","R","BOSS"],"items_purchased_type":["Relic","Relic","Relic","Relic","Card","Card","Card"],"build_version":"2020-12-13","purchased_purges":1,"victory":true,"max_hp_per_floor":[80,80,80,80,80,80,80,94,94,94,94,94,94,94,94,94,94,94,94,94,94,94,94,94,94,94,94,94,94,94,94,94,94,94,94,94,94,94,94,94,94,94,94,94,94,94,94,94,94,94],"relic_stats":{"Sozu":3,"SsserpentHead":400,"Nunchaku":[12],"Torii":6,"counters":[21,104],"Magic Flower":[51],"Kunai":[10],"War Paint":["Offering","Spot Weakness"],"Boot":[89],"obtain_stats":[{"Lantern":25,"Torii":43,"Magic Flower":9,"Oddly Smooth Stone":38,"Mango":8,"The Courier":48,"Odd Mushroom":13,"War Paint":31,"Boot":0,"Burning Blood":0,"Sozu":34,"SsserpentHead":21,"Nunchaku":20,"Bottled Flame":26,"WingedGreaves":29,"Bottled Lightning":23,"Kunai":36,"InkBottle":29,"Paper Frog":4,"Runic Pyramid":17},{"Lantern":11,"Torii":17,"Magic Flower":4,"Oddly Smooth Stone":16,"Mango":4,"The Courier":20,"Odd Mushroom":6,"War Paint":13,"Boot":0,"Burning Blood":0,"Sozu":14,"SsserpentHead":9,"Nunchaku":9,"Bottled Flame":11,"WingedGreaves":13,"Bottled Lightning":11,"Kunai":15,"InkBottle":13,"Paper Frog":1,"Runic Pyramid":8},{"Lantern":49,"Torii":77,"Magic Flower":13,"Oddly Smooth Stone":71,"Mango":13,"The Courier":93,"Odd Mushroom":20,"War Paint":54,"Boot":0,"Burning Blood":0,"Sozu":63,"SsserpentHead":43,"Nunchaku":43,"Bottled Flame":49,"WingedGreaves":54,"Bottled Lightning":49,"Kunai":65,"InkBottle":54,"Paper Frog":4,"Runic Pyramid":39}],"Burning Blood":177,"InkBottle":[19]},"card_choices":[{"not_picked":["Havoc","Heavy Blade"],"picked":"Rampage","floor":1.0},{"not_picked":["Entrench","Wild Strike","Infernal Blade"],"picked":"SKIP","floor":5.0},{"not_picked":["Rupture","Twin Strike"],"picked":"Pummel","floor":7.0},{"not_picked":["Sentinel","Twin Strike"],"picked":"Uppercut","floor":8.0},{"not_picked":["Iron Wave","Havoc"],"picked":"Berserk","floor":12.0},{"not_picked":["Cleave","Shrug It Off"],"picked":"Spot Weakness","floor":13.0},{"not_picked":["Clothesline","Infernal Blade"],"picked":"Ghostly Armor","floor":14.0},{"not_picked":["Barricade","Limit Break"],"picked":"Offering","floor":16.0},{"not_picked":["Intimidate","Wild Strike+1"],"picked":"Pommel Strike+1","floor":18.0},{"not_picked":["Havoc","Perfected Strike+1"],"picked":"True Grit","floor":22.0},{"not_picked":["Perfected Strike","Havoc","Pommel Strike+1"],"picked":"SKIP","floor":23.0},{"not_picked":["Bludgeon","Exhume"],"picked":"Immolate","floor":33.0},{"not_picked":["Uppercut","Warcry"],"picked":"Shrug It Off","floor":35.0},{"not_picked":["Twin Strike","Second Wind","Anger+1"],"picked":"SKIP","floor":37.0},{"not_picked":["Havoc+1","Burning Pact+1","Clash"],"picked":"SKIP","floor":39.0},{"not_picked":["Evolve+1","Intimidate"],"picked":"Disarm+1","floor":44.0},{"not_picked":["Perfected Strike","Havoc+1"],"picked":"Impervious","floor":46},{"not_picked":["Headbutt+1","Pommel Strike","Combust+1"],"picked":"SKIP","floor":48}],"player_experience":503921,"relics_obtained":[{"floor":8.0,"key":"Mango"},{"floor":9.0,"key":"Magic Flower"},{"floor":13.0,"key":"Odd Mushroom"},{"floor":23.0,"key":"Bottled Lightning"},{"floor":26.0,"key":"Bottled Flame"},{"floor":29.0,"key":"WingedGreaves"},{"floor":29.0,"key":"InkBottle"},{"floor":31.0,"key":"War Paint"},{"floor":43.0,"key":"Torii"},{"floor":48,"key":"The Courier"}],"event_choices":[{"damage_healed":0.0,"max_hp_gain":0.0,"max_hp_loss":0.0,"gold_gain":175.0,"event_name":"betterThird:BetterSerpent","player_choice":"AGREE","floor":2.0,"gold_loss":0.0,"damage_taken":109.0},{"damage_healed":0.0,"max_hp_gain":0.0,"max_hp_loss":0.0,"gold_gain":75.0,"event_name":"betterThird:BetterGoop","player_choice":"Gold","floor":3.0,"gold_loss":0.0,"damage_taken":11.0},{"damage_healed":0.0,"max_hp_gain":0.0,"max_hp_loss":0.0,"gold_gain":0.0,"event_name":"Match and Keep!","player_choice":"1 cards matched","floor":10.0,"gold_loss":0.0,"damage_taken":0.0,"cards_obtained":["Fiend Fire"]},{"damage_healed":0.0,"max_hp_gain":0.0,"max_hp_loss":0.0,"gold_gain":0.0,"event_name":"Mushrooms","player_choice":"Fought Mushrooms","floor":13.0,"gold_loss":0.0,"damage_taken":0.0},{"damage_healed":0.0,"max_hp_gain":0.0,"max_hp_loss":9.0,"gold_gain":0.0,"event_name":"betterThird:BetterWriting","player_choice":"Simplicity","floor":19.0,"gold_loss":0.0,"damage_taken":0.0},{"damage_healed":0.0,"max_hp_gain":0.0,"max_hp_loss":0.0,"gold_gain":0.0,"event_name":"Addict","player_choice":"Obtained Relic","floor":20.0,"gold_loss":85.0,"damage_taken":0.0,"relics_obtained":["Nunchaku"]},{"damage_healed":0.0,"max_hp_gain":0.0,"max_hp_loss":0.0,"gold_gain":0.0,"event_name":"FaceTrader","player_choice":"Trade","floor":21.0,"gold_loss":0.0,"damage_taken":0.0,"relics_obtained":["SsserpentHead"]},{"damage_healed":0.0,"max_hp_gain":0.0,"max_hp_loss":0.0,"gold_gain":0.0,"event_name":"Vampires","player_choice":"Ignored","floor":27.0,"gold_loss":0.0,"damage_taken":0.0},{"damage_healed":0.0,"max_hp_gain":0.0,"max_hp_loss":0.0,"gold_gain":0.0,"event_name":"Colosseum","player_choice":"Fight","floor":29.0,"gold_loss":0.0,"damage_taken":0.0},{"damage_healed":0.0,"max_hp_gain":0.0,"max_hp_loss":0.0,"gold_gain":0.0,"event_name":"Colosseum","player_choice":"Fought Nobs","floor":29.0,"gold_loss":0.0,"damage_taken":0.0},{"damage_healed":0.0,"max_hp_gain":0.0,"max_hp_loss":0.0,"gold_gain":0.0,"event_name":"Transmorgrifier","player_choice":"Ignored","floor":42.0,"gold_loss":0.0,"damage_taken":0.0}],"is_beta":false,"boss_relics":[{"not_picked":["Runic Cube","Runic Dome"],"picked":"Runic Pyramid"},{"not_picked":["SacredBark","Astrolabe"],"picked":"Sozu"}],"items_purged_floors":[4],"is_endless":false,"potions_floor_spawned":[1,7,12,13,18,23,29,39,46,48],"ascension_level":10}}