{"host":"6k83u4w3pgxa5yg2","time":1608590857,"event":{"mods":["2.2 Compatiblity","AchievementEnabler","Act Like it!","Aspiration","Astrologer","BaseMod","Better Note","Better Sensory Stone","Block Reminder","CapriCore","Card Forge","Conspire","Custom Start","Defuse TimeMaze Blight","Dio Mod","Downfall","Friendly Minions","Gensokyo","Hallownest","Hermit","HololiveMod","Hubris","Hyrulean Relics","Infinite Spire","Koishi","KomeijiMod","Lobotomy","LobotomyExtend","Mari Mod (Legacy)","Mari\u0027s V1 Patch","MarisaÅiñ∂âJÅ@ñÇóùçπÅj","Minty Spire (QoL Compilation)","MostiFishMod","Railgun Mod","ReimuÅiîé??öÎÅj","Relic Stats","RemiliaÅiÂQïƒ‰ª?Åj","Replay The Spire","RumiaBox-òIïƒ?ìIê_îÈ·¥éq","Small Relic Pack","StSLib","The Animator","The Bladedancer","The Gatherer","The Immortal","The Poker Player","The Wild Card","TheBandit","TheVelvet","Transform Curses","Uncapped","Waifu the Spire","Wandering Minibosses","WarShipGirlsR/??è≠èóR mod","Yohane!","YoumuÅiç∞ÈÆódöÎÅj","Yuyuko","Åyå˜î\ModÅz?ñæìIç≈?Boss","Åy?ï®?îvÅzREMEMod"],"gold_per_floor":[114,114,128,140,152,152,142,131,157,157,159,159,159,134,134,209,209,196,185,172,172,172,172,177,177,177,177,177,184,170,170,170,244,244,237,222,155,155,180,157,157,146,146,132,208,58,65,60,60,109,109,94,65,65],"floor_reached":53,"playtime":21360,"items_purged":[],"score":933,"play_id":"2af29558-6a29-4246-95b2-bc7801a709d6","local_time":"20201221144737","is_ascension_mode":false,"campfire_choices":[{"data":"MariMod:Mari_Administrator_Privilege","floor":6.0,"key":"SMITH"},{"data":"astrologer:Observe","floor":13.0,"key":"SMITH"},{"data":"astrologer:NorthStar","floor":15.0,"key":"SMITH"},{"data":"ReplayTheSpireMod:Black Plague","floor":23.0,"key":"SMITH"},{"data":"astrologer:DarkMatter","floor":32.0,"key":"SMITH"},{"data":"astrologer:Strike","floor":41.0,"key":"SMITH"},{"data":"astrologer:StarOfMisfortune","floor":49,"key":"SMITH"}],"circlet_count":0,"master_deck":["CENSORED","WhiteNight","ApocalypseBird","LongBird","astrologer:Strike+1","astrologer:Strike","astrologer:Strike","astrologer:Defend+1","astrologer:Defend+1","astrologer:Defend+1","HereticApostle","astrologer:TheFool","MariMod:Mari_Administrator_Privilege+1","astrologer:MeteorShower","astrologer:SpaceDust","astrologer:SolarFlare","astrologer:Stardust","UniverseFragment","DespairKnight","astrologer:SolarFlare","GreedKing","astrologer:DarkMatter+1","astrologer:LonelyStar","OSAHOGD","astrologer:Moonlight","Freischutz","astrologer:ReadTheStars","ReplayTheSpireMod:Black Plague+1","Replay:Fractal Strike","FieryBird","Panacea","astrologer:StarOfMisfortune+1","astrologer:SolarFlare","astrologer:MeteorShower+1","astrologer:Prismatic+1","astrologer:SpaceDust+1","astrologer:Novile","astrologer:Confirmation","astrologer:Still+1","astrologer:Trine","astrologer:TheChariot","LaLuna","astrologer:MeteorShower+1","astrologer:Nova","astrologer:TheHighPriestess"],"relics":["astrologer:SkyMirror","Hammer of Thor","Seething Fire","Anvil of the Gods","REME_ComplimentaryCards","DaveBox","CogitoBucket","RabbitCall","EGODaCapo","Question Card","LetterFromLob","ReplayTheSpireMod:Ring of Collecting","BehaviorAdjustment","Ring of Fury","aspiration:ChemicalBlood","Replay:Bottled Eggs","Spirit Poop","Twilight","Transparent","wanderingMiniBosses:CarrionFlame","HellTrain","Replay:Drink Me","Mastiff:ReiMu","Boot","infinitespire:ShieldingShard","Red Mask","EasyGame_NEW","AtMidnight","TreeSap","DeathAngel","relicPack:DSword","infinitespire:Lychee Nut","ReplayTheSpireMod:Ring of Challenge","ReplayTheSpireMod:Lightbulb","hubris:TinFlute","Ring of Misfortune","SSSystem","CENSORED_r","Runic Pyramid"],"acts_visited":["Exordium"],"potions_floor_usage":[47,50,50],"damage_taken":[{"damage":0.0,"enemies":"conspire:RoseBush","floor":1.0,"turns":3.0},{"damage":0.0,"enemies":"2 Louse","floor":3.0,"turns":3.0},{"damage":3.0,"enemies":"Small Slimes","floor":4.0,"turns":4.0},{"damage":10.0,"enemies":"Gremlin Gang","floor":5.0,"turns":7.0},{"damage":0.0,"enemies":"Large Slime","floor":7.0,"turns":7.0},{"damage":4.0,"enemies":"Blue Slaver","floor":8.0,"turns":5.0},{"damage":16.0,"enemies":"Replay:BlueRogue","floor":11.0,"turns":8.0},{"damage":0.0,"enemies":"conspire:2 RoseBushes","floor":14.0,"turns":1.0},{"damage":12.0,"enemies":"Fading Forest","floor":16.0,"turns":11.0},{"damage":44.0,"enemies":"Spheric Guardian","floor":18.0,"turns":6.0},{"damage":21.0,"enemies":"conspire:FuzzyDice","floor":19.0,"turns":3.0},{"damage":21.0,"enemies":"Snake Plant","floor":20.0,"turns":3.0},{"damage":20.0,"enemies":"Nightmare","floor":24.0,"turns":4.0},{"damage":9.0,"enemies":"Masked Bandits","floor":29.0,"turns":2.0},{"damage":15.0,"enemies":"Centurion and Healer","floor":30.0,"turns":3.0},{"damage":27.0,"enemies":"StardustCrusaders","floor":33.0,"turns":5.0},{"damage":6.0,"enemies":"3 Darklings","floor":35.0,"turns":3.0},{"damage":9.0,"enemies":"3 Shapes","floor":36.0,"turns":2.0},{"damage":18.0,"enemies":"Sphere and 2 Shapes","floor":37.0,"turns":4.0},{"damage":6.0,"enemies":"Mind Bloom Boss Battle","floor":39.0,"turns":2.0},{"damage":2.0,"enemies":"Sphere and 2 Shapes","floor":40.0,"turns":2.0},{"damage":14.0,"enemies":"Maw","floor":42.0,"turns":5.0},{"damage":2,"enemies":"Jaw Worm Horde","floor":44,"turns":2},{"damage":14,"enemies":"R_Hoarder","floor":47,"turns":4},{"damage":23,"enemies":"Transient","floor":48,"turns":4},{"damage":27,"enemies":"Replay:Hell Engine","floor":50,"turns":10},{"damage":0,"enemies":"2 Louse","floor":52,"turns":1},{"damage":0,"enemies":"Small Slimes","floor":53,"turns":1}],"seed_played":"-1572189111716395548","potions_obtained":[{"floor":5.0,"key":"SkillPotion"},{"floor":7.0,"key":"Dexterity Potion"},{"floor":16.0,"key":"Fruit Juice"},{"floor":18.0,"key":"Flashbang"},{"floor":18.0,"key":"SpeedPotion"},{"floor":19.0,"key":"Block Potion"},{"floor":25.0,"key":"Regen Potion"},{"floor":33.0,"key":"GamblersBrew"},{"floor":37.0,"key":"AttackPotion"},{"floor":48,"key":"Dexterity Potion"},{"floor":48,"key":"SteroidPotion"}],"is_trial":false,"path_per_floor":["M","?","M","M","M","R","M","M","T","?","E","?","R","M","R","B",null,"M","M","M","AVR","?","R","NM","?","T","?","?","?","M","$","R","B",null,"M","M","M","?","?","M","R","M","T","M","T","$","E","M","R","B",null,"M","M"],"character_chosen":"ASTROLOGER","items_purchased":["astrologer:Trine"],"campfire_rested":0,"item_purchase_floors":[46],"current_hp_per_floor":[70,70,70,67,67,67,70,69,69,74,75,75,75,75,75,69,75,75,75,75,57,54,54,57,62,62,62,62,62,62,62,62,62,62,62,62,62,27,46,46,46,44,44,46,46,46,46,46,46,46,46,46,0,0],"gold":65,"neow_bonus":"","is_daily":false,"chose_seed":false,"campfire_upgraded":7,"win_rate":0.0,"timestamp":1608590857,"path_taken":["M","?","M","M","M","R","M","M","T","?","E","?","R","M","R","BOSS","M","M","M","AVR","?","R","NM","?","T","?","?","?","M","$","R","BOSS","M","M","M","?","?","M","R","M","T","M","?","$","E","M","R","BOSS","M","M"],"items_purchased_type":["Card"],"build_version":"2020-12-13","purchased_purges":0,"victory":false,"max_hp_per_floor":[70,70,70,70,70,70,70,70,70,75,75,75,75,75,75,75,75,75,75,75,57,57,57,57,62,62,62,62,62,62,62,62,62,62,62,62,62,62,46,46,46,46,46,46,46,46,46,46,46,46,46,46,46,46],"relic_stats":{"counters":[33,121],"Question Card":105,"Boot":[38],"obtain_stats":[{"RabbitCall":0,"CENSORED_r":50,"relicPack:DSword":38,"DaveBox":0,"Spirit Poop":12,"SSSystem":47,"Twilight":14,"Hammer of Thor":0,"Boot":24,"Yang_Lob":50,"CogitoBucket":0,"infinitespire:ShieldingShard":26,"Mastiff:ReiMu":21,"TreeSap":35,"astrologer:SkyMirror":0,"Red Mask":29,"Replay:Bottled Eggs":11,"Replay:Drink Me":21,"hubris:TinFlute":45,"aspiration:ChemicalBlood":9,"Runic Pyramid":51,"Seething Fire":0,"DeathAngel":37,"Question Card":1,"Transparent":17,"wanderingMiniBosses:CarrionFlame":18,"Anvil of the Gods":0,"EGODaCapo":0,"infinitespire:Lychee Nut":39,"ReplayTheSpireMod:Ring of Collecting":2,"Ring of Misfortune":45,"AtMidnight":35,"Ring of Fury":9,"BehaviorAdjustment":8,"LetterFromLob":1,"HellTrain":19,"ReplayTheSpireMod:Ring of Challenge":43,"ReplayTheSpireMod:Lightbulb":43,"EasyGame_NEW":34,"REME_ComplimentaryCards":0},{"RabbitCall":0,"CENSORED_r":31,"relicPack:DSword":23,"DaveBox":0,"Spirit Poop":8,"SSSystem":28,"Twilight":9,"Hammer of Thor":0,"Boot":15,"Yang_Lob":31,"CogitoBucket":0,"infinitespire:ShieldingShard":15,"Mastiff:ReiMu":14,"TreeSap":20,"astrologer:SkyMirror":0,"Red Mask":16,"Replay:Bottled Eggs":8,"Replay:Drink Me":14,"hubris:TinFlute":27,"aspiration:ChemicalBlood":7,"Runic Pyramid":31,"Seething Fire":0,"DeathAngel":23,"Question Card":1,"Transparent":10,"wanderingMiniBosses:CarrionFlame":11,"Anvil of the Gods":0,"EGODaCapo":0,"infinitespire:Lychee Nut":24,"ReplayTheSpireMod:Ring of Collecting":1,"Ring of Misfortune":27,"AtMidnight":20,"Ring of Fury":7,"BehaviorAdjustment":7,"LetterFromLob":1,"HellTrain":13,"ReplayTheSpireMod:Ring of Challenge":26,"ReplayTheSpireMod:Lightbulb":26,"EasyGame_NEW":18,"REME_ComplimentaryCards":0},{"RabbitCall":0,"CENSORED_r":112,"relicPack:DSword":89,"DaveBox":0,"Spirit Poop":38,"SSSystem":104,"Twilight":39,"Hammer of Thor":0,"Boot":67,"Yang_Lob":119,"CogitoBucket":0,"infinitespire:ShieldingShard":67,"Mastiff:ReiMu":63,"TreeSap":81,"astrologer:SkyMirror":0,"Red Mask":69,"Replay:Bottled Eggs":38,"Replay:Drink Me":63,"hubris:TinFlute":100,"aspiration:ChemicalBlood":30,"Runic Pyramid":119,"Seething Fire":0,"DeathAngel":89,"Question Card":3,"Transparent":50,"wanderingMiniBosses:CarrionFlame":56,"Anvil of the Gods":0,"EGODaCapo":0,"infinitespire:Lychee Nut":91,"ReplayTheSpireMod:Ring of Collecting":3,"Ring of Misfortune":100,"AtMidnight":81,"Ring of Fury":30,"BehaviorAdjustment":30,"LetterFromLob":3,"HellTrain":60,"ReplayTheSpireMod:Ring of Challenge":98,"ReplayTheSpireMod:Lightbulb":98,"EasyGame_NEW":77,"REME_ComplimentaryCards":0}]},"card_choices":[{"not_picked":["astrologer:Moonlight","astrologer:Premeditation"],"picked":"astrologer:MeteorShower","floor":1.0},{"not_picked":["DreamingCurrent","WallGazer"],"picked":"PunishingBird","floor":1.0},{"not_picked":["OldLady","Funeral","MeatLantern"],"picked":"Singing Bowl","floor":3.0},{"not_picked":["astrologer:TheMoon","astrologer:Prestidigitation","astrologer:CometStrike"],"picked":"astrologer:SpaceDust","floor":3.0},{"not_picked":["astrologer:FrozenStar","astrologer:ShootingStar","astrologer:Eclipse"],"picked":"astrologer:SolarFlare","floor":4.0},{"not_picked":["Murderer","OldLady","Bloodbath"],"picked":"Singing Bowl","floor":4.0},{"not_picked":["WallGazer","BeautyBeast"],"picked":"OldLady","floor":4.0},{"not_picked":["astrologer:Eclipse","astrologer:CometStrike","astrologer:StarOfChange"],"picked":"astrologer:Stardust","floor":5.0},{"not_picked":["OSAHOGD","CrumblingArmor","Murderer"],"picked":"Singing Bowl","floor":5.0},{"not_picked":["Scarecrow","VoidDream"],"picked":"QueenOfHatred","floor":5.0},{"not_picked":["astrologer:TheTower","astrologer:ReadTheStars","astrologer:Conjunction"],"picked":"astrologer:Opposition","floor":7.0},{"not_picked":["VoidDream","Wellcheers","WallGazer"],"picked":"Singing Bowl","floor":7.0},{"not_picked":["MeatLantern","SpiderBud"],"picked":"UniverseFragment","floor":7.0},{"not_picked":["astrologer:Prestidigitation","astrologer:TheHighPriestess","astrologer:Eclipse"],"picked":"astrologer:Observe","floor":8.0},{"not_picked":["OSAHOGD","Murderer","Yin"],"picked":"Singing Bowl","floor":8.0},{"not_picked":["LittlePrince","Porccubus"],"picked":"BigBird","floor":8.0},{"not_picked":["WallGazer","SpiderBud","LittleHelper"],"picked":"Singing Bowl","floor":11.0},{"not_picked":["Scorched","CherryBlossoms"],"picked":"LongBird","floor":11.0},{"not_picked":["astrologer:Retelling","astrologer:FadingStar","astrologer:Radiance"],"picked":"astrologer:FrozenStar","floor":11.0},{"not_picked":["GreedKing","Variant"],"picked":"DespairKnight","floor":14.0},{"not_picked":["astrologer:Retelling","astrologer:Still","astrologer:NeutronStar"],"picked":"astrologer:SolarFlare","floor":14.0},{"not_picked":["Porccubus","ShyLook","Variant"],"picked":"Singing Bowl","floor":16.0},{"not_picked":["BeautyBeast","ShyLook"],"picked":"GreedKing","floor":16.0},{"not_picked":["astrologer:Alignment","astrologer:TheMagician","astrologer:TheChariot"],"picked":"astrologer:DarkMatter","floor":16.0},{"not_picked":["OSAHOGD","Scorched","LittlePrince"],"picked":"Singing Bowl","floor":18.0},{"not_picked":["astrologer:Cataclysm","astrologer:TheEmperor","astrologer:FrozenStar+1"],"picked":"astrologer:LonelyStar","floor":18.0},{"not_picked":["SpiderBud","HeroicMonk","MHz"],"picked":"Singing Bowl","floor":19.0},{"not_picked":["HappyTeddy","DreamingCurrent"],"picked":"OSAHOGD","floor":19.0},{"not_picked":["astrologer:Stardust+1","astrologer:SpaceDust","astrologer:FrozenStar"],"picked":"astrologer:Moonlight","floor":19.0},{"not_picked":["PunishingBird","WhitesApple"],"picked":"Freischutz","floor":20.0},{"not_picked":["astrologer:TheEmperor","astrologer:Conjunction","astrologer:Moonlight"],"picked":"astrologer:ReadTheStars","floor":20.0},{"not_picked":["CherryBlossoms","BigBird","SnowQueen"],"picked":"Singing Bowl","floor":24.0},{"not_picked":["Murderer","RedShoes"],"picked":"FieryBird","floor":24.0},{"not_picked":["astrologer:Radiance","astrologer:CometStrike","astrologer:Death","astrologer:Opposition"],"picked":"SKIP","floor":24.0},{"not_picked":["Replay:SS_fish_2","ReplayTheSpireMod:Brewmster","Replay:Sssssssssshield"],"picked":"Panacea","floor":28.0},{"not_picked":["LittleHelper","Woodsman","WhitesApple"],"picked":"Singing Bowl","floor":29.0},{"not_picked":["astrologer:CosmicExpanse","astrologer:Eclipse","astrologer:Radiance"],"picked":"astrologer:StarOfMisfortune","floor":29.0},{"not_picked":["SpiderBud","LaLuna"],"picked":"CENSORED","floor":30.0},{"not_picked":["astrologer:Conjunction","astrologer:StarOfRegret","astrologer:Still"],"picked":"astrologer:SolarFlare","floor":30.0},{"not_picked":["SilentOrchestra","DreamingCurrent","SpiderBud"],"picked":"Singing Bowl","floor":33.0},{"not_picked":["Funeral","PunishingBird"],"picked":"PlagueDoctor","floor":35.0},{"not_picked":["astrologer:TheEmpress","astrologer:CosmicExpanse+1","astrologer:Strength"],"picked":"astrologer:MeteorShower+1","floor":35.0},{"not_picked":["SnowQueen","PunishingBird","HeroicMonk"],"picked":"Singing Bowl","floor":36.0},{"not_picked":["astrologer:Radiance","astrologer:Conjunction+1","astrologer:Eclipse+1"],"picked":"astrologer:Prismatic+1","floor":36.0},{"not_picked":["RedShoes","Bloodbath","DreamingCurrent"],"picked":"Singing Bowl","floor":37.0},{"not_picked":["astrologer:Opposition","astrologer:SolarFlare","astrologer:CrystalBall"],"picked":"astrologer:SpaceDust+1","floor":37.0},{"not_picked":["Alriune","BlackSwan","NakedNest"],"picked":"Singing Bowl","floor":39.0},{"not_picked":["DreamingCurrent","FairyFestival","BigBird"],"picked":"Singing Bowl","floor":40.0},{"not_picked":["astrologer:SpaceDust","astrologer:Judgement+1","astrologer:Stardust"],"picked":"astrologer:Novile","floor":40.0},{"not_picked":["VoidDream","Alriune","NakedNest"],"picked":"Singing Bowl","floor":42.0},{"not_picked":["astrologer:Stardust","astrologer:CometStrike","astrologer:Moonlight"],"picked":"astrologer:Confirmation","floor":42.0},{"not_picked":["Yin","DreamingCurrent","RedShoes"],"picked":"Singing Bowl","floor":44},{"not_picked":["astrologer:Moonlight","astrologer:GlassStar+1","astrologer:SolarFlare"],"picked":"astrologer:Still+1","floor":44},{"not_picked":["astrologer:StarOfMisfortune","astrologer:CometStrike+1","astrologer:Radiance"],"picked":"astrologer:TheChariot","floor":47},{"not_picked":["Funeral","DreamingCurrent","BlackSwan"],"picked":"Singing Bowl","floor":47},{"not_picked":["HappyTeddy","ShyLook"],"picked":"LaLuna","floor":47},{"not_picked":["MeltingLove","WallGazer","BlackSwan"],"picked":"Singing Bowl","floor":48},{"not_picked":["WallGazer","FairyFestival"],"picked":"Yin","floor":48},{"not_picked":["astrologer:TheStar","astrologer:Divination","astrologer:Observe"],"picked":"astrologer:MeteorShower+1","floor":48},{"not_picked":["Rudolta","MHz","NakedNest"],"picked":"Singing Bowl","floor":50},{"not_picked":["astrologer:TheSun","astrologer:HeatDeath","astrologer:TheChariot"],"picked":"astrologer:Nova","floor":50},{"not_picked":["BlackSwan","SpiderBud","HappyTeddy"],"picked":"Singing Bowl","floor":52},{"not_picked":["astrologer:SolarFlare","astrologer:TheHermit","astrologer:TheEmpress"],"picked":"astrologer:TheHighPriestess","floor":52}],"player_experience":284129,"relics_obtained":[{"floor":1.0,"key":"Question Card"},{"floor":1.0,"key":"LetterFromLob"},{"floor":2.0,"key":"ReplayTheSpireMod:Ring of Collecting"},{"floor":9.0,"key":"Ring of Fury"},{"floor":9.0,"key":"aspiration:ChemicalBlood"},{"floor":11.0,"key":"Replay:Bottled Eggs"},{"floor":14.0,"key":"Twilight"},{"floor":18.0,"key":"wanderingMiniBosses:CarrionFlame"},{"floor":24.0,"key":"Boot"},{"floor":26.0,"key":"infinitespire:ShieldingShard"},{"floor":29.0,"key":"Red Mask"},{"floor":35.0,"key":"AtMidnight"},{"floor":37.0,"key":"DeathAngel"},{"floor":39.0,"key":"infinitespire:Lychee Nut"},{"floor":43,"key":"ReplayTheSpireMod:Ring of Challenge"},{"floor":43,"key":"ReplayTheSpireMod:Lightbulb"},{"floor":45,"key":"hubris:TinFlute"},{"floor":45,"key":"Ring of Misfortune"},{"floor":47,"key":"SSSystem"}],"event_choices":[{"damage_healed":0.0,"max_hp_gain":5.0,"max_hp_loss":0.0,"gold_gain":0.0,"event_name":"Big Fish","player_choice":"Donut","floor":10.0,"gold_loss":0.0,"damage_taken":0.0},{"cards_removed":["CommonCold"],"damage_healed":0.0,"max_hp_gain":0.0,"max_hp_loss":0.0,"gold_gain":0.0,"event_name":"Bonfire Elementals","player_choice":"Offered Curse","floor":12.0,"gold_loss":0.0,"damage_taken":0.0,"relics_obtained":["Spirit Poop"]},{"damage_healed":0.0,"max_hp_gain":0.0,"max_hp_loss":0.0,"gold_gain":0.0,"event_name":"Designer","player_choice":"Punched","floor":22.0,"gold_loss":0.0,"damage_taken":3.0},{"damage_healed":0.0,"max_hp_gain":0.0,"max_hp_loss":0.0,"gold_gain":0.0,"event_name":"Lab","player_choice":"Got Potions","floor":25.0,"gold_loss":0.0,"damage_taken":0.0},{"damage_healed":0.0,"max_hp_gain":0.0,"max_hp_loss":0.0,"gold_gain":0.0,"event_name":"N\u0027loth","player_choice":"Ignored","floor":27.0,"gold_loss":0.0,"damage_taken":0.0},{"damage_healed":0.0,"max_hp_gain":0.0,"max_hp_loss":0.0,"gold_gain":2.0,"event_name":"betterStone:BetterStone","player_choice":"1","floor":28.0,"gold_loss":0.0,"damage_taken":0.0},{"damage_healed":0.0,"max_hp_gain":0.0,"max_hp_loss":0.0,"gold_gain":0.0,"event_name":"Masked Bandits","player_choice":"Fought Bandits","floor":29.0,"gold_loss":0.0,"damage_taken":0.0},{"damage_healed":0.0,"max_hp_gain":0.0,"max_hp_loss":0.0,"gold_gain":0.0,"event_name":"MindBloom","player_choice":"Fight","floor":39.0,"gold_loss":0.0,"damage_taken":0.0}],"is_beta":false,"boss_relics":[{"not_picked":["ExusiaiGun","SoulBox"],"picked":"Transparent"},{"not_picked":["Coffee Dripper","hubris:HollowSoul"],"picked":"EasyGame_NEW"},{"not_picked":["SacredBark","BirthdayGift-Icosahedron"],"picked":"Runic Pyramid"}],"items_purged_floors":[],"is_endless":true,"potions_floor_spawned":[5,7,16,18,19,29,30,37,39,48],"killed_by":"Small Slimes","ascension_level":0}}