{"host":"lix655q3qm1o3wym","time":1608591007,"event":{"mods":["Act Like it!","BaseMod","Beaked The Cultist","Better Third Choice","Better Vampires","Colored Powertips","Downfall","Minty Spire (QoL Compilation)","Quick Restart","StSLib","The Construct","The Cursed","The Disciple","The Necromancer"],"gold_per_floor":[99,99,99,249,249,249,249,249,279,279,7,24,24,50,60,60,60,60],"floor_reached":16,"playtime":1409,"items_purged":["Slimebound:Icky"],"score":94,"play_id":"0a6bedcb-c12e-42fb-8419-fc72cc51eaca","local_time":"20201221155007","is_ascension_mode":false,"campfire_choices":[{"data":"champ:Taunt","floor":1,"key":"SMITH"},{"data":"champ:FocusedBerserking","floor":6,"key":"SMITH"},{"data":"champ:AdrenalArmor","floor":10,"key":"SMITH"},{"data":"champ:BerserkerStyle","floor":13,"key":"SMITH"}],"circlet_count":0,"master_deck":["champ:Strike+1","champ:Strike+1","champ:Strike","champ:Strike","champ:Defend","champ:Defend","champ:Defend+1","champ:Defend","champ:Execute","champ:Taunt+1","champ:FocusedBerserking+1","champ:DefensiveShout+1","champ:BringItOn+1","champ:AdrenalArmor+1","champ:MurderStrike","champ:BerserkerStyle+1","champ:EnragedBash","champ:Riposte","champ:SkillfulDodge","champ:FanOfKnives"],"relics":["champ:ChampionCrown","downfall:HeartsMalice","InkBottle","Whetstone","War Paint"],"acts_visited":["Exordium"],"potions_floor_usage":[16,16],"damage_taken":[{"damage":0,"enemies":"Small Slimes","floor":2,"turns":1},{"damage":0,"enemies":"Jaw Worm","floor":3,"turns":1},{"damage":0,"enemies":"Cultist","floor":5,"turns":1},{"damage":28,"enemies":"3 Sentries","floor":9,"turns":8},{"damage":9,"enemies":"downfall:FleeingMerchant","floor":11,"turns":4},{"damage":13,"enemies":"Exordium Thugs","floor":12,"turns":4},{"damage":21,"enemies":"Large Slime","floor":15,"turns":6},{"damage":115,"enemies":"downfall:Defect","floor":16,"turns":10}],"seed_played":"3605814809426145231","potions_obtained":[{"floor":9,"key":"SteroidPotion"},{"floor":12,"key":"Weak Potion"}],"is_trial":false,"path_per_floor":["R","M","M","?","M","R","T","?","E","R","$","M","R","T","M","B"],"character_chosen":"THE_CHAMP","items_purchased":["champ:BerserkerStyle","champ:EnragedBash","champ:Riposte"],"campfire_rested":0,"item_purchase_floors":[11,11,11],"current_hp_per_floor":[90,90,90,90,90,90,90,90,77,77,77,77,77,77,74,0,0,0],"gold":60,"neow_bonus":"THREE_ENEMY_KILL","is_daily":false,"chose_seed":false,"campfire_upgraded":4,"win_rate":0.0,"timestamp":1608591007,"path_taken":["R","M","M","?","M","R","T","?","E","R","$","?","R","?","M","BOSS"],"items_purchased_type":["Card","Card","Card"],"build_version":"2020-12-13","purchased_purges":1,"victory":false,"max_hp_per_floor":[90,90,90,90,90,90,90,90,90,90,90,90,90,90,90,90,90,90],"card_choices":[{"not_picked":["champ:BerserkersShout","champ:TornadoPunch"],"picked":"champ:FocusedBerserking","floor":2},{"not_picked":["champ:PreciseThrust","champ:FocusedGladiator"],"picked":"champ:DefensiveShout","floor":3},{"not_picked":["champ:GladiatorsShout","champ:Shatter"],"picked":"champ:BringItOn","floor":5},{"not_picked":["champ:FanOfKnives","champ:FlashCut"],"picked":"champ:AdrenalArmor","floor":9},{"not_picked":["champ:RecklessLeap","champ:StanceDance"],"picked":"champ:MurderStrike","floor":11},{"not_picked":["champ:AdrenalArmor","champ:TornadoPunch"],"picked":"champ:SkillfulDodge","floor":12},{"not_picked":["champ:DefensiveStyle","champ:AdrenalArmor"],"picked":"champ:FanOfKnives","floor":15}],"player_experience":627391,"relics_obtained":[{"floor":7,"key":"InkBottle"},{"floor":9,"key":"Whetstone"},{"floor":14,"key":"War Paint"}],"event_choices":[{"damage_healed":0,"gold_gain":0,"player_choice":"Upgraded","damage_taken":0,"max_hp_gain":0,"max_hp_loss":0,"event_name":"Upgrade Shrine","floor":8,"gold_loss":0,"cards_upgraded":["champ:DefensiveShout"]}],"is_beta":false,"boss_relics":[],"items_purged_floors":[11],"is_endless":false,"potions_floor_spawned":[9,12],"killed_by":"downfall:Defect","ascension_level":0}}