{"host":"gbop6m4qugddaz18","time":1608575527,"event":{"mods":["2.2 Compatiblity","BaseMod","Better Third Choice","Block Reminder","Downfall","GifTheSpireLib","Highlight Path","Minty Spire (QoL Compilation)","Replay The Spire","StSLib"],"gold_per_floor":[116,127,143,143,159,159,159,173,173,193,210,210,210],"floor_reached":12,"playtime":397,"items_purged":[],"score":89,"play_id":"74e1e1ed-5a09-458f-a715-52432f89bcc9","local_time":"20201221133207","is_ascension_mode":true,"campfire_choices":[{"data":"Bouncing Flask","floor":6,"key":"SMITH"}],"circlet_count":0,"master_deck":["Strike_G","Strike_G","Strike_G","Strike_G","Strike_G","Defend_G","Defend_G","Defend_G","Defend_G","Defend_G","Survivor","Neutralize","Bouncing Flask+1","Prepared","Caltrops+1","Normality","Bane","Deflect","Replay:Poison Smokescreen","Deflect"],"relics":["Ring of the Snake","NeowsBlessing","Ring of Fury","ReplayTheSpireMod:Ring of Addiction","Chameleon Ring","SacredBark","Eternal Feather"],"acts_visited":["Exordium"],"potions_floor_usage":[8,8],"damage_taken":[{"damage":0,"enemies":"Jaw Worm","floor":1,"turns":1},{"damage":0,"enemies":"Small Slimes","floor":2,"turns":1},{"damage":0,"enemies":"2 Louse","floor":3,"turns":1},{"damage":8,"enemies":"Looter","floor":5,"turns":3},{"damage":0,"enemies":"Lots of Slimes","floor":8,"turns":2},{"damage":16,"enemies":"Gremlin Gang","floor":10,"turns":8},{"damage":15,"enemies":"3 Louse","floor":11,"turns":2},{"damage":32,"enemies":"3 Sentries","floor":12,"turns":6}],"seed_played":"-5147011271008271008","potions_obtained":[{"floor":1,"key":"BlessingOfTheForge"},{"floor":3,"key":"GhostInAJar"},{"floor":4,"key":"Toxic Potion"},{"floor":4,"key":"Venom Potion"},{"floor":10,"key":"FearPotion"},{"floor":11,"key":"Swift Potion"}],"is_trial":false,"path_per_floor":["M","M","M","?","M","R","?","M","T","M","M","E"],"character_chosen":"THE_SILENT","items_purchased":[],"campfire_rested":0,"item_purchase_floors":[],"current_hp_per_floor":[70,70,70,70,62,62,62,62,62,46,31,0,0],"gold":210,"neow_bonus":"THREE_ENEMY_KILL","is_daily":false,"chose_seed":false,"campfire_upgraded":1,"win_rate":0.0,"timestamp":1608575527,"path_taken":["M","M","M","?","M","R","?","M","T","M","M","E"],"items_purchased_type":[],"build_version":"2020-12-13","purchased_purges":0,"victory":false,"max_hp_per_floor":[70,70,70,70,70,70,70,68,68,68,68,66,66],"card_choices":[{"not_picked":["Draining Mist","Masterful Stab"],"picked":"Bouncing Flask","floor":1},{"not_picked":["Quick Slash","Backflip"],"picked":"Prepared","floor":2},{"not_picked":["Draining Mist","Sneak Up"],"picked":"Caltrops","floor":3},{"not_picked":["Flying Knee","Sucker Punch"],"picked":"Bane","floor":5},{"not_picked":["Escape Plan","ReplayTheSpireMod:The Works"],"picked":"Deflect","floor":8},{"not_picked":["Dagger Throw","Leg Sweep"],"picked":"Replay:Poison Smokescreen","floor":10},{"not_picked":["Flechettes","Predator"],"picked":"Deflect","floor":11}],"player_experience":576741,"relics_obtained":[{"floor":4,"key":"Ring of Fury"},{"floor":4,"key":"ReplayTheSpireMod:Ring of Addiction"},{"floor":4,"key":"Chameleon Ring"},{"floor":4,"key":"SacredBark"},{"floor":9,"key":"Eternal Feather"}],"event_choices":[{"damage_healed":0,"gold_gain":0,"player_choice":"Grow","damage_taken":0,"max_hp_gain":0,"max_hp_loss":0,"event_name":"Living Wall","floor":7,"gold_loss":0,"cards_upgraded":["Caltrops"]}],"is_beta":false,"boss_relics":[],"items_purged_floors":[],"is_endless":false,"potions_floor_spawned":[1,3,10,11],"killed_by":"3 Sentries","ascension_level":4}}