{"host":"so6fnfq7th6ki9q5","time":1608522548,"event":{"mods":["AchievementEnabler","BaseMod","Colored Map","Colored Powertips","Minty Spire (QoL Compilation)","Quick Restart","StSLib"],"gold_per_floor":[111,26,101,121,221,255,275,289,341,341,359,359,33,45,45,143,143,161,161,86,102,102,102,102],"floor_reached":23,"playtime":931,"items_purged":["Grand Finale"],"score":262,"play_id":"f4108bb4-bcdf-411b-904b-1ed4f314ea2e","local_time":"20201220214908","is_ascension_mode":true,"campfire_choices":[{"data":"Infinite Blades","floor":10.0,"key":"SMITH"},{"data":"Distraction","floor":12.0,"key":"SMITH"},{"data":"Escape Plan","floor":15.0,"key":"SMITH"}],"circlet_count":0,"master_deck":["Survivor","Neutralize","Quick Slash","Swift Strike","Sucker Punch","Escape Plan+1","Infinite Blades+1","Distraction+1","PiercingWail","Master of Strategy","Reflex","Phantasmal Killer","Sucker Punch","Bullet Time","Endless Agony","Tactician","Caltrops","Glass Knife","Unload","Doppelganger","Deadly Poison","Blade Dance","Setup+1","Endless Agony+1"],"relics":["Ring of the Snake","NeowsBlessing","Question Card","Ancient Tea Set","Lee\u0027s Waffle","Pandora\u0027s Box"],"acts_visited":["Exordium","TheCity"],"potions_floor_usage":[23],"damage_taken":[{"damage":0.0,"enemies":"Small Slimes","floor":1.0,"turns":1.0},{"damage":0.0,"enemies":"Cultist","floor":4.0,"turns":1.0},{"damage":0.0,"enemies":"Lagavulin","floor":6.0,"turns":1.0},{"damage":0.0,"enemies":"Jaw Worm","floor":7.0,"turns":3.0},{"damage":9.0,"enemies":"Exordium Thugs","floor":8.0,"turns":5.0},{"damage":6.0,"enemies":"Red Slaver","floor":11.0,"turns":3.0},{"damage":4.0,"enemies":"Large Slime","floor":14.0,"turns":5.0},{"damage":25.0,"enemies":"Hexaghost","floor":16.0,"turns":9.0},{"damage":18.0,"enemies":"2 Thieves","floor":18.0,"turns":4.0},{"damage":36,"enemies":"Shell Parasite","floor":21,"turns":4},{"damage":25,"enemies":"Cultist and Chosen","floor":22,"turns":6},{"damage":32,"enemies":"Book of Stabbing","floor":23,"turns":3}],"seed_played":"-6546810376651335410","potions_obtained":[{"floor":4.0,"key":"BlessingOfTheForge"},{"floor":7.0,"key":"BlessingOfTheForge"},{"floor":11.0,"key":"Regen Potion"},{"floor":16.0,"key":"ColorlessPotion"},{"floor":18.0,"key":"SteroidPotion"}],"is_trial":false,"path_per_floor":["M","$","?","M","?","E","M","M","T","R","M","R","$","M","R","B",null,"M","?","$","M","M","E"],"character_chosen":"THE_SILENT","items_purchased":["Swift Strike","Master of Strategy","Lee\u0027s Waffle"],"campfire_rested":0,"item_purchase_floors":[2,13,13],"current_hp_per_floor":[70,70,59,59,59,59,59,50,50,50,44,44,77,73,73,48,77,59,77,77,41,16,0,0],"gold":102,"neow_bonus":"THREE_ENEMY_KILL","is_daily":false,"chose_seed":false,"campfire_upgraded":3,"win_rate":0.0,"timestamp":1608522548,"path_taken":["M","$","?","M","?","E","?","?","T","R","M","R","$","M","R","BOSS","M","?","?","M","M","E"],"items_purchased_type":["Card","Card","Relic"],"build_version":"2020-12-13","purchased_purges":1,"victory":false,"max_hp_per_floor":[70,70,70,70,70,70,70,70,70,70,70,70,77,77,77,77,77,77,77,77,77,77,77,77],"card_choices":[{"not_picked":["Riddle With Holes","Flying Knee"],"picked":"Quick Slash","floor":1.0},{"not_picked":["Dagger Spray","Dagger Throw"],"picked":"Sucker Punch","floor":4.0},{"not_picked":["Leg Sweep","Bane"],"picked":"Escape Plan","floor":6.0},{"not_picked":["Terror","Slice","Deflect"],"picked":"Infinite Blades","floor":7.0},{"not_picked":["Prepared","Flying Knee","PiercingWail"],"picked":"Distraction","floor":8.0},{"not_picked":["Dagger Spray","Poisoned Stab","Catalyst"],"picked":"PiercingWail","floor":11.0},{"not_picked":["Acrobatics","Outmaneuver","Dash"],"picked":"Reflex","floor":14.0},{"not_picked":["Grand Finale","Wraith Form v2","Burst"],"picked":"Phantasmal Killer","floor":16.0},{"not_picked":["PiercingWail+1","Dagger Throw","Slice"],"picked":"Blade Dance","floor":18.0},{"not_picked":["Quick Slash","Prepared","Cloak And Dagger+1"],"picked":"Setup+1","floor":21},{"not_picked":["PiercingWail","Acrobatics","Underhanded Strike"],"picked":"Endless Agony+1","floor":22}],"player_experience":282042,"relics_obtained":[{"floor":6.0,"key":"Question Card"},{"floor":9.0,"key":"Ancient Tea Set"}],"event_choices":[{"damage_healed":0.0,"max_hp_gain":0.0,"max_hp_loss":0.0,"gold_gain":75.0,"event_name":"World of Goop","player_choice":"Gather Gold","floor":3.0,"gold_loss":0.0,"damage_taken":11.0},{"damage_healed":0.0,"max_hp_gain":0.0,"max_hp_loss":0.0,"gold_gain":100.0,"event_name":"Golden Shrine","player_choice":"Pray","floor":5.0,"gold_loss":0.0,"damage_taken":0.0},{"damage_healed":25.0,"max_hp_gain":0.0,"max_hp_loss":0.0,"gold_gain":0.0,"event_name":"The Library","player_choice":"Heal","floor":19.0,"gold_loss":0.0,"damage_taken":0.0}],"is_beta":false,"boss_relics":[{"not_picked":["Snecko Eye","HoveringKite"],"picked":"Pandora\u0027s Box"}],"items_purged_floors":[20],"is_endless":false,"potions_floor_spawned":[4,7,11,16,18],"killed_by":"Book of Stabbing","ascension_level":4}}