{"host":"lreod2rejfd0az5i","time":1608531390,"event":{"mods":["AchievementEnabler","Aspiration","BaseMod","Colored Powertips","Conspire","Downfall","Highlight Path","Hubris","Infinite Spire","Mad Scientist","Minty Spire (QoL Compilation)","Rare Cards Sparkle","Relic Stats","Replay The Spire","StSLib","The Bug Knight","The Jungle"],"gold_per_floor":[117,117,129,129,143,143,174,193,193,90,90,90,113,34,34,34,34],"floor_reached":16,"playtime":560,"items_purged":[],"score":191,"play_id":"3719f337-7f85-4d74-9cdc-510166f99e8c","local_time":"20201220231630","is_ascension_mode":true,"campfire_choices":[{"data":"Bash","floor":6,"key":"SMITH"},{"floor":12,"key":"REST"},{"floor":15,"key":"REST"}],"circlet_count":0,"master_deck":["AscendersBane","Strike_R","Strike_R","Strike_R+1","Strike_R","Strike_R+1","Defend_R","Defend_R","Defend_R","Defend_R","Bash+1","Shrug It Off","Replay:SS_hec_2","Cleave","Metallicize"],"relics":["Burning Blood","NeowsBlessing","Regal Pillow","hubris:TenFootPole","Odd Mushroom"],"acts_visited":["Exordium"],"potions_floor_usage":[7,16,16],"damage_taken":[{"damage":0,"enemies":"Jaw Worm","floor":1,"turns":1},{"damage":0,"enemies":"2 Louse","floor":3,"turns":1},{"damage":0,"enemies":"Cultist","floor":5,"turns":1},{"damage":55,"enemies":"3 Sentries","floor":7,"turns":10},{"damage":9,"enemies":"Looter","floor":8,"turns":3},{"damage":29,"enemies":"The Mushroom Lair","floor":13,"turns":7},{"damage":63,"enemies":"Slime Boss","floor":16,"turns":21}],"seed_played":"8399197119109224654","potions_obtained":[{"floor":3,"key":"CultistPotion"},{"floor":4,"key":"Weak Potion"},{"floor":4,"key":"Flashbang"},{"floor":8,"key":"SpeedPotion"},{"floor":13,"key":"Block Potion"}],"is_trial":false,"path_per_floor":["M","?","M","?","M","R","E","M","T","$","?","R","?","$","R","B"],"character_chosen":"IRONCLAD","items_purchased":["Replay:SS_hec_2","Metallicize"],"campfire_rested":2,"item_purchase_floors":[10,14],"current_hp_per_floor":[74,51,57,57,63,63,14,11,11,11,11,48,25,25,62,0,0],"gold":34,"neow_bonus":"THREE_ENEMY_KILL","is_daily":false,"chose_seed":false,"campfire_upgraded":1,"win_rate":0.0,"timestamp":1608531390,"path_taken":["M","?","M","?","?","R","E","M","T","$","?","R","?","?","R","BOSS"],"items_purchased_type":["Card","Card"],"build_version":"2020-12-13","purchased_purges":0,"victory":false,"max_hp_per_floor":[75,75,75,75,75,75,75,75,75,75,75,75,75,75,75,75,75],"relic_stats":{"Regal Pillow":30,"counters":[7,44],"obtain_stats":[{"Regal Pillow":7,"NeowsBlessing":0,"hubris:TenFootPole":9,"Odd Mushroom":13,"Burning Blood":0},{"Regal Pillow":4,"NeowsBlessing":0,"hubris:TenFootPole":5,"Odd Mushroom":6,"Burning Blood":0},{"Regal Pillow":13,"NeowsBlessing":0,"hubris:TenFootPole":16,"Odd Mushroom":23,"Burning Blood":0}],"Burning Blood":36},"card_choices":[{"not_picked":["Wild Strike","Sever Soul","ReplayTheSpireMod:LeadingStrike"],"picked":"SKIP","floor":1},{"not_picked":["Clash","hubris:ReadiedAction","Clothesline"],"picked":"SKIP","floor":3},{"not_picked":["Entrench","ReplayTheSpireMod:Limb From Limb","Pommel Strike"],"picked":"SKIP","floor":5},{"not_picked":["Entrench","ReplayTheSpireMod:Limb From Limb","Pommel Strike"],"picked":"SKIP","floor":5},{"not_picked":["Metallicize","Blood for Blood"],"picked":"Shrug It Off","floor":7},{"not_picked":["hubris:ReadiedAction","Run Through","infinitespire:OneForAll"],"picked":"SKIP","floor":8},{"not_picked":["Wild Strike","Body Slam"],"picked":"Cleave","floor":13}],"player_experience":852066,"relics_obtained":[{"floor":7,"key":"Regal Pillow"},{"floor":9,"key":"hubris:TenFootPole"},{"floor":13,"key":"Odd Mushroom"}],"event_choices":[{"damage_healed":0,"gold_gain":0,"player_choice":"Entered Light","damage_taken":23,"max_hp_gain":0,"max_hp_loss":0,"event_name":"Shining Light","floor":2,"gold_loss":0,"cards_upgraded":["Strike_R","Strike_R"]},{"damage_healed":0,"gold_gain":0,"player_choice":"Got Potions","damage_taken":0,"max_hp_gain":0,"max_hp_loss":0,"event_name":"Lab","floor":4,"gold_loss":0},{"damage_healed":0,"gold_gain":0,"player_choice":"Fought Mushrooms","damage_taken":0,"max_hp_gain":0,"max_hp_loss":0,"event_name":"Mushrooms","floor":13,"gold_loss":0}],"is_beta":false,"boss_relics":[],"items_purged_floors":[],"is_endless":false,"potions_floor_spawned":[3,8,13],"killed_by":"Slime Boss","ascension_level":19}}