{"host":"p4v0hquynnreu717","time":1608564793,"event":{"mods":["BaseMod","Better Vampires","DeckTracker","Googly Eyes","Minty Spire (QoL Compilation)","Quick Restart","StSLib","SuperFastMode"],"gold_per_floor":[115,132,57,22,22,22,53,53,53,17,17,34,34,9,9,9,9],"floor_reached":16,"playtime":169,"items_purged":[],"score":212,"play_id":"bf0cb200-7681-4d59-9912-07b49220dbc5","local_time":"20201221233313","is_ascension_mode":true,"campfire_choices":[{"data":"Neutralize","floor":6,"key":"SMITH"},{"data":"Footwork","floor":11,"key":"SMITH"},{"data":"Well Laid Plans","floor":13,"key":"SMITH"},{"data":"Strike_G","floor":15,"key":"SMITH"}],"circlet_count":0,"master_deck":["AscendersBane","Strike_G","Strike_G","Strike_G","Strike_G+1","Defend_G","Defend_G","Defend_G","Defend_G","Defend_G","Survivor","Neutralize+1","Accuracy","Footwork+1","Well Laid Plans+1","PiercingWail"],"relics":["Ring of the Snake","NeowsBlessing","HornCleat","Torii"],"acts_visited":["Exordium"],"potions_floor_usage":[],"damage_taken":[{"damage":0,"enemies":"Jaw Worm","floor":1,"turns":1},{"damage":0,"enemies":"2 Louse","floor":2,"turns":1},{"damage":0,"enemies":"3 Sentries","floor":7,"turns":1},{"damage":1,"enemies":"Cultist","floor":12,"turns":5},{"damage":12,"enemies":"Hexaghost","floor":16,"turns":7}],"seed_played":"8457898251727369002","potions_obtained":[{"floor":2,"key":"DistilledChaos"},{"floor":7,"key":"LiquidBronze"}],"is_trial":false,"path_per_floor":["M","M","?","$","?","R","E","?","T","$","R","M","R","$","R","B"],"character_chosen":"THE_SILENT","items_purchased":["Accuracy","Well Laid Plans","PiercingWail"],"campfire_rested":0,"item_purchase_floors":[4,10,14],"current_hp_per_floor":[59,59,59,59,64,64,64,64,64,64,64,63,63,63,63,51,51],"gold":9,"neow_bonus":"THREE_ENEMY_KILL","is_daily":false,"chose_seed":false,"campfire_upgraded":4,"win_rate":0.0,"timestamp":1608564793,"path_taken":["M","M","?","$","?","R","E","?","T","$","R","?","R","?","R","BOSS"],"items_purchased_type":["Card","Card","Card"],"build_version":"2020-12-13","purchased_purges":0,"victory":false,"max_hp_per_floor":[66,66,66,66,71,71,71,71,71,71,71,71,71,71,71,71,71],"card_choices":[{"not_picked":["Quick Slash","Dagger Spray","Deflect"],"picked":"SKIP","floor":1},{"not_picked":["PiercingWail","Flying Knee","Poisoned Stab"],"picked":"SKIP","floor":2},{"not_picked":["Underhanded Strike","Prepared"],"picked":"Footwork","floor":7},{"not_picked":["Flying Knee","Dagger Throw","Dagger Spray"],"picked":"SKIP","floor":12}],"player_experience":744911,"relics_obtained":[{"floor":7,"key":"HornCleat"},{"floor":9,"key":"Torii"}],"event_choices":[{"cards_removed":["Strike_G"],"damage_healed":0,"gold_gain":0,"player_choice":"Card Removal","damage_taken":0,"max_hp_gain":0,"max_hp_loss":0,"event_name":"The Cleric","floor":3,"gold_loss":75},{"damage_healed":0,"gold_gain":0,"player_choice":"Donut","damage_taken":0,"max_hp_gain":5,"max_hp_loss":0,"event_name":"Big Fish","floor":5,"gold_loss":0},{"damage_healed":0,"gold_gain":0,"player_choice":"Got Potions","damage_taken":0,"max_hp_gain":0,"max_hp_loss":0,"event_name":"Lab","floor":8,"gold_loss":0}],"is_beta":false,"boss_relics":[],"items_purged_floors":[],"is_endless":false,"potions_floor_spawned":[2,7],"killed_by":"Hexaghost","ascension_level":15}}