{"host":"rqd50iigewdjy74u","time":1608523962,"event":{"mods":["AchievementEnabler","BaseMod","BetterRewards","Custom Start","Minty Spire (QoL Compilation)","StSLib"],"gold_per_floor":[110,129,129,143,69,69,102,102,102,102,25,25,40,50,50,148,148,163,179,25,43,53,84,84,96,119,44,69,69,94,104,104,204,204,217,232,232,26,45,76,76,87,87,137,156,33,50,102,102,102],"floor_reached":51,"playtime":1811,"items_purged":[],"score":814,"play_id":"0669b2cc-276b-47b1-8516-349449d4b93f","local_time":"20201220221242","is_ascension_mode":false,"campfire_choices":[{"data":"Reaper","floor":6,"key":"SMITH"},{"data":"Perfected Strike","floor":8,"key":"SMITH"},{"data":"Inflame","floor":10,"key":"SMITH"},{"data":"Spot Weakness","floor":12,"key":"SMITH"},{"data":"Metallicize","floor":15,"key":"SMITH"},{"data":"Seeing Red","floor":24,"key":"SMITH"},{"data":"Corruption","floor":29,"key":"SMITH"},{"data":"Demon Form","floor":32,"key":"SMITH"},{"data":"Feed","floor":41,"key":"SMITH"},{"data":"Seeing Red","floor":49,"key":"SMITH"}],"circlet_count":0,"master_deck":["Strike_R","Strike_R","Strike_R","Strike_R","Strike_R","Defend_R","Bash","Inflame+1","Spot Weakness+1","Battle Trance","Reaper+1","Perfected Strike+1","Seeing Red+1","Metallicize+1","Demon Form+1","Dual Wield","Seeing Red+1","Twin Strike+1","Twin Strike+1","Inflame","Corruption+1","Seeing Red+1","Anger+1","Barricade","Perfected Strike+1","Sword Boomerang+1","Thunderclap","Feed+1","Fire Breathing","Fire Breathing","Whirlwind","Spot Weakness+1","Armaments+1","Iron Wave+1","Whirlwind+1"],"relics":["Burning Blood","Turnip","MealTicket","Brimstone","Membership Card","HornCleat","Lantern","Shuriken","War Paint","Ancient Tea Set","Empty Cage","Thread and Needle","Dream Catcher","Smiling Mask","Strawberry","TungstenRod","Black Star","PreservedInsect","Pantograph","Charon\u0027s Ashes","Happy Flower","Darkstone Periapt","Prayer Wheel","Mummified Hand","Du-Vu Doll"],"acts_visited":["Exordium","TheCity","TheBeyond"],"potions_floor_usage":[30,31,33,50,50],"damage_taken":[{"damage":0,"enemies":"Cultist","floor":1,"turns":2},{"damage":0,"enemies":"2 Louse","floor":2,"turns":2},{"damage":12,"enemies":"Jaw Worm","floor":4,"turns":2},{"damage":2,"enemies":"Gremlin Nob","floor":7,"turns":3},{"damage":8,"enemies":"Blue Slaver","floor":13,"turns":2},{"damage":0,"enemies":"3 Louse","floor":14,"turns":2},{"damage":67,"enemies":"Hexaghost","floor":16,"turns":5},{"damage":20,"enemies":"Shell Parasite","floor":18,"turns":3},{"damage":28,"enemies":"Chosen","floor":19,"turns":5},{"damage":28,"enemies":"Snake Plant","floor":21,"turns":4},{"damage":42,"enemies":"Centurion and Healer","floor":22,"turns":5},{"damage":39,"enemies":"Slavers","floor":23,"turns":4},{"damage":0,"enemies":"Snecko","floor":25,"turns":3},{"damage":18,"enemies":"Book of Stabbing","floor":28,"turns":3},{"damage":39,"enemies":"Slavers","floor":30,"turns":3},{"damage":14,"enemies":"Snake Plant","floor":31,"turns":2},{"damage":46,"enemies":"Collector","floor":33,"turns":4},{"damage":40,"enemies":"3 Darklings","floor":35,"turns":5},{"damage":11,"enemies":"3 Shapes","floor":36,"turns":3},{"damage":16,"enemies":"Jaw Worm Horde","floor":39,"turns":3},{"damage":44,"enemies":"Reptomancer","floor":40,"turns":4},{"damage":43,"enemies":"3 Darklings","floor":42,"turns":4},{"damage":5,"enemies":"Mind Bloom Boss Battle","floor":44,"turns":5},{"damage":38,"enemies":"Writhing Mass","floor":45,"turns":4},{"damage":0,"enemies":"Spire Growth","floor":47,"turns":2},{"damage":28,"enemies":"2 Orb Walkers","floor":48,"turns":4},{"damage":76,"enemies":"Donu and Deca","floor":50,"turns":6}],"seed_played":"-8486052374547799933","potions_obtained":[{"floor":1,"key":"FearPotion"},{"floor":4,"key":"Energy Potion"},{"floor":13,"key":"AttackPotion"},{"floor":31,"key":"FairyPotion"},{"floor":36,"key":"BloodPotion"},{"floor":39,"key":"LiquidMemories"}],"is_trial":false,"path_per_floor":["M","M","?","M","$","R","E","R","T","R","$","R","M","M","R","B",null,"M","M","$","M","M","E","R","M","T","?","E","R","E","M","R","B",null,"M","M","?","$","M","E","R","M","T","?","M","$","M","?","R","B",null],"character_chosen":"IRONCLAD","items_purchased":["Turnip","MealTicket","Brimstone","Membership Card","HornCleat","Inflame","Lantern","Ancient Tea Set","Thread and Needle","PreservedInsect","Pantograph","Mummified Hand"],"campfire_rested":0,"item_purchase_floors":[0,0,0,0,0,0,5,11,20,38,38,46],"current_hp_per_floor":[48,54,54,48,63,63,74,74,74,74,80,80,78,80,80,19,80,66,51,66,67,44,51,51,57,57,57,71,71,38,44,44,64,87,85,80,80,87,77,87,87,50,50,83,55,70,76,79,79,39],"gold":102,"neow_bonus":"","is_daily":false,"chose_seed":false,"campfire_upgraded":10,"win_rate":0.0,"timestamp":1608523962,"path_taken":["M","?","?","M","$","R","E","R","T","R","$","R","M","M","R","BOSS","M","M","$","M","M","E","R","M","T","?","E","R","E","M","R","BOSS","M","M","?","$","M","E","R","M","T","?","M","$","M","?","R","BOSS"],"items_purchased_type":["Relic","Relic","Relic","Relic","Relic","Card","Relic","Relic","Relic","Relic","Relic","Relic"],"build_version":"2020-12-13","purchased_purges":0,"victory":true,"max_hp_per_floor":[80,80,80,80,80,80,80,80,80,80,80,80,80,80,80,80,80,80,80,80,80,80,80,80,80,80,80,87,87,87,87,87,87,87,87,87,87,87,87,87,87,87,87,87,87,87,87,91,91,91],"card_choices":[{"not_picked":["Warcry","Iron Wave"],"picked":"Spot Weakness","floor":1},{"not_picked":["Clothesline","Body Slam"],"picked":"Battle Trance","floor":2},{"not_picked":["Armaments","Second Wind"],"picked":"Reaper","floor":4},{"not_picked":["Entrench","Clothesline"],"picked":"Perfected Strike","floor":7},{"not_picked":["Thunderclap","Infernal Blade"],"picked":"Seeing Red","floor":13},{"not_picked":["Dropkick","Heavy Blade"],"picked":"Metallicize","floor":14},{"not_picked":["Offering","Berserk"],"picked":"Demon Form","floor":16},{"not_picked":["Hemokinesis","Iron Wave"],"picked":"Dual Wield","floor":18},{"not_picked":["Clash","Thunderclap"],"picked":"Seeing Red+1","floor":19},{"not_picked":["Anger+1","Pommel Strike+1"],"picked":"Twin Strike+1","floor":21},{"not_picked":["Clash","Pommel Strike"],"picked":"Twin Strike+1","floor":22},{"not_picked":["Reckless Charge","Twin Strike"],"picked":"Inflame","floor":23},{"not_picked":["Headbutt","Sever Soul"],"picked":"Dual Wield","floor":25},{"not_picked":["Disarm","Cleave"],"picked":"Corruption","floor":28},{"not_picked":["Shrug It Off","Clash"],"picked":"Seeing Red","floor":30},{"not_picked":["Power Through","True Grit"],"picked":"Anger+1","floor":31},{"not_picked":["Fiend Fire","Impervious"],"picked":"Barricade","floor":33},{"not_picked":["Body Slam","Thunderclap+1"],"picked":"Perfected Strike+1","floor":35},{"not_picked":["Headbutt","Thunderclap+1"],"picked":"Sword Boomerang+1","floor":36},{"not_picked":["Clothesline+1","Sever Soul+1"],"picked":"Thunderclap","floor":39},{"not_picked":["Sword Boomerang+1","Thunderclap"],"picked":"Feed","floor":40},{"not_picked":["Feel No Pain+1","Clash+1"],"picked":"Fire Breathing","floor":42},{"not_picked":["Dark Embrace+1","Shrug It Off"],"picked":"Fire Breathing","floor":44},{"not_picked":["Blood for Blood","Dark Embrace+1"],"picked":"Whirlwind","floor":45},{"not_picked":["Body Slam","Anger"],"picked":"Spot Weakness+1","floor":45},{"not_picked":["Cleave+1","Body Slam+1"],"picked":"Armaments+1","floor":47},{"not_picked":["Body Slam+1","Dropkick"],"picked":"Iron Wave+1","floor":47},{"not_picked":["Burning Pact","Disarm"],"picked":"Whirlwind+1","floor":48}],"player_experience":94381,"relics_obtained":[{"floor":7,"key":"Shuriken"},{"floor":9,"key":"War Paint"},{"floor":23,"key":"Dream Catcher"},{"floor":26,"key":"Smiling Mask"},{"floor":28,"key":"Strawberry"},{"floor":30,"key":"TungstenRod"},{"floor":40,"key":"Charon\u0027s Ashes"},{"floor":40,"key":"Happy Flower"},{"floor":43,"key":"Darkstone Periapt"},{"floor":44,"key":"Prayer Wheel"},{"floor":48,"key":"Du-Vu Doll"}],"event_choices":[{"damage_healed":0,"gold_gain":0,"player_choice":"Ignored","damage_taken":0,"max_hp_gain":0,"max_hp_loss":0,"event_name":"Golden Wing","floor":3,"gold_loss":0},{"cards_removed":["Defend_R"],"damage_healed":0,"gold_gain":0,"player_choice":"Gave Gold","damage_taken":0,"max_hp_gain":0,"max_hp_loss":0,"event_name":"Beggar","floor":27,"gold_loss":75},{"cards_removed":["Dual Wield"],"damage_healed":0,"gold_gain":0,"player_choice":"Removed Skill","damage_taken":0,"max_hp_gain":0,"max_hp_loss":0,"event_name":"Falling","floor":37,"gold_loss":0},{"damage_healed":0,"gold_gain":0,"player_choice":"Fight","damage_taken":0,"max_hp_gain":0,"max_hp_loss":0,"event_name":"MindBloom","floor":44,"gold_loss":0},{"damage_healed":0,"gold_gain":0,"player_choice":"Fight","damage_taken":0,"max_hp_gain":0,"max_hp_loss":0,"event_name":"Mysterious Sphere","floor":48,"gold_loss":0}],"is_beta":false,"boss_relics":[{"not_picked":["Coffee Dripper","Runic Pyramid"],"picked":"Empty Cage"},{"not_picked":["Calling Bell","Philosopher\u0027s Stone"],"picked":"Black Star"}],"items_purged_floors":[],"is_endless":false,"potions_floor_spawned":[1,4,13,16,19,21,28,31,36,39,44],"ascension_level":0}}