{"host":"ujb8ojs2m8j2cdlp","time":1608538542,"event":{"mods":["AchievementEnabler","BaseMod","Bestiary","Colored Map","Colored Powertips","Minty Spire (QoL Compilation)","Relic Stats","ojb\u0027s Better Paths Mod","ojb\u0027s Info Mod"],"gold_per_floor":[114,264,264,25,25,53,53,68,68,101,113,147,147,172,172,249,249,260,260,278,40,58,84,100,116,140,140,160,160,190,223,223,302,302,319,319,335,351,351,379,26,58,83,133,151,151,183,183,183,183,183,183,183,98,133,133],"floor_reached":57,"playtime":15487,"items_purged":["Doubt"],"score":3152,"play_id":"728b2b47-4ed1-448d-bbea-56f9cfd24f30","local_time":"20201221001542","is_ascension_mode":true,"campfire_choices":[{"data":"Pain","floor":7.0,"key":"PURGE"},{"data":"TalkToTheHand","floor":13.0,"key":"SMITH"},{"data":"CrushJoints","floor":15.0,"key":"SMITH"},{"data":"Tantrum","floor":27.0,"key":"SMITH"},{"data":"Defend_P","floor":29.0,"key":"PURGE"},{"data":"Defend_P","floor":32.0,"key":"PURGE"},{"data":"Devotion","floor":46.0,"key":"SMITH"},{"floor":49.0,"key":"RECALL"},{"data":"Strike_P","floor":53,"key":"PURGE"}],"circlet_count":0,"master_deck":["AscendersBane","Strike_P+1","Strike_P+1","Strike_P","Defend_P+1","Defend_P","Eruption","Vigilance","FearNoEvil","TalkToTheHand+1","EmptyMind","CrushJoints+1","Protect","DeusExMachina","Tantrum+1","SandsOfTime","WaveOfTheHand+1","Scrawl+1","ThirdEye+1","MentalFortress+1","ThirdEye+1","ThirdEye+1","BowlingBash","Tantrum+1","Omniscience+1","EmptyBody+1","Devotion+1","ThirdEye+1","Ragnarok","Ragnarok+1","Sanctity+1","Enlightenment+1","MentalFortress","EmptyMind+1","Wallop+1","WaveOfTheHand+1","Meditate+1"],"relics":["PureWater","NeowsBlessing","WarpedTongs","Peace Pipe","WingedGreaves","Akabeko","Toxic Egg 2","PreservedInsect","Runic Pyramid","Potion Belt","Blood Vial","Meat on the Bone","Strawberry","SlaversCollar","Damaru","Orrery","Whetstone","Art of War","Molten Egg 2","Nunchaku"],"acts_visited":["Exordium","TheCity","TheBeyond","TheEnding"],"potions_floor_usage":[55,56,56,56],"damage_taken":[{"damage":0.0,"enemies":"Small Slimes","floor":1.0,"turns":1.0},{"damage":0.0,"enemies":"Gremlin Nob","floor":6.0,"turns":1.0},{"damage":0.0,"enemies":"2 Louse","floor":8.0,"turns":1.0},{"damage":3.0,"enemies":"Lagavulin","floor":10.0,"turns":7.0},{"damage":0.0,"enemies":"Cultist","floor":11.0,"turns":2.0},{"damage":2.0,"enemies":"3 Sentries","floor":12.0,"turns":4.0},{"damage":0.0,"enemies":"Gremlin Nob","floor":14.0,"turns":2.0},{"damage":7.0,"enemies":"The Guardian","floor":16.0,"turns":7.0},{"damage":0.0,"enemies":"Chosen","floor":18.0,"turns":3.0},{"damage":0.0,"enemies":"Shell Parasite","floor":20.0,"turns":3.0},{"damage":0.0,"enemies":"3 Cultists","floor":22.0,"turns":4.0},{"damage":0.0,"enemies":"Book of Stabbing","floor":23.0,"turns":3.0},{"damage":9.0,"enemies":"Centurion and Healer","floor":24.0,"turns":3.0},{"damage":0.0,"enemies":"Shelled Parasite and Fungi","floor":25.0,"turns":3.0},{"damage":0.0,"enemies":"Snecko","floor":28.0,"turns":4.0},{"damage":0.0,"enemies":"Gremlin Leader","floor":30.0,"turns":3.0},{"damage":8.0,"enemies":"Slavers","floor":31.0,"turns":4.0},{"damage":14.0,"enemies":"Collector","floor":33.0,"turns":11.0},{"damage":0.0,"enemies":"3 Darklings","floor":35.0,"turns":3.0},{"damage":0.0,"enemies":"Orb Walker","floor":37.0,"turns":3.0},{"damage":0.0,"enemies":"Sphere and 2 Shapes","floor":38.0,"turns":3.0},{"damage":0.0,"enemies":"Nemesis","floor":40.0,"turns":5.0},{"damage":4.0,"enemies":"Giant Head","floor":42.0,"turns":5.0},{"damage":0.0,"enemies":"Spire Growth","floor":45.0,"turns":2.0},{"damage":5.0,"enemies":"Nemesis","floor":47.0,"turns":5.0},{"damage":0.0,"enemies":"Awakened One","floor":50.0,"turns":12.0},{"damage":24.0,"enemies":"Time Eater","floor":51.0,"turns":11.0},{"damage":9,"enemies":"Shield and Spear","floor":55,"turns":4},{"damage":32,"enemies":"The Heart","floor":56,"turns":7}],"seed_played":"-154281866232490350","potions_obtained":[{"floor":1.0,"key":"Energy Potion"},{"floor":8.0,"key":"Block Potion"},{"floor":11.0,"key":"BlessingOfTheForge"},{"floor":19.0,"key":"CultistPotion"},{"floor":22.0,"key":"LiquidBronze"},{"floor":24.0,"key":"BottledMiracle"},{"floor":25.0,"key":"SmokeBomb"},{"floor":28.0,"key":"SpeedPotion"},{"floor":33.0,"key":"Weak Potion"},{"floor":47.0,"key":"LiquidMemories"}],"is_trial":false,"path_per_floor":["M","?","?","$","?","E","R","M","T","E","M","E","R","E","R","B",null,"M","?","M","$","M","E","M","M","T","R","M","R","E","E","R","B",null,"M","?","M","M","?","E","$","E","T","?","M","R","E","?","R","B","B",null,"R","$","E","B",null],"character_chosen":"WATCHER","items_purchased":["TalkToTheHand","EmptyMind","Potion Belt","DuplicationPotion","Orrery","Enlightenment+1","MentalFortress","WaveOfTheHand+1"],"campfire_rested":0,"item_purchase_floors":[4,4,21,21,41,41,41,54],"current_hp_per_floor":[61,61,41,41,41,41,41,41,41,38,38,36,36,36,36,29,58,58,58,58,58,58,58,51,53,53,53,55,55,57,58,58,46,68,70,70,72,74,74,75,75,71,71,71,73,73,70,70,70,71,47,65,65,65,58,40],"gold":133,"neow_bonus":"THREE_ENEMY_KILL","is_daily":false,"chose_seed":false,"campfire_upgraded":4,"win_rate":0.0,"timestamp":1608538542,"path_taken":["M","?","?","$","?","E","R","M","T","E","?","E","R","E","R","BOSS","M","?","M","$","M","E","M","?","T","R","?","R","E","E","R","BOSS","BOSS","M","?","?","M","?","E","$","E","T","?","?","R","E","?","R","BOSS","BOSS","R","$","E","BOSS"],"items_purchased_type":["Card","Card","Relic","Potion","Relic","Card","Card","Card"],"build_version":"2020-12-13","purchased_purges":1,"victory":true,"max_hp_per_floor":[68,68,68,68,68,68,68,68,68,68,68,68,68,68,68,68,68,68,68,68,68,68,68,68,68,68,68,68,68,68,75,75,75,75,75,75,75,75,75,75,75,75,75,75,75,75,75,71,71,71,71,71,71,71,71,71],"relic_stats":{"Peace Pipe":5,"Blood Vial":28,"Nunchaku":[2],"counters":[29,126],"PreservedInsect":439,"Art of War":[4],"Whetstone":["Strike_P","Ragnarok"],"obtain_stats":[{"Potion Belt":21,"NeowsBlessing":0,"Damaru":40,"PreservedInsect":14,"Whetstone":42,"Akabeko":10,"WarpedTongs":5,"Peace Pipe":6,"Blood Vial":23,"SlaversCollar":34,"Nunchaku":55,"Strawberry":31,"Orrery":41,"Molten Egg 2":47,"WingedGreaves":9,"Art of War":43,"PureWater":0,"Toxic Egg 2":12,"Runic Pyramid":17,"Meat on the Bone":30},{"Potion Belt":10,"NeowsBlessing":0,"Damaru":22,"PreservedInsect":7,"Whetstone":23,"Akabeko":4,"WarpedTongs":1,"Peace Pipe":2,"Blood Vial":12,"SlaversCollar":18,"Nunchaku":28,"Strawberry":17,"Orrery":22,"Molten Egg 2":25,"WingedGreaves":3,"Art of War":23,"PureWater":0,"Toxic Egg 2":6,"Runic Pyramid":8,"Meat on the Bone":16},{"Potion Belt":31,"NeowsBlessing":0,"Damaru":80,"PreservedInsect":18,"Whetstone":85,"Akabeko":10,"WarpedTongs":1,"Peace Pipe":2,"Blood Vial":38,"SlaversCollar":66,"Nunchaku":119,"Strawberry":55,"Orrery":80,"Molten Egg 2":92,"WingedGreaves":3,"Art of War":85,"PureWater":0,"Toxic Egg 2":16,"Runic Pyramid":25,"Meat on the Bone":51}],"WarpedTongs":[124],"Meat on the Bone":12},"card_choices":[{"not_picked":["EmptyBody","Crescendo"],"picked":"FearNoEvil","floor":1.0},{"not_picked":["Halt","SashWhip"],"picked":"CrushJoints","floor":6.0},{"not_picked":["EmptyBody","CrushJoints"],"picked":"Protect","floor":8.0},{"not_picked":["Protect","SashWhip"],"picked":"DeusExMachina","floor":10.0},{"not_picked":["Collect","Protect"],"picked":"Tantrum","floor":11.0},{"not_picked":["Consecrate","CrushJoints"],"picked":"SandsOfTime","floor":12.0},{"not_picked":["Ragnarok","WindmillStrike"],"picked":"WaveOfTheHand+1","floor":14.0},{"not_picked":["Omniscience+1","ConjureBlade+1"],"picked":"Scrawl+1","floor":16.0},{"not_picked":["CutThroughFate","ClearTheMind+1"],"picked":"ThirdEye+1","floor":18.0},{"not_picked":["FlurryOfBlows","Consecrate","Pray+1"],"picked":"SKIP","floor":20.0},{"not_picked":["EmptyBody+1","ForeignInfluence+1","SignatureMove"],"picked":"SKIP","floor":22.0},{"not_picked":["EmptyBody+1","ForeignInfluence+1","SignatureMove"],"picked":"SKIP","floor":22.0},{"not_picked":["DeceiveReality+1","ConjureBlade+1"],"picked":"MentalFortress+1","floor":23.0},{"not_picked":["PathToVictory+1","Worship+1","Nirvana"],"picked":"SKIP","floor":24.0},{"not_picked":["ReachHeaven","JustLucky"],"picked":"ThirdEye+1","floor":25.0},{"not_picked":["Consecrate","EmptyFist"],"picked":"ThirdEye+1","floor":28.0},{"not_picked":["Judgement+1","PathToVictory+1"],"picked":"BowlingBash","floor":30.0},{"not_picked":["ReachHeaven","Weave"],"picked":"Tantrum","floor":31.0},{"not_picked":["Scrawl+1","LessonLearned"],"picked":"Omniscience+1","floor":33.0},{"not_picked":["Protect+1","SignatureMove+1","JustLucky+1"],"picked":"SKIP","floor":35.0},{"not_picked":["Crescendo+1","Protect+1"],"picked":"EmptyBody+1","floor":37.0},{"not_picked":["BattleHymn","Meditate+1"],"picked":"Devotion","floor":38.0},{"not_picked":["FollowUp","ClearTheMind+1"],"picked":"ThirdEye+1","floor":40.0},{"not_picked":["Consecrate+1","Perseverance+1"],"picked":"Ragnarok","floor":41.0},{"not_picked":["Fasting2","ClearTheMind+1"],"picked":"Ragnarok","floor":41.0},{"not_picked":["FollowUp+1","FlyingSleeves"],"picked":"Sanctity+1","floor":41.0},{"not_picked":["Collect+1","MasterReality"],"picked":"EmptyMind+1","floor":42.0},{"not_picked":["CrushJoints","Swivel+1","Indignation+1"],"picked":"SKIP","floor":45.0},{"not_picked":["CrushJoints","Swivel+1","Indignation+1"],"picked":"SKIP","floor":45.0},{"not_picked":["CrushJoints","Swivel+1","Indignation+1"],"picked":"SKIP","floor":45.0},{"not_picked":["FlurryOfBlows+1","EmptyFist+1"],"picked":"Wallop+1","floor":47.0},{"not_picked":["Consecrate+1","BowlingBash+1"],"picked":"Meditate+1","floor":55}],"player_experience":29532,"relics_obtained":[{"floor":6.0,"key":"Peace Pipe"},{"floor":9.0,"key":"WingedGreaves"},{"floor":10.0,"key":"Akabeko"},{"floor":12.0,"key":"Toxic Egg 2"},{"floor":14.0,"key":"PreservedInsect"},{"floor":23.0,"key":"Blood Vial"},{"floor":30.0,"key":"Meat on the Bone"},{"floor":31.0,"key":"Strawberry"},{"floor":40.0,"key":"Damaru"},{"floor":42.0,"key":"Whetstone"},{"floor":43.0,"key":"Art of War"},{"floor":47.0,"key":"Molten Egg 2"},{"floor":55,"key":"Nunchaku"}],"event_choices":[{"damage_healed":0.0,"max_hp_gain":0.0,"max_hp_loss":0.0,"gold_gain":150.0,"event_name":"Liars Game","player_choice":"AGREE","floor":2.0,"gold_loss":0.0,"damage_taken":0.0,"cards_obtained":["Doubt"]},{"damage_healed":0.0,"max_hp_gain":0.0,"max_hp_loss":0.0,"gold_gain":0.0,"event_name":"Shining Light","player_choice":"Entered Light","floor":3.0,"gold_loss":0.0,"damage_taken":20.0,"cards_upgraded":["Strike_P","Defend_P"]},{"damage_healed":0.0,"max_hp_gain":0.0,"max_hp_loss":0.0,"gold_gain":0.0,"event_name":"Accursed Blacksmith","player_choice":"Rummage","floor":5.0,"gold_loss":0.0,"damage_taken":0.0,"relics_obtained":["WarpedTongs"],"cards_obtained":["Pain"]},{"damage_healed":0.0,"max_hp_gain":0.0,"max_hp_loss":0.0,"gold_gain":0.0,"event_name":"Lab","player_choice":"Got Potions","floor":19.0,"gold_loss":0.0,"damage_taken":0.0},{"damage_healed":0.0,"max_hp_gain":0.0,"max_hp_loss":0.0,"gold_gain":0.0,"event_name":"Upgrade Shrine","player_choice":"Upgraded","floor":36.0,"gold_loss":0.0,"damage_taken":0.0,"cards_upgraded":["Tantrum"]},{"damage_healed":0.0,"max_hp_gain":0.0,"max_hp_loss":0.0,"gold_gain":0.0,"event_name":"Tomb of Lord Red Mask","player_choice":"Ignored","floor":39.0,"gold_loss":0.0,"damage_taken":0.0},{"damage_healed":0.0,"max_hp_gain":0.0,"max_hp_loss":0.0,"gold_gain":50.0,"event_name":"Golden Shrine","player_choice":"Pray","floor":44.0,"gold_loss":0.0,"damage_taken":0.0},{"damage_healed":0.0,"max_hp_gain":0.0,"max_hp_loss":4.0,"gold_gain":0.0,"event_name":"Winding Halls","player_choice":"Max HP","floor":48.0,"gold_loss":0.0,"damage_taken":0.0}],"is_beta":false,"boss_relics":[{"not_picked":["Calling Bell","VioletLotus"],"picked":"Runic Pyramid"},{"not_picked":["Tiny House","Philosopher\u0027s Stone"],"picked":"SlaversCollar"}],"items_purged_floors":[4],"is_endless":false,"potions_floor_spawned":[1,8,11,22,24,25,28,33,45,47],"ascension_level":20}}