{"host":"fuszjwm6fqgjjp4d","time":1608539750,"event":{"mods":["BaseMod","Bestiary","Colored Map","DeckTracker","Minty Spire (QoL Compilation)","Permanent Neow","Relic Sorter","Relic Stats","StSLib"],"gold_per_floor":[110,35,54,70,70,70,96,96,96,96,96],"floor_reached":10,"playtime":245,"items_purged":[],"score":132,"play_id":"aa182a1c-650b-448e-8e5a-ed08eff7c847","local_time":"20201221023550","is_ascension_mode":true,"campfire_choices":[{"data":"Cloak And Dagger","floor":6,"key":"SMITH"},{"floor":8,"key":"REST"}],"circlet_count":0,"master_deck":["AscendersBane","Strike_G","Strike_G","Strike_G","Strike_G","Defend_G","Defend_G","Defend_G","Defend_G","Defend_G","Survivor","Neutralize","Phantasmal Killer+1","Bane","Cloak And Dagger+1","Blade Dance","Flying Knee"],"relics":["Ring of the Snake","HornCleat","Nunchaku"],"acts_visited":["Exordium"],"potions_floor_usage":[],"damage_taken":[{"damage":7,"enemies":"2 Louse","floor":1,"turns":4},{"damage":4,"enemies":"Jaw Worm","floor":3,"turns":7},{"damage":3,"enemies":"Cultist","floor":4,"turns":5},{"damage":28,"enemies":"3 Sentries","floor":7,"turns":8},{"damage":44,"enemies":"Gremlin Nob","floor":10,"turns":4}],"seed_played":"3050951624516647430","potions_obtained":[{"floor":4,"key":"Dexterity Potion"}],"is_trial":false,"path_per_floor":["M","?","M","M","?","R","E","R","T","E"],"character_chosen":"THE_SILENT","items_purchased":[],"campfire_rested":1,"item_purchase_floors":[],"current_hp_per_floor":[52,52,48,45,45,45,17,36,36,0,0],"gold":96,"neow_bonus":"ONE_RANDOM_RARE_CARD","is_daily":false,"chose_seed":false,"campfire_upgraded":1,"win_rate":0.0,"timestamp":1608539750,"path_taken":["M","?","M","M","?","R","E","R","T","E"],"items_purchased_type":[],"build_version":"2020-12-13","purchased_purges":0,"victory":false,"max_hp_per_floor":[66,66,66,66,66,66,66,66,66,66,66],"relic_stats":{"Nunchaku":[1],"counters":[5,28],"obtain_stats":[{"Nunchaku":9,"HornCleat":7,"Ring of the Snake":0},{"Nunchaku":4,"HornCleat":4,"Ring of the Snake":0},{"Nunchaku":24,"HornCleat":24,"Ring of the Snake":0}],"Ring of the Snake":[10]},"card_choices":[{"not_picked":["Deflect","Catalyst"],"picked":"Bane","floor":1},{"not_picked":["Poisoned Stab","Skewer"],"picked":"Cloak And Dagger","floor":3},{"not_picked":["Riddle With Holes","Dagger Throw"],"picked":"Blade Dance","floor":4},{"not_picked":["Dagger Throw","PiercingWail"],"picked":"Flying Knee","floor":7}],"player_experience":1193063,"relics_obtained":[{"floor":7,"key":"HornCleat"},{"floor":9,"key":"Nunchaku"}],"event_choices":[{"cards_removed":["Strike_G"],"damage_healed":0,"gold_gain":0,"player_choice":"Card Removal","damage_taken":0,"max_hp_gain":0,"max_hp_loss":0,"event_name":"The Cleric","floor":2,"gold_loss":75},{"damage_healed":0,"gold_gain":0,"player_choice":"Grow","damage_taken":0,"max_hp_gain":0,"max_hp_loss":0,"event_name":"Living Wall","floor":5,"gold_loss":0,"cards_upgraded":["Phantasmal Killer"]}],"is_beta":false,"boss_relics":[],"items_purged_floors":[],"is_endless":false,"potions_floor_spawned":[4],"killed_by":"Gremlin Nob","ascension_level":20}}