{"host":"s1b9wbrnwri7g9vh","time":1608519597,"event":{"mods":["Act Like it!","BaseMod","Better Note","Hallownest","Hermit","Minty Spire (QoL Compilation)","Pale of the Ancients","Relic Stats","Replay The Spire","StSLib","The Druid","The Exalted","The Servant 0.9.4"],"gold_per_floor":[116,116,46,59,59,59,89,108,108,12,32,42,59,74,74,176,176,193,67,67,78,4,4,15,31,76,101,101,117,17,47,47,149,149,159,207,207,167,180,180,190,44,67,67,82,82,82],"floor_reached":46,"playtime":2478,"items_purged":["Skewer","Deadly Poison"],"score":691,"play_id":"474b7982-cba5-43fe-a229-5d4a968c17c5","local_time":"20201221025957","is_ascension_mode":true,"campfire_choices":[{"data":"Noxious Fumes","floor":6,"key":"SMITH"},{"floor":15,"key":"DIG"},{"data":"Noxious Fumes","floor":23,"key":"SMITH"},{"data":"Noxious Fumes","floor":40,"key":"SMITH"}],"circlet_count":0,"master_deck":["Survivor+1","Neutralize","Dodge and Roll","Noxious Fumes+1","Catalyst+1","Backflip","Noxious Fumes","Cloak And Dagger","Noxious Fumes+1","ReplayTheSpireMod:Scrap Shanks","Distraction","Dagger Spray","Deadly Poison+1","Dodge and Roll","Cloak And Dagger","Noxious Fumes+1","Ghostly","Ghostly","Ghostly","Ghostly+1","Ghostly","Prepared+1","Backflip","Backflip+1","Catalyst","Prepared","Prepared+1","Parasite"],"relics":["Ring of the Snake","HornCleat","Bromod:ArcaneAwakening","Replay:Mystery Machine","Pandora\u0027s Box","Orichalcum","Kunai","Empty Cage","Unceasing Top","War Paint","Ancient Tea Set"],"acts_visited":["Exordium","TheCity","TheBeyond"],"potions_floor_usage":[14,16,24,36,36,45,45],"damage_taken":[{"damage":9,"enemies":"Jaw Worm","floor":1,"turns":7},{"damage":5,"enemies":"Cultist","floor":4,"turns":6},{"damage":15,"enemies":"Lagavulin","floor":7,"turns":8},{"damage":0,"enemies":"2 Louse","floor":8,"turns":4},{"damage":4,"enemies":"Exordium Thugs","floor":11,"turns":5},{"damage":9,"enemies":"Lots of Slimes","floor":12,"turns":4},{"damage":5,"enemies":"Red Slaver","floor":13,"turns":4},{"damage":0,"enemies":"Looter","floor":14,"turns":4},{"damage":3,"enemies":"The Guardian","floor":16,"turns":7},{"damage":25,"enemies":"Chosen","floor":18,"turns":5},{"damage":8,"enemies":"3 Byrds","floor":21,"turns":4},{"damage":33,"enemies":"Snake Plant","floor":24,"turns":5},{"damage":16,"enemies":"Shelled Parasite and Fungi","floor":25,"turns":4},{"damage":0,"enemies":"Centurion and Healer","floor":29,"turns":5},{"damage":8,"enemies":"Book of Stabbing","floor":31,"turns":6},{"damage":8,"enemies":"Pondfish","floor":33,"turns":7},{"damage":9,"enemies":"Orb Walker","floor":35,"turns":6},{"damage":17,"enemies":"2 Orb Walkers","floor":36,"turns":6},{"damage":0,"enemies":"3 Darklings","floor":39,"turns":5},{"damage":2,"enemies":"Sphere and 2 Shapes","floor":41,"turns":6},{"damage":0,"enemies":"Transient","floor":45,"turns":5},{"damage":7,"enemies":"Writhing Mass","floor":46,"turns":5}],"seed_played":"6979240595789225083","potions_obtained":[{"floor":4,"key":"Languid Potion"},{"floor":8,"key":"BlessingOfTheForge"},{"floor":13,"key":"Adrenaline Potion"},{"floor":14,"key":"GamblersBrew"},{"floor":21,"key":"Venom Potion"},{"floor":25,"key":"SmokeBomb"},{"floor":29,"key":"AttackPotion"},{"floor":41,"key":"GamblersBrew"}],"is_trial":false,"path_per_floor":["M","?","$","M","$","R","E","M","T","$","M","M","M","M","R","B",null,"M","$","?","M","$","R","M","M","T","T","?","M","$","E","R","B",null,"M","?","?","?","M","R","M","$","T","$","M","M"],"character_chosen":"THE_SILENT","items_purchased":["Noxious Fumes","Noxious Fumes","Cloak And Dagger","Dodge and Roll","Noxious Fumes","War Paint"],"campfire_rested":0,"item_purchase_floors":[3,10,10,19,22,42],"current_hp_per_floor":[54,54,54,49,49,49,34,34,34,34,30,21,16,16,16,13,56,31,31,80,72,72,72,39,23,23,23,23,23,23,15,15,7,32,23,6,6,6,6,6,4,4,4,4,4,0,0],"gold":82,"neow_bonus":"REMOVE_CARD","is_daily":false,"chose_seed":false,"campfire_upgraded":3,"win_rate":0.0,"timestamp":1608519597,"path_taken":["M","?","$","M","?","R","E","M","T","$","M","?","M","M","R","BOSS","M","$","?","M","?","R","?","M","T","?","?","?","$","E","R","BOSS","M","?","?","?","M","R","M","$","T","$","M","M"],"items_purchased_type":["Card","Card","Card","Card","Card","Relic"],"build_version":"2020-12-13","purchased_purges":2,"victory":false,"max_hp_per_floor":[70,70,70,70,70,70,70,70,70,70,70,70,70,70,70,70,70,70,70,80,80,80,80,80,80,80,80,40,40,40,40,40,40,40,40,40,40,40,40,40,40,40,40,40,40,40,40],"relic_stats":{"counters":[22,118],"Pandora\u0027s Box":["Skewer","Dash","ReplayTheSpireMod:Scrap Shanks","Distraction","Dagger Spray","Doppelganger","Deadly Poison","Riddle With Holes"],"Kunai":[5],"Orichalcum":[90],"War Paint":["Survivor","Prepared"],"obtain_stats":[{"Bromod:ArcaneAwakening":9,"HornCleat":7,"Pandora\u0027s Box":17,"Kunai":31,"Replay:Mystery Machine":15,"Orichalcum":27,"War Paint":42,"Empty Cage":34,"Ancient Tea Set":43,"Unceasing Top":36,"Ring of the Snake":0},{"Bromod:ArcaneAwakening":4,"HornCleat":3,"Pandora\u0027s Box":9,"Kunai":15,"Replay:Mystery Machine":8,"Orichalcum":13,"War Paint":20,"Empty Cage":16,"Ancient Tea Set":20,"Unceasing Top":18,"Ring of the Snake":0},{"Bromod:ArcaneAwakening":25,"HornCleat":21,"Pandora\u0027s Box":49,"Kunai":78,"Replay:Mystery Machine":42,"Orichalcum":67,"War Paint":108,"Empty Cage":85,"Ancient Tea Set":108,"Unceasing Top":97,"Ring of the Snake":0}],"Unceasing Top":[1],"Ring of the Snake":[44]},"card_choices":[{"not_picked":["Dagger Spray","Terror"],"picked":"Dodge and Roll","floor":1},{"not_picked":["Sucker Punch","Flying Knee"],"picked":"Catalyst","floor":4},{"not_picked":["Expertise","Reflex"],"picked":"Backflip","floor":7},{"not_picked":["Skewer","Hidden Blade","Outmaneuver"],"picked":"SKIP","floor":8},{"not_picked":["Sucker Punch","Dagger Spray","Outmaneuver"],"picked":"SKIP","floor":11},{"not_picked":["Predator","ReplayTheSpireMod:Shiv Toss"],"picked":"Noxious Fumes","floor":12},{"not_picked":["Slice","Sneak Up","Poisoned Stab"],"picked":"SKIP","floor":13},{"not_picked":["Heel Hook","Toxin Wave","Caltrops"],"picked":"SKIP","floor":14},{"not_picked":["Blade Dance","Choke"],"picked":"Deadly Poison+1","floor":18},{"not_picked":["Eviscerate","Distraction"],"picked":"Cloak And Dagger","floor":21},{"not_picked":["Blade Dance","Skewer","Eviscerate"],"picked":"SKIP","floor":24},{"not_picked":["Flying Knee+1","Caltrops","Deadly Poison"],"picked":"SKIP","floor":25},{"not_picked":["ReplayTheSpireMod:Exploit Weakness+1","ReplayTheSpireMod:Shiv Toss","Flying Knee+1"],"picked":"SKIP","floor":29},{"not_picked":["Bane","Endless Agony"],"picked":"Prepared","floor":31},{"not_picked":["Flying Knee","Poisoned Stab+1"],"picked":"Backflip+1","floor":35},{"not_picked":["Outmaneuver","Blade Dance"],"picked":"Catalyst","floor":36},{"not_picked":["Reflex+1","Outmaneuver"],"picked":"Prepared","floor":39},{"not_picked":["Outmaneuver+1","Quick Slash+1","Choke"],"picked":"SKIP","floor":41},{"not_picked":["Replay:Poison Smokescreen+1","PiercingWail+1"],"picked":"Prepared+1","floor":45}],"player_experience":582185,"relics_obtained":[{"floor":7,"key":"HornCleat"},{"floor":9,"key":"Bromod:ArcaneAwakening"},{"floor":15,"key":"Replay:Mystery Machine"},{"floor":27,"key":"Orichalcum"},{"floor":31,"key":"Kunai"},{"floor":36,"key":"Unceasing Top"},{"floor":43,"key":"Ancient Tea Set"}],"event_choices":[{"cards_removed":["Defend_G"],"damage_healed":0,"gold_gain":0,"player_choice":"Purged","damage_taken":0,"max_hp_gain":0,"max_hp_loss":0,"event_name":"Purifier","floor":2,"gold_loss":0},{"cards_removed":["Doppelganger"],"damage_healed":39,"gold_gain":0,"player_choice":"Offered Rare","damage_taken":0,"max_hp_gain":10,"max_hp_loss":0,"event_name":"Bonfire Elementals","floor":20,"gold_loss":0},{"damage_healed":0,"gold_gain":0,"player_choice":"Became a Ghost","damage_taken":0,"max_hp_gain":0,"max_hp_loss":40,"event_name":"Ghosts","floor":28,"gold_loss":0,"cards_obtained":["Ghostly","Ghostly","Ghostly","Ghostly","Ghostly"]},{"damage_healed":0,"gold_gain":0,"player_choice":"Read","damage_taken":0,"max_hp_gain":0,"max_hp_loss":0,"event_name":"The Library","floor":32,"gold_loss":0,"cards_obtained":["Backflip"]},{"damage_healed":0,"gold_gain":0,"player_choice":"Fight","damage_taken":0,"max_hp_gain":0,"max_hp_loss":0,"event_name":"Mysterious Sphere","floor":36,"gold_loss":0},{"damage_healed":0,"gold_gain":0,"player_choice":"Upgraded Two","damage_taken":0,"max_hp_gain":0,"max_hp_loss":0,"event_name":"Designer","floor":38,"gold_loss":40,"cards_upgraded":["Ghostly","Catalyst"]}],"is_beta":false,"boss_relics":[{"not_picked":["Kintsugi","Snecko Scales"],"picked":"Pandora\u0027s Box"},{"not_picked":["Bromod:ArcaneGrace","Ring of the Serpent"],"picked":"Empty Cage"}],"items_purged_floors":[19,30],"is_endless":false,"potions_floor_spawned":[4,8,13,14,21,25,29,35,41],"killed_by":"Writhing Mass","ascension_level":9}}