{"host":"ljnkpwbnfujn5lym","time":1608592900,"event":{"mods":["Bard","BaseMod","Better Note","Colored Map","Colored Powertips","Exacting","Googly Eyes","Highlight Path","Infinite Spire","Minty Spire (QoL Compilation)","Permanent Neow","Quick Restart","Relic Sorter","Relic Stats","Replay The Spire","StSLib","The IronCluck","slay the spire mod where everything is the same but ironclad has a cowboy hat"],"gold_per_floor":[134,145,162,162,176,176,204,204,256,290,290,307,307,332,332,406,406,437,437,449,465,72,72,43,43,66,66,95,95,95,127,127,251,251,261,261,308,47,47,77,94,119,144,144,174,174,13,47,47,47],"floor_reached":51,"playtime":2041,"items_purged":["Strike_G","Decay","Pot Of Greed"],"score":1375,"play_id":"3be4be43-a247-4b06-994e-1b4b0fbd7234","local_time":"20201221172140","is_ascension_mode":true,"campfire_choices":[{"data":"Noxious Fumes","floor":6.0,"key":"SMITH"},{"floor":11.0,"key":"REST"},{"data":"Footwork","floor":23.0,"key":"SMITH"},{"data":"Footwork","floor":25.0,"key":"SMITH"},{"data":"A Thousand Cuts","floor":32.0,"key":"SMITH"},{"floor":46,"key":"REST"},{"floor":49,"key":"REST"}],"circlet_count":0,"master_deck":["AscendersBane","Defend_G","Defend_G+1","Defend_G+1","Defend_G","Survivor","Neutralize+1","Blade Dance+1","Bouncing Flask+1","Deadly Poison+1","Dagger Spray","Footwork+1","Bane","Noxious Fumes+1","Footwork+1","PiercingWail","Accuracy","A Thousand Cuts+1","Pot Of Greed+1","Backflip","Cloak And Dagger","Envenom","Deadly Poison","Sucker Punch+1","infinitespire:Fortify","infinitespire:Gouge","Die Die Die","After Image","Well Laid Plans+1","Catalyst","Adrenaline"],"relics":["Astrolabe","infinitespire:Cupcake","Mummified Hand","Strawberry","Grinning Jar","Centennial Puzzle","infinitespire:Golems Mask","ChewingGum","infinitespire:Joker Card","Whetstone","infinitespire:Bottled Soul","Lantern","Blue Candle","SlaversCollar","Sling","Bottled Lightning","Toy Ornithopter","Potion Belt","Simple Rune","Chameleon Ring"],"acts_visited":["Exordium","TheCity","TheBeyond"],"potions_floor_usage":[40,50,50],"damage_taken":[{"damage":0.0,"enemies":"2 Louse","floor":1.0,"turns":2.0},{"damage":8.0,"enemies":"Small Slimes","floor":2.0,"turns":3.0},{"damage":4.0,"enemies":"Cultist","floor":3.0,"turns":3.0},{"damage":11.0,"enemies":"Exordium Thugs","floor":5.0,"turns":3.0},{"damage":30.0,"enemies":"Gremlin Nob","floor":7.0,"turns":4.0},{"damage":5.0,"enemies":"Lagavulin","floor":10.0,"turns":5.0},{"damage":13.0,"enemies":"Blue Slaver","floor":12.0,"turns":3.0},{"damage":9.0,"enemies":"3 Sentries","floor":14.0,"turns":5.0},{"damage":5.0,"enemies":"Hexaghost","floor":16.0,"turns":6.0},{"damage":7.0,"enemies":"2 Thieves","floor":18.0,"turns":3.0},{"damage":0.0,"enemies":"Spheric Guardian","floor":20.0,"turns":3.0},{"damage":11.0,"enemies":"Snake Plant","floor":21.0,"turns":3.0},{"damage":11.0,"enemies":"Book of Stabbing","floor":28.0,"turns":5.0},{"damage":11.0,"enemies":"Gremlin Leader","floor":31.0,"turns":3.0},{"damage":2.0,"enemies":"Champ","floor":33.0,"turns":7.0},{"damage":0.0,"enemies":"Orb Walker","floor":35.0,"turns":3.0},{"damage":2.0,"enemies":"3 Darklings","floor":37.0,"turns":3.0},{"damage":15,"enemies":"Nightmare","floor":40,"turns":6},{"damage":29,"enemies":"Transient","floor":41,"turns":5},{"damage":0,"enemies":"4 Shapes","floor":42,"turns":5},{"damage":10,"enemies":"Maw","floor":45,"turns":5},{"damage":21,"enemies":"Giant Head","floor":48,"turns":7},{"damage":16,"enemies":"Time Eater","floor":50,"turns":6}],"seed_played":"-2592643416542096806","potions_obtained":[{"floor":1.0,"key":"Venom Potion"},{"floor":1.0,"key":"GhostInAJar"},{"floor":16.0,"key":"Venom Potion"},{"floor":28.0,"key":"SpeedPotion"},{"floor":33.0,"key":"BlessingOfTheForge"},{"floor":45,"key":"Doom Potion"}],"is_trial":false,"path_per_floor":["M","M","M","?","M","R","E","?","T","E","R","M","T","E","R_BF","B",null,"M","?","M","M","$","R","$","R","T","?","E","?","AVR","E","R","B",null,"M","?","M","$","T","NM","M","M","T","?","M","R","$","E","R","B",null],"character_chosen":"THE_SILENT","items_purchased":["infinitespire:Joker Card","Sucker Punch","Sling","Simple Rune"],"campfire_rested":3,"item_purchase_floors":[22,24,38,47],"current_hp_per_floor":[59,51,47,47,36,36,6,6,13,8,29,16,16,7,28,23,61,54,54,54,43,43,43,43,43,43,43,32,47,47,36,36,34,63,63,63,61,61,61,46,17,17,17,17,7,28,28,7,28,22],"gold":47,"neow_bonus":"BOSS_RELIC","is_daily":false,"chose_seed":false,"campfire_upgraded":4,"win_rate":0.0,"timestamp":1608592900,"path_taken":["M","M","M","?","M","R","E","?","T","E","R","?","?","E","R_BF","BOSS","M","?","M","M","$","R","?","R","T","?","E","?","AVR","E","R","BOSS","M","?","M","$","?","NM","M","M","T","?","M","R","?","E","R","BOSS"],"items_purchased_type":["Relic","Card","Relic","Relic"],"build_version":"2020-12-13","purchased_purges":3,"victory":true,"max_hp_per_floor":[66,66,66,66,66,66,66,66,73,73,73,73,73,73,73,73,73,73,73,73,73,73,73,73,73,73,73,73,73,73,73,73,73,73,73,73,73,73,73,73,73,73,73,73,73,73,73,73,73,73],"relic_stats":{"Centennial Puzzle":[39],"counters":[23,98],"Mummified Hand":[113],"Astrolabe":["Blade Dance","Bouncing Flask","Deadly Poison"],"Blue Candle":[0],"Whetstone":["Sucker Punch","Neutralize"],"obtain_stats":[{"Potion Belt":43,"Lantern":30,"Astrolabe":0,"Blue Candle":31,"infinitespire:Joker Card":22,"Whetstone":26,"Sling":38,"SlaversCollar":34,"Centennial Puzzle":13,"Chameleon Ring":48,"Mummified Hand":7,"infinitespire:Bottled Soul":28,"Strawberry":9,"infinitespire:Golems Mask":14,"ChewingGum":17,"Simple Rune":47,"Bottled Lightning":39,"Grinning Jar":10,"Toy Ornithopter":40,"Ring of the Snake":0,"infinitespire:Cupcake":0},{"Potion Belt":20,"Lantern":13,"Astrolabe":0,"Blue Candle":14,"infinitespire:Joker Card":12,"Whetstone":12,"Sling":17,"SlaversCollar":15,"Centennial Puzzle":7,"Chameleon Ring":22,"Mummified Hand":5,"infinitespire:Bottled Soul":13,"Strawberry":5,"infinitespire:Golems Mask":8,"ChewingGum":9,"Simple Rune":21,"Bottled Lightning":17,"Grinning Jar":6,"Toy Ornithopter":18,"Ring of the Snake":0,"infinitespire:Cupcake":0},{"Potion Belt":80,"Lantern":48,"Astrolabe":0,"Blue Candle":51,"infinitespire:Joker Card":43,"Whetstone":43,"Sling":64,"SlaversCollar":58,"Centennial Puzzle":23,"Chameleon Ring":92,"Mummified Hand":15,"infinitespire:Bottled Soul":48,"Strawberry":15,"infinitespire:Golems Mask":28,"ChewingGum":34,"Simple Rune":85,"Bottled Lightning":64,"Grinning Jar":20,"Toy Ornithopter":70,"Ring of the Snake":0,"infinitespire:Cupcake":0}],"Toy Ornithopter":10},"card_choices":[{"not_picked":["Calculated Gamble","Cloak And Dagger"],"picked":"Dagger Spray","floor":1.0},{"not_picked":["Well Laid Plans","Infinite Blades"],"picked":"Footwork","floor":2.0},{"not_picked":["ReplayTheSpireMod:Speed Training","Sucker Punch"],"picked":"Bane","floor":2.0},{"not_picked":["ReplayTheSpireMod:From All Sides","All Out Attack"],"picked":"Noxious Fumes","floor":3.0},{"not_picked":["Prepared","Quick Slash"],"picked":"Footwork","floor":5.0},{"not_picked":["Bane","Cloak And Dagger"],"picked":"PiercingWail","floor":5.0},{"not_picked":["Poisoned Stab","Bullet Time"],"picked":"Accuracy","floor":7.0},{"not_picked":["Bane","Flying Knee","Deadly Poison"],"picked":"SKIP","floor":10.0},{"not_picked":["Acrobatics","Prepared"],"picked":"Backflip","floor":12.0},{"not_picked":["Grand Finale","Slice"],"picked":"Cloak And Dagger","floor":14.0},{"not_picked":["Doppelganger","Venomology"],"picked":"Envenom","floor":16.0},{"not_picked":["Dodge and Roll","Dagger Throw","Flying Knee"],"picked":"SKIP","floor":18.0},{"not_picked":["Quick Slash","Dagger Throw","Underhanded Strike"],"picked":"SKIP","floor":20.0},{"not_picked":["Acrobatics","Deadly Poison","Riddle With Holes+1"],"picked":"SKIP","floor":21.0},{"not_picked":["Outmaneuver","Slice","Dagger Throw"],"picked":"SKIP","floor":28.0},{"not_picked":["Sneak Up","Reflex"],"picked":"Die Die Die","floor":31.0},{"not_picked":["Night Terror","Venomology"],"picked":"After Image","floor":33.0},{"not_picked":["Hidden Blade","Blade Dance"],"picked":"Well Laid Plans","floor":35.0},{"not_picked":["ReplayTheSpireMod:The Works+1","Infinite Blades+1"],"picked":"Catalyst","floor":37.0},{"not_picked":["Hidden Blade","Dodge and Roll","Prepared+1"],"picked":"SKIP","floor":40},{"not_picked":["Deadly Poison","Calculated Gamble","Poisoned Stab"],"picked":"SKIP","floor":41},{"not_picked":["Cloak And Dagger","Terror","Dagger Spray"],"picked":"SKIP","floor":42},{"not_picked":["Dagger Spray","Deflect","Blade Dance"],"picked":"SKIP","floor":45},{"not_picked":["Eviscerate+1","Hidden Blade"],"picked":"Adrenaline","floor":48}],"player_experience":621123,"relics_obtained":[{"floor":7.0,"key":"Mummified Hand"},{"floor":9.0,"key":"Strawberry"},{"floor":10.0,"key":"Grinning Jar"},{"floor":13.0,"key":"Centennial Puzzle"},{"floor":14.0,"key":"infinitespire:Golems Mask"},{"floor":26.0,"key":"Whetstone"},{"floor":28.0,"key":"infinitespire:Bottled Soul"},{"floor":31.0,"key":"Blue Candle"},{"floor":39.0,"key":"Bottled Lightning"},{"floor":40,"key":"Toy Ornithopter"},{"floor":43,"key":"Potion Belt"},{"floor":48,"key":"Chameleon Ring"}],"event_choices":[{"damage_healed":0.0,"max_hp_gain":0.0,"max_hp_loss":0.0,"gold_gain":0.0,"cards_transformed":["Strike_G"],"event_name":"Transmorgrifier","player_choice":"Transformed","floor":8.0,"gold_loss":0.0,"damage_taken":0.0,"cards_obtained":["A Thousand Cuts"]},{"damage_healed":0.0,"max_hp_gain":0.0,"max_hp_loss":0.0,"gold_gain":0.0,"cards_transformed":["Strike_G"],"event_name":"Transmorgrifier","player_choice":"Transformed","floor":19.0,"gold_loss":0.0,"damage_taken":0.0,"cards_obtained":["Deadly Poison"]},{"damage_healed":0.0,"max_hp_gain":0.0,"max_hp_loss":0.0,"gold_gain":0.0,"event_name":"Forgotten Altar","player_choice":"Smashed Altar","floor":27.0,"gold_loss":0.0,"damage_taken":0.0,"cards_obtained":["Decay"]},{"damage_healed":15.0,"max_hp_gain":0.0,"max_hp_loss":0.0,"gold_gain":0.0,"event_name":"The Library","player_choice":"Heal","floor":29.0,"gold_loss":0.0,"damage_taken":0.0},{"damage_healed":0.0,"max_hp_gain":0.0,"max_hp_loss":0.0,"gold_gain":0.0,"event_name":"Upgrade Shrine","player_choice":"Upgraded","floor":36.0,"gold_loss":0.0,"damage_taken":0.0,"cards_upgraded":["Well Laid Plans"]},{"cards_removed":["Pot Of Greed"],"damage_healed":0,"gold_gain":0,"player_choice":"Removed Skill","damage_taken":0,"max_hp_gain":0,"max_hp_loss":0,"event_name":"Falling","floor":44,"gold_loss":0}],"is_beta":false,"boss_relics":[{"not_picked":["Kintsugi","Pandora\u0027s Box"],"picked":"ChewingGum"},{"not_picked":["Replay:Ancient Bell","Busted Crown"],"picked":"SlaversCollar"}],"items_purged_floors":[22,30,38],"is_endless":false,"potions_floor_spawned":[1,2,5,16,18,33,37,45],"ascension_level":16}}