{"host":"fne7yx97fnz7kq05","time":1608584281,"event":{"mods":["BaseMod","Colored Map","Colored Powertips","Highlight Path","Minty Spire (QoL Compilation)","Relic Stats"],"gold_per_floor":[110,110,134,134,53,53,94,94,175,190,214,214,245,266,266,359,359,373,397,411,73,73,73,97,97,97,140,140,140,178,199,199,292,292,306,306,306,306,330,370,370,406,406,406,442,457,457,481,481,481,481,481,39,39,39],"floor_reached":54,"playtime":3525,"items_purged":["Strike_R"],"score":1532,"play_id":"8e09b992-3e5c-463c-80f8-9b6f2806f951","local_time":"20201221145801","is_ascension_mode":true,"campfire_choices":[{"data":"Armaments","floor":6.0,"key":"SMITH"},{"data":"Clothesline","floor":8.0,"key":"SMITH"},{"data":"Shockwave","floor":12.0,"key":"SMITH"},{"data":"Pommel Strike","floor":15.0,"key":"SMITH"},{"data":"Immolate","floor":23.0,"key":"SMITH"},{"floor":25.0,"key":"REST"},{"floor":29.0,"key":"REST"},{"floor":32.0,"key":"REST"},{"floor":44.0,"key":"REST"},{"floor":47.0,"key":"RECALL"},{"floor":49.0,"key":"REST"},{"data":"Dark Embrace","floor":52.0,"key":"SMITH"}],"circlet_count":0,"master_deck":["AscendersBane","Bash","Shockwave+1","Twin Strike+1","Clothesline+1","Armaments+1","Pommel Strike+1","Shrug It Off","Shrug It Off","Immolate+1","Battle Trance","True Grit","Spot Weakness+1","Clumsy","Feed","Feel No Pain+1","Twin Strike+1","Corruption","Feed","Feed","Hemokinesis","Shrug It Off+1","Metallicize","Dark Embrace+1","True Grit+1","Dark Shackles+1","Blind+1","Secret Technique+1","Disarm+1","Armaments+1","Sentinel+1","Feel No Pain+1","Transmutation+1","Juggernaut"],"relics":["Burning Blood","NeowsBlessing","Golden Idol","War Paint","InkBottle","Vajra","Cursed Key","Toxic Egg 2","Oddly Smooth Stone","StoneCalendar","Pandora\u0027s Box","Lantern","Magic Flower","PreservedInsect","OrangePellets"],"acts_visited":["Exordium","TheCity","TheBeyond","TheEnding"],"potions_floor_usage":[],"damage_taken":[{"damage":0.0,"enemies":"Small Slimes","floor":1.0,"turns":1.0},{"damage":0.0,"enemies":"Jaw Worm","floor":3.0,"turns":1.0},{"damage":0.0,"enemies":"Gremlin Nob","floor":7.0,"turns":1.0},{"damage":0.0,"enemies":"Cultist","floor":10.0,"turns":3.0},{"damage":18.0,"enemies":"Lots of Slimes","floor":11.0,"turns":8.0},{"damage":37.0,"enemies":"3 Sentries","floor":13.0,"turns":13.0},{"damage":2.0,"enemies":"2 Fungi Beasts","floor":14.0,"turns":5.0},{"damage":24.0,"enemies":"Hexaghost","floor":16.0,"turns":11.0},{"damage":7.0,"enemies":"3 Byrds","floor":18.0,"turns":5.0},{"damage":1.0,"enemies":"Shell Parasite","floor":19.0,"turns":5.0},{"damage":23.0,"enemies":"Centurion and Healer","floor":20.0,"turns":5.0},{"damage":33.0,"enemies":"Sentry and Sphere","floor":24.0,"turns":8.0},{"damage":19.0,"enemies":"Gremlin Leader","floor":27.0,"turns":4.0},{"damage":12.0,"enemies":"Book of Stabbing","floor":30.0,"turns":5.0},{"damage":12.0,"enemies":"Snake Plant","floor":31.0,"turns":6.0},{"damage":53.0,"enemies":"Collector","floor":33.0,"turns":9.0},{"damage":2.0,"enemies":"Orb Walker","floor":35.0,"turns":5.0},{"damage":11.0,"enemies":"3 Darklings","floor":39.0,"turns":6.0},{"damage":36.0,"enemies":"Reptomancer","floor":40.0,"turns":7.0},{"damage":15.0,"enemies":"Giant Head","floor":42.0,"turns":7.0},{"damage":34.0,"enemies":"Reptomancer","floor":45.0,"turns":5.0},{"damage":6.0,"enemies":"4 Shapes","floor":46.0,"turns":7.0},{"damage":20.0,"enemies":"Maw","floor":48.0,"turns":8.0},{"damage":34.0,"enemies":"Donu and Deca","floor":50.0,"turns":9.0},{"damage":87,"enemies":"Shield and Spear","floor":54,"turns":5}],"seed_played":"-689410433887145944","potions_obtained":[{"floor":1.0,"key":"Strength Potion"},{"floor":10.0,"key":"SmokeBomb"},{"floor":13.0,"key":"ColorlessPotion"},{"floor":18.0,"key":"LiquidMemories"},{"floor":19.0,"key":"Dexterity Potion"},{"floor":27.0,"key":"EssenceOfSteel"},{"floor":31.0,"key":"AttackPotion"},{"floor":35.0,"key":"Explosive Potion"},{"floor":38.0,"key":"DistilledChaos"},{"floor":38.0,"key":"AttackPotion"},{"floor":40.0,"key":"Ancient Potion"},{"floor":48.0,"key":"Dexterity Potion"}],"is_trial":false,"path_per_floor":["M","?","M","?","$","R","E","R","T","M","M","R","E","M","R","B",null,"M","M","M","$","?","R","M","R","T","E","T","R","E","M","R","B",null,"M","?","?","?","M","E","?","E","T","R","E","M","R","M","R","B",null,"R","$","E"],"character_chosen":"IRONCLAD","items_purchased":["Clothesline","Armaments","Toxic Egg 2","OrangePellets","Transmutation+1","Juggernaut"],"campfire_rested":5,"item_purchase_floors":[5,5,21,53,53,53],"current_hp_per_floor":[74,48,54,54,54,54,60,60,60,66,54,54,23,27,27,9,59,58,63,46,46,46,46,19,41,41,28,28,50,44,41,64,17,63,70,60,60,60,58,28,28,23,23,49,24,43,43,38,68,43,87,87,87,0,0],"gold":39,"neow_bonus":"THREE_ENEMY_KILL","is_daily":false,"chose_seed":false,"campfire_upgraded":6,"win_rate":0.0,"timestamp":1608584281,"path_taken":["M","?","M","?","?","R","E","R","T","M","M","R","E","?","R","BOSS","M","M","?","$","?","R","M","R","T","E","?","R","E","M","R","BOSS","M","?","?","?","?","E","?","E","T","R","E","M","R","M","R","BOSS","R","$","E"],"items_purchased_type":["Card","Card","Relic","Relic","Card","Card"],"build_version":"2020-12-13","purchased_purges":1,"victory":false,"max_hp_per_floor":[75,75,75,75,75,75,75,75,75,75,75,75,75,75,75,75,75,75,75,75,75,75,75,75,75,75,75,75,75,75,78,78,78,78,81,81,81,81,84,84,84,88,88,88,88,98,98,102,102,102,102,102,102,102,102],"relic_stats":{"OrangePellets":[0],"counters":[25,149],"Golden Idol":162,"Magic Flower":[20],"StoneCalendar":[206],"Pandora\u0027s Box":["Feed","Rupture","Feed","Hemokinesis","Shrug It Off","Metallicize","Dark Embrace","True Grit"],"PreservedInsect":77,"War Paint":["Defend_R","Defend_R"],"Cursed Key":1,"obtain_stats":[{"Lantern":40,"NeowsBlessing":0,"Golden Idol":2,"Vajra":13,"Oddly Smooth Stone":27,"Magic Flower":42,"StoneCalendar":30,"PreservedInsect":45,"War Paint":7,"Cursed Key":17,"Burning Blood":0,"OrangePellets":53,"Pandora\u0027s Box":34,"Toxic Egg 2":21,"InkBottle":9},{"Lantern":19,"NeowsBlessing":0,"Golden Idol":1,"Vajra":6,"Oddly Smooth Stone":13,"Magic Flower":20,"StoneCalendar":14,"PreservedInsect":21,"War Paint":3,"Cursed Key":8,"Burning Blood":0,"OrangePellets":24,"Pandora\u0027s Box":16,"Toxic Egg 2":11,"InkBottle":3},{"Lantern":108,"NeowsBlessing":0,"Golden Idol":1,"Vajra":27,"Oddly Smooth Stone":70,"Magic Flower":115,"StoneCalendar":75,"PreservedInsect":120,"War Paint":3,"Cursed Key":43,"Burning Blood":0,"OrangePellets":144,"Pandora\u0027s Box":90,"Toxic Egg 2":58,"InkBottle":3}],"Burning Blood":156,"InkBottle":[39]},"card_choices":[{"not_picked":["Sever Soul","Anger"],"picked":"Shockwave","floor":1.0},{"not_picked":["Rupture","Heavy Blade"],"picked":"Twin Strike","floor":3.0},{"not_picked":["Shockwave","Metallicize","Havoc"],"picked":"SKIP","floor":7.0},{"not_picked":["Dark Embrace","Thunderclap"],"picked":"Pommel Strike","floor":10.0},{"not_picked":["Havoc","Sword Boomerang"],"picked":"Shrug It Off","floor":11.0},{"not_picked":["Dark Embrace","Clothesline","Bludgeon"],"picked":"SKIP","floor":13.0},{"not_picked":["Reckless Charge","Carnage"],"picked":"Shrug It Off","floor":14.0},{"not_picked":["Bludgeon","Offering"],"picked":"Immolate","floor":16.0},{"not_picked":["Wild Strike","Feel No Pain"],"picked":"Battle Trance","floor":18.0},{"not_picked":["Perfected Strike+1","Thunderclap"],"picked":"True Grit","floor":19.0},{"not_picked":["Searing Blow","Iron Wave","Clothesline"],"picked":"SKIP","floor":20.0},{"not_picked":["True Grit+1","Anger"],"picked":"Spot Weakness+1","floor":24.0},{"not_picked":["Iron Wave","Uppercut"],"picked":"Feed","floor":27.0},{"not_picked":["Pommel Strike","Warcry+1"],"picked":"Feel No Pain+1","floor":30.0},{"not_picked":["Perfected Strike","Flex+1"],"picked":"Twin Strike+1","floor":31.0},{"not_picked":["Bludgeon","Feed"],"picked":"Corruption","floor":33.0},{"not_picked":["Clothesline","Wild Strike","Warcry+1"],"picked":"SKIP","floor":35.0},{"not_picked":["Jack Of All Trades+1","PanicButton+1"],"picked":"Dark Shackles+1","floor":36.0},{"not_picked":["Thinking Ahead+1","Mind Blast"],"picked":"Blind+1","floor":36.0},{"not_picked":["Flash of Steel","Bandage Up+1"],"picked":"Secret Technique+1","floor":36.0},{"not_picked":["Pommel Strike+1","Whirlwind"],"picked":"Disarm+1","floor":39.0},{"not_picked":["Blood for Blood","Pommel Strike","Clothesline"],"picked":"SKIP","floor":40.0},{"not_picked":["Flex+1","Battle Trance+1"],"picked":"Armaments+1","floor":42.0},{"not_picked":["Immolate","Shockwave+1"],"picked":"Sentinel+1","floor":45.0},{"not_picked":["Clothesline+1","Anger+1","Disarm+1"],"picked":"SKIP","floor":46.0},{"not_picked":["Burning Pact+1","Iron Wave+1"],"picked":"Feel No Pain+1","floor":48.0}],"player_experience":129858,"relics_obtained":[{"floor":7.0,"key":"War Paint"},{"floor":9.0,"key":"InkBottle"},{"floor":13.0,"key":"Vajra"},{"floor":27.0,"key":"Oddly Smooth Stone"},{"floor":30.0,"key":"StoneCalendar"},{"floor":40.0,"key":"Lantern"},{"floor":42.0,"key":"Magic Flower"},{"floor":45.0,"key":"PreservedInsect"}],"event_choices":[{"damage_healed":0.0,"max_hp_gain":0.0,"max_hp_loss":0.0,"gold_gain":0.0,"event_name":"Golden Idol","player_choice":"Take Damage","floor":2.0,"gold_loss":0.0,"damage_taken":26.0,"relics_obtained":["Golden Idol"]},{"damage_healed":0.0,"max_hp_gain":0.0,"max_hp_loss":0.0,"gold_gain":0.0,"event_name":"Living Wall","player_choice":"Grow","floor":4.0,"gold_loss":0.0,"damage_taken":0.0,"cards_upgraded":["Twin Strike"]},{"damage_healed":0.0,"max_hp_gain":0.0,"max_hp_loss":0.0,"gold_gain":0.0,"event_name":"The Mausoleum","player_choice":"Ignored","floor":22.0,"gold_loss":0.0,"damage_taken":0.0},{"damage_healed":0.0,"max_hp_gain":0.0,"max_hp_loss":0.0,"gold_gain":0.0,"event_name":"SensoryStone","player_choice":"Memory 3","floor":36.0,"gold_loss":0.0,"damage_taken":10.0},{"damage_healed":0.0,"max_hp_gain":0.0,"max_hp_loss":0.0,"gold_gain":0.0,"event_name":"Tomb of Lord Red Mask","player_choice":"Ignored","floor":37.0,"gold_loss":0.0,"damage_taken":0.0},{"damage_healed":0.0,"max_hp_gain":0.0,"max_hp_loss":0.0,"gold_gain":0.0,"event_name":"Lab","player_choice":"Got Potions","floor":38.0,"gold_loss":0.0,"damage_taken":0.0},{"cards_removed":["Rupture"],"damage_healed":0.0,"max_hp_gain":0.0,"max_hp_loss":0.0,"gold_gain":0.0,"event_name":"Falling","player_choice":"Removed Power","floor":41.0,"gold_loss":0.0,"damage_taken":0.0}],"is_beta":false,"boss_relics":[{"not_picked":["Coffee Dripper","SlaversCollar"],"picked":"Cursed Key"},{"not_picked":["Sozu","Black Star"],"picked":"Pandora\u0027s Box"}],"items_purged_floors":[21],"is_endless":false,"potions_floor_spawned":[1,10,11,13,18,19,27,31,35,39,40,48],"killed_by":"Shield and Spear","ascension_level":19}}