{"host":"8sm0b7p9523x62p8","time":1608528253,"event":{"mods":["AchievementEnabler","Aspiration","BaseMod","Beaked The Cultist","CatGirl Mod","Colored Map","Colored Powertips","Conspire","Curses Come First","Downfall","Friendly Minions","Glutton Mod","Halation","Highlight Path","Hubris","Jorbs\u0027s Wanderer Trilogy","KomeijiMod","Luminous","Mad Scientist","Mimic Mod","Minty Spire (QoL Compilation)","Quick Restart","Robot Space Explorer","StSLib","The Alterego","The Cursed","The Factory","The Fake Hero","The Forsaken","The Gatherer","The Jungle","The Marked","The Valiant","The Wild Card","The Witch","TheArtist","TheBandit","thorton","vexMod"],"gold_per_floor":[99,99,99,99,99,99,99,99,99,99,99],"floor_reached":10,"playtime":245,"items_purged":[],"score":50,"play_id":"24e915c9-ac4c-4d2c-baf7-db8ae9019700","local_time":"20201220222413","is_ascension_mode":false,"campfire_choices":[{"data":"champ:Taunt","floor":1,"key":"SMITH"},{"data":"champ:Execute","floor":6,"key":"SMITH"}],"circlet_count":0,"master_deck":["champ:Strike","champ:Strike","champ:Strike","champ:Defend","champ:Defend","champ:Defend","champ:Defend","champ:Execute+1","champ:Taunt+1","champ:BerserkerStyle","champ:GladiatorsShout","champ:AdrenalArmor"],"relics":["champ:ChampionCrown","downfall:HeartsMalice","Kunai"],"acts_visited":["Exordium"],"potions_floor_usage":[],"damage_taken":[{"damage":0,"enemies":"Small Slimes","floor":2,"turns":1},{"damage":0,"enemies":"2 Louse","floor":8,"turns":1},{"damage":0,"enemies":"Cultist","floor":9,"turns":1},{"damage":37,"enemies":"3 Sentries","floor":10,"turns":4}],"seed_played":"-5268448970754320864","potions_obtained":[{"floor":4,"key":"Block Potion"}],"is_trial":false,"path_per_floor":["R","M","?","?","?","R","T","M","M","E"],"character_chosen":"THE_CHAMP","items_purchased":[],"campfire_rested":0,"item_purchase_floors":[],"current_hp_per_floor":[90,90,90,90,90,90,90,90,90,53,53],"gold":99,"neow_bonus":"THREE_ENEMY_KILL","is_daily":false,"chose_seed":false,"campfire_upgraded":2,"win_rate":0.0,"timestamp":1608528253,"path_taken":["R","M","?","?","?","R","T","?","M","E"],"items_purchased_type":[],"build_version":"2020-12-13","purchased_purges":0,"victory":false,"max_hp_per_floor":[90,90,90,90,90,90,90,90,90,90,90],"card_choices":[{"not_picked":["champ:EndlessRage","champ:Backstep"],"picked":"champ:BerserkerStyle","floor":2},{"not_picked":["champ:Backstep","champ:FalseCounter"],"picked":"champ:AdrenalArmor","floor":8},{"not_picked":["champ:PerfectedStrike","champ:GladiatorsShout","champ:StanceDance"],"picked":"SKIP","floor":9}],"player_experience":335101,"relics_obtained":[{"floor":7,"key":"Kunai"}],"event_choices":[{"damage_healed":0,"gold_gain":0,"cards_transformed":["champ:Strike"],"player_choice":"Transformed","damage_taken":0,"max_hp_gain":0,"max_hp_loss":0,"event_name":"Transmorgrifier","floor":5,"gold_loss":0,"cards_obtained":["champ:GladiatorsShout"]}],"is_beta":false,"boss_relics":[],"items_purged_floors":[],"is_endless":false,"potions_floor_spawned":[],"killed_by":"3 Sentries","ascension_level":0}}