{"host":"hqvh779b89tfrjxy","time":1608526367,"event":{"mods":["Act Like it!","BaseMod","Better Third Choice","Downfall","Elementarium","Filter the Spire","GifTheSpireLib","Marked Mod","Minty Spire (QoL Compilation)","Replay The Spire","Spicy Shops","StSLib"],"gold_per_floor":[112,127,143,155,169,204,204,231,231,243,254,254,155,155,155,251,251,267,267,267,282,292,292,303,327,407,407,436,436,465,66,66,167,167,179,179,190,204,2,2,35,35,35,35,51,51,86,106,106,106,106],"floor_reached":50,"playtime":5393,"items_purged":["Strike_P","Strike_P","Strike_P"],"score":1016,"play_id":"15124d07-c2a3-48a9-9723-ae476ff368fa","local_time":"20201221055247","is_ascension_mode":true,"campfire_choices":[{"floor":7,"key":"REST"},{"data":"expansioncontent:CaCaw","floor":12,"key":"SMITH"},{"data":"Vigilance","floor":23,"key":"SMITH"},{"data":"CrushJoints","floor":27,"key":"SMITH"},{"floor":29,"key":"REST"},{"data":"Protect","floor":32,"key":"SMITH"},{"data":"EmptyFist","floor":40,"key":"SMITH"},{"floor":42,"key":"RECALL"},{"data":"EmptyBody","floor":44,"key":"SMITH"},{"data":"CutThroughFate","floor":46,"key":"SMITH"},{"data":"Wireheading","floor":49,"key":"SMITH"}],"circlet_count":0,"master_deck":["AscendersBane","Strike_P","Defend_P","Defend_P","Defend_P","Defend_P","Eruption","Vigilance+1","expansioncontent:CaCaw+1","CutThroughFate+1","CrushJoints+1","Wireheading+1","SignatureMove+1","BowlingBash","EmptyFist+1","Protect+1","EmptyBody+1","Halt","Consecrate","WindmillStrike+1","Swivel+1","Conclude+1"],"relics":["PureWater","Replay:Rubber Ducky","Vajra","ReplayTheSpireMod:Lightbulb","Snecko Eye","Blue Doll","Kunai","MarkedMod:AcupunctureKit","Molten Egg 2","Eternal Feather","Velvet Choker","TheAbacus","Replay:Bottled Steam","Pen Nib"],"acts_visited":["Exordium","TheCity","TheBeyond"],"potions_floor_usage":[6,8,28,50],"damage_taken":[{"damage":0,"enemies":"Cultist","floor":1,"turns":4},{"damage":0,"enemies":"Jaw Worm","floor":2,"turns":3},{"damage":0,"enemies":"Small Slimes","floor":3,"turns":2},{"damage":6,"enemies":"Blue Slaver","floor":4,"turns":5},{"damage":49,"enemies":"Exordium Thugs","floor":5,"turns":7},{"damage":0,"enemies":"Gremlin Nob","floor":6,"turns":2},{"damage":0,"enemies":"Lagavulin","floor":8,"turns":4},{"damage":0,"enemies":"2 Fungi Beasts","floor":10,"turns":3},{"damage":5,"enemies":"Blue Slaver","floor":11,"turns":5},{"damage":16,"enemies":"Slime Boss","floor":16,"turns":7},{"damage":0,"enemies":"Chosen","floor":18,"turns":3},{"damage":0,"enemies":"Spheric Guardian","floor":21,"turns":2},{"damage":0,"enemies":"3 Cultists","floor":22,"turns":4},{"damage":0,"enemies":"Snake Plant","floor":24,"turns":1},{"damage":35,"enemies":"Book of Stabbing","floor":28,"turns":5},{"damage":9,"enemies":"Slavers","floor":30,"turns":6},{"damage":0,"enemies":"Automaton","floor":33,"turns":4},{"damage":2,"enemies":"3 Shapes","floor":35,"turns":2},{"damage":0,"enemies":"Orb Walker","floor":37,"turns":2},{"damage":20,"enemies":"3 Darklings","floor":38,"turns":4},{"damage":41,"enemies":"R_Hoarder","floor":41,"turns":10},{"damage":0,"enemies":"4 Shapes","floor":45,"turns":3},{"damage":0,"enemies":"Reptomancer","floor":47,"turns":3},{"damage":10,"enemies":"Jaw Worm Horde","floor":48,"turns":3},{"damage":61,"enemies":"Awakened One","floor":50,"turns":9}],"seed_played":"545663382578800550","potions_obtained":[{"floor":3,"key":"Toxic Potion"},{"floor":4,"key":"Strength Potion"},{"floor":5,"key":"BottledMiracle"},{"floor":8,"key":"Elixir"},{"floor":18,"key":"Regen Potion"},{"floor":21,"key":"FearPotion"},{"floor":30,"key":"SmokeBomb"}],"is_trial":false,"path_per_floor":["M","M","M","M","M","E","R","E","T","M","M","R","$","?","R","B",null,"M","?","?","M","M","R","M","T","T","R","E","R","E","$","R","B",null,"M","?","M","M","$","R","E","R","T","R","M","R","E","M","R","B"],"character_chosen":"WATCHER","items_purchased":["Halt","Eternal Feather","Conclude+1","TheAbacus"],"campfire_rested":2,"item_purchase_floors":[13,31,31,39],"current_hp_per_floor":[65,65,65,59,10,10,31,31,31,31,26,26,26,26,47,31,62,62,62,62,62,62,62,62,62,62,62,32,53,44,44,56,56,68,66,66,66,46,46,58,17,29,29,41,41,53,53,43,55,0,0],"gold":106,"neow_bonus":"RANDOM_COLORLESS","is_daily":false,"chose_seed":false,"campfire_upgraded":8,"win_rate":0.0,"timestamp":1608526367,"path_taken":["M","M","M","M","M","E","R","E","T","M","M","R","$","?","R","BOSS","M","?","?","M","M","R","M","?","T","R","E","R","E","$","R","BOSS","M","?","M","M","$","R","E","R","T","R","M","R","E","M","R","BOSS"],"items_purchased_type":["Card","Relic","Card","Relic"],"build_version":"2020-12-13","purchased_purges":3,"victory":false,"max_hp_per_floor":[72,72,72,72,72,72,72,72,72,72,72,72,72,72,72,72,72,72,72,72,72,72,72,72,72,72,72,72,72,72,72,72,72,72,72,68,68,68,68,68,68,68,68,68,68,68,68,68,68,68,68],"card_choices":[{"not_picked":["expansioncontent:SuperHexaguard","ReplayTheSpireMod:Private Reserves"],"picked":"expansioncontent:CaCaw","floor":0},{"not_picked":["Evaluate","Swivel"],"picked":"CutThroughFate","floor":1},{"not_picked":["ClearTheMind","MarkedMod:FirstStrike"],"picked":"CrushJoints","floor":2},{"not_picked":["Replay:BluntJabs","MarkedMod:FirstStrike"],"picked":"Wireheading","floor":3},{"not_picked":["EmptyBody","Replay:BluntJabs"],"picked":"SignatureMove","floor":4},{"not_picked":["Study","JustLucky"],"picked":"BowlingBash","floor":5},{"not_picked":["Replay:AllIn","Protect"],"picked":"EmptyFist","floor":6},{"not_picked":["MarkedMod:GentlePulse","EmptyBody"],"picked":"Protect","floor":8},{"not_picked":["Replay:ManipulateFuture","WreathOfFlame","EmptyBody"],"picked":"SKIP","floor":10},{"not_picked":["EmptyFist","Replay:Hum"],"picked":"EmptyBody","floor":11},{"not_picked":["Replay:BluntJabs","Adaptation","EmptyFist"],"picked":"SKIP","floor":18},{"not_picked":["TalkToTheHand","Protect"],"picked":"Consecrate","floor":21},{"not_picked":["Protect","Weave"],"picked":"WindmillStrike+1","floor":22},{"not_picked":["SignatureMove+1","Replay:BluntJabs","CutThroughFate"],"picked":"SKIP","floor":24},{"not_picked":["Devotion","Protect"],"picked":"Swivel+1","floor":28},{"not_picked":["Protect","Replay:AtTheReady","Halt+1"],"picked":"SKIP","floor":30},{"not_picked":["Replay:AtTheReady+1","MarkedMod:FirstStrike+1","BattleHymn+1"],"picked":"SKIP","floor":35},{"not_picked":["PathToVictory","CutThroughFate+1","Nirvana"],"picked":"SKIP","floor":37},{"not_picked":["Prostrate+1","Replay:BluntJabs+1","Study"],"picked":"SKIP","floor":38},{"not_picked":["ForeignInfluence","SashWhip+1","FlyingSleeves+1"],"picked":"SKIP","floor":41},{"not_picked":["EmptyBody+1","Tantrum+1","MarkedMod:GracefulMovements+1"],"picked":"SKIP","floor":45},{"not_picked":["CutThroughFate+1","EmptyFist+1","Halt+1"],"picked":"SKIP","floor":47},{"not_picked":["Pray+1","JustLucky+1","PathToVictory"],"picked":"SKIP","floor":48}],"player_experience":147880,"relics_obtained":[{"floor":6,"key":"Replay:Rubber Ducky"},{"floor":8,"key":"Vajra"},{"floor":9,"key":"ReplayTheSpireMod:Lightbulb"},{"floor":25,"key":"Blue Doll"},{"floor":26,"key":"Kunai"},{"floor":28,"key":"MarkedMod:AcupunctureKit"},{"floor":30,"key":"Molten Egg 2"},{"floor":41,"key":"Replay:Bottled Steam"},{"floor":47,"key":"Pen Nib"}],"event_choices":[{"damage_healed":0,"gold_gain":0,"player_choice":"Max HP","damage_taken":0,"max_hp_gain":0,"max_hp_loss":4,"event_name":"Winding Halls","floor":36,"gold_loss":0}],"is_beta":false,"boss_relics":[{"not_picked":["Tiny House","HolyWater"],"picked":"Snecko Eye"},{"not_picked":["Replay:Wanted Poster","SacredBark"],"picked":"Velvet Choker"}],"items_purged_floors":[13,31,39],"is_endless":false,"potions_floor_spawned":[3,4,5,8,18,21,22,30,37,48],"killed_by":"Awakened One","ascension_level":10}}