{"host":"wha9hktbkslqvblg","time":1608552961,"event":{"mods":["BaseMod","Colored Map","Minty Spire (QoL Compilation)","Relic Stats","SuperFastMode","everything is the same but u backflip on backflip"],"gold_per_floor":[109,109,109,125,50,50,84,84,111,134,147,147,183,183,183,277,277,296,296,346,94,112,138,149,149,149,161,161,161,161,194,194,271,271,290,300,24,24,24,24,36,36,36,68,80,2,31,31,31,31,31,31,31,31,60,60],"floor_reached":57,"playtime":1418,"items_purged":["Strike_R","Strike_R"],"score":3158,"play_id":"d2652675-800a-4206-8fc4-da430e07b6c4","local_time":"20201221211601","is_ascension_mode":true,"campfire_choices":[{"data":"Pommel Strike","floor":6.0,"key":"SMITH"},{"data":"Uppercut","floor":8.0,"key":"SMITH"},{"data":"Armaments","floor":12.0,"key":"SMITH"},{"data":"Immolate","floor":15.0,"key":"SMITH"},{"data":"Barricade","floor":25,"key":"SMITH"},{"data":"Offering","floor":28,"key":"SMITH"},{"data":"Shrug It Off","floor":32,"key":"SMITH"},{"data":"Body Slam","floor":40,"key":"SMITH"},{"floor":49,"key":"RECALL"},{"data":"Second Wind","floor":53,"key":"SMITH"}],"circlet_count":0,"master_deck":["AscendersBane","Pommel Strike+1","Uppercut+1","Immolate+1","Armaments+1","Shrug It Off+1","Fire Breathing+1","Demon Form+1","Warcry+1","Offering+1","Evolve+1","Barricade+1","Second Wind+1","Body Slam+1","Power Through+1","Battle Trance+1"],"relics":["Burning Blood","NeowsBlessing","Bloody Idol","Nunchaku","Oddly Smooth Stone","Incense Burner","Astrolabe","Red Skull","Singing Bowl","Boot","Pandora\u0027s Box","Mummified Hand","Pear","Juzu Bracelet","Whetstone"],"acts_visited":["Exordium","TheCity","TheBeyond","TheEnding"],"potions_floor_usage":[23,36,44,50,55],"damage_taken":[{"damage":0.0,"enemies":"Small Slimes","floor":1.0,"turns":1.0},{"damage":0.0,"enemies":"Jaw Worm","floor":4.0,"turns":1.0},{"damage":0.0,"enemies":"3 Sentries","floor":7.0,"turns":2.0},{"damage":0.0,"enemies":"2 Louse","floor":10.0,"turns":2.0},{"damage":2.0,"enemies":"Red Slaver","floor":11.0,"turns":3.0},{"damage":15.0,"enemies":"Lagavulin","floor":13.0,"turns":5.0},{"damage":12.0,"enemies":"The Guardian","floor":16.0,"turns":13.0},{"damage":18.0,"enemies":"Chosen","floor":18.0,"turns":5.0},{"damage":25,"enemies":"Shell Parasite","floor":22,"turns":7},{"damage":6,"enemies":"Slavers","floor":23,"turns":1},{"damage":9,"enemies":"Snecko","floor":24,"turns":5},{"damage":10,"enemies":"Centurion and Healer","floor":27,"turns":9},{"damage":31,"enemies":"Gremlin Leader","floor":31,"turns":6},{"damage":24,"enemies":"Collector","floor":33,"turns":10},{"damage":6,"enemies":"Orb Walker","floor":35,"turns":4},{"damage":0,"enemies":"3 Darklings","floor":36,"turns":1},{"damage":6,"enemies":"Sphere and 2 Shapes","floor":41,"turns":3},{"damage":1,"enemies":"Nemesis","floor":44,"turns":5},{"damage":27,"enemies":"Writhing Mass","floor":45,"turns":4},{"damage":6,"enemies":"Giant Head","floor":47,"turns":4},{"damage":8,"enemies":"Donu and Deca","floor":50,"turns":4},{"damage":6,"enemies":"Time Eater","floor":51,"turns":6},{"damage":37,"enemies":"Shield and Spear","floor":55,"turns":7},{"damage":64,"enemies":"The Heart","floor":56,"turns":8}],"seed_played":"-3512937122217056162","potions_obtained":[{"floor":4.0,"key":"Fire Potion"},{"floor":7.0,"key":"SmokeBomb"},{"floor":16.0,"key":"DuplicationPotion"},{"floor":22,"key":"DuplicationPotion"},{"floor":31,"key":"SteroidPotion"},{"floor":36,"key":"SkillPotion"},{"floor":44,"key":"LiquidBronze"},{"floor":47,"key":"Swift Potion"}],"is_trial":false,"path_per_floor":["M","?","?","M","$","R","E","R","T","M","M","R","E","?","R","B",null,"M","?","?","$","M","E","M","R","T","M","R","?","?","E","R","B",null,"M","M","$","?","?","R","M","T","T","E","M","$","E","?","R","B","B",null,"R","$","E","B",null],"character_chosen":"IRONCLAD","items_purchased":["Offering","Evolve","Mummified Hand","LiquidMemories"],"campfire_rested":0,"item_purchase_floors":[21,21,37,46],"current_hp_per_floor":[74,67,41,47,47,47,53,53,53,59,63,63,54,31,31,25,63,51,51,49,49,35,40,42,42,42,45,45,45,45,25,25,14,63,70,81,81,77,66,66,73,73,83,91,75,75,82,78,78,76,76,93,93,93,67,9],"gold":60,"neow_bonus":"THREE_ENEMY_KILL","is_daily":false,"chose_seed":false,"campfire_upgraded":9,"win_rate":0.0,"timestamp":1608552961,"path_taken":["M","?","?","M","?","R","E","R","T","M","M","R","E","?","R","BOSS","M","?","?","$","?","E","M","R","T","M","R","?","?","E","R","BOSS","M","?","$","?","?","R","?","?","T","E","M","?","E","?","R","BOSS","BOSS","R","$","E","BOSS"],"items_purchased_type":["Card","Card","Relic","Potion"],"build_version":"2020-12-13","purchased_purges":2,"victory":true,"max_hp_per_floor":[75,75,75,75,75,75,75,75,75,75,75,75,75,75,75,75,75,75,75,75,75,75,75,75,75,75,77,77,77,77,77,77,79,79,81,81,81,77,77,77,79,79,89,91,91,91,93,99,99,99,99,99,99,99,99,99],"relic_stats":{"Nunchaku":[14],"Singing Bowl":18,"counters":[24,116],"Mummified Hand":[37],"Bloody Idol":66,"Astrolabe":["Fire Breathing","Demon Form","Warcry"],"Pandora\u0027s Box":["Twin Strike","Perfected Strike","Combust","Havoc"],"Juzu Bracelet":1,"Whetstone":[],"Boot":[0],"obtain_stats":[{"Pear":43,"NeowsBlessing":0,"Singing Bowl":26,"Golden Idol":3,"Astrolabe":17,"Oddly Smooth Stone":9,"Incense Burner":13,"Juzu Bracelet":47,"Whetstone":55,"Boot":31,"Burning Blood":0,"Nunchaku":7,"Mummified Hand":37,"Bloody Idol":19,"Pandora\u0027s Box":34,"Red Skull":23},{"Pear":17,"NeowsBlessing":0,"Singing Bowl":11,"Golden Idol":1,"Astrolabe":7,"Oddly Smooth Stone":3,"Incense Burner":6,"Juzu Bracelet":20,"Whetstone":23,"Boot":13,"Burning Blood":0,"Nunchaku":3,"Mummified Hand":16,"Bloody Idol":8,"Pandora\u0027s Box":14,"Red Skull":10},{"Pear":78,"NeowsBlessing":0,"Singing Bowl":45,"Golden Idol":1,"Astrolabe":27,"Oddly Smooth Stone":4,"Incense Burner":14,"Juzu Bracelet":91,"Whetstone":108,"Boot":60,"Burning Blood":0,"Nunchaku":4,"Mummified Hand":75,"Bloody Idol":32,"Pandora\u0027s Box":70,"Red Skull":40}],"Burning Blood":144},"card_choices":[{"not_picked":["Iron Wave","Havoc","Combust"],"picked":"SKIP","floor":1.0},{"not_picked":["Reckless Charge","Twin Strike"],"picked":"Pommel Strike","floor":4.0},{"not_picked":["Wild Strike","Intimidate"],"picked":"Uppercut","floor":7.0},{"not_picked":["True Grit","Infernal Blade"],"picked":"Immolate","floor":10.0},{"not_picked":["Shrug It Off","Pummel"],"picked":"Armaments","floor":11.0},{"not_picked":["Dual Wield","Thunderclap"],"picked":"Shrug It Off","floor":13.0},{"not_picked":["Pommel Strike","Inflame+1","Headbutt"],"picked":"SKIP","floor":18.0},{"not_picked":["Havoc+1","Shrug It Off","Dark Embrace"],"picked":"SKIP","floor":22},{"not_picked":["Warcry","Disarm","Sentinel"],"picked":"SKIP","floor":23},{"not_picked":["Warcry","Disarm","Sentinel"],"picked":"SKIP","floor":23},{"not_picked":["Spot Weakness","Heavy Blade"],"picked":"Barricade","floor":24},{"not_picked":["Headbutt","Carnage","Dropkick"],"picked":"Singing Bowl","floor":27},{"not_picked":["Iron Wave","Bloodletting"],"picked":"Second Wind","floor":31},{"not_picked":["Feed","Berserk","Demon Form"],"picked":"Singing Bowl","floor":33},{"not_picked":["Armaments+1","Clothesline","Disarm"],"picked":"Singing Bowl","floor":35},{"not_picked":["Evolve","Rage"],"picked":"Body Slam","floor":36},{"not_picked":["Pummel+1","Carnage+1","Clothesline"],"picked":"Singing Bowl","floor":41},{"not_picked":["Cleave","Corruption","Dual Wield"],"picked":"Singing Bowl","floor":44},{"not_picked":["Blood for Blood","Rage+1"],"picked":"Power Through+1","floor":45},{"not_picked":["Disarm","Hemokinesis","Metallicize"],"picked":"Singing Bowl","floor":47},{"not_picked":["Jack Of All Trades","Metamorphosis","PanicButton"],"picked":"Singing Bowl","floor":48},{"not_picked":["Panacea","HandOfGreed","Jack Of All Trades"],"picked":"Singing Bowl","floor":48},{"not_picked":["Bandage Up","Impatience","Finesse"],"picked":"Singing Bowl","floor":48},{"not_picked":["Spot Weakness","Twin Strike+1"],"picked":"Battle Trance+1","floor":55}],"player_experience":879416,"relics_obtained":[{"floor":7.0,"key":"Nunchaku"},{"floor":9.0,"key":"Oddly Smooth Stone"},{"floor":13.0,"key":"Incense Burner"},{"floor":23,"key":"Red Skull"},{"floor":26,"key":"Singing Bowl"},{"floor":31,"key":"Boot"},{"floor":43,"key":"Pear"},{"floor":47,"key":"Juzu Bracelet"},{"floor":55,"key":"Whetstone"}],"event_choices":[{"cards_removed":["Strike_R"],"damage_healed":0.0,"max_hp_gain":0.0,"max_hp_loss":0.0,"gold_gain":0.0,"event_name":"Golden Wing","player_choice":"Card Removal","floor":2.0,"gold_loss":0.0,"damage_taken":7.0},{"damage_healed":0.0,"max_hp_gain":0.0,"max_hp_loss":0.0,"gold_gain":0.0,"event_name":"Golden Idol","player_choice":"Take Damage","floor":3.0,"gold_loss":0.0,"damage_taken":26.0,"relics_obtained":["Golden Idol"]},{"damage_healed":0.0,"max_hp_gain":0.0,"max_hp_loss":0.0,"gold_gain":0.0,"event_name":"Shining Light","player_choice":"Entered Light","floor":14.0,"gold_loss":0.0,"damage_taken":23.0,"cards_upgraded":["Defend_R","Bash"]},{"damage_healed":0.0,"max_hp_gain":0.0,"max_hp_loss":0.0,"gold_gain":0.0,"event_name":"Forgotten Altar","player_choice":"Gave Idol","floor":19.0,"relics_lost":["Golden Idol"],"gold_loss":0.0,"damage_taken":0.0,"relics_obtained":["Bloody Idol"]},{"damage_healed":0,"gold_gain":50,"player_choice":"Touch","damage_taken":7,"max_hp_gain":0,"max_hp_loss":0,"event_name":"FaceTrader","floor":20,"gold_loss":0},{"damage_healed":0,"gold_gain":0,"player_choice":"Ignored","damage_taken":0,"max_hp_gain":0,"max_hp_loss":0,"event_name":"The Mausoleum","floor":29,"gold_loss":0},{"damage_healed":0,"gold_gain":0,"player_choice":"Forge","damage_taken":0,"max_hp_gain":0,"max_hp_loss":0,"event_name":"Accursed Blacksmith","floor":30,"gold_loss":0,"cards_upgraded":["Evolve"]},{"damage_healed":0,"gold_gain":0,"player_choice":"Max HP","damage_taken":0,"max_hp_gain":0,"max_hp_loss":4,"event_name":"Winding Halls","floor":38,"gold_loss":0},{"damage_healed":0,"gold_gain":0,"player_choice":"Damaged","damage_taken":11,"max_hp_gain":0,"max_hp_loss":0,"event_name":"Wheel of Change","floor":39,"gold_loss":0},{"damage_healed":0,"gold_gain":0,"player_choice":"Memory 3","damage_taken":10,"max_hp_gain":0,"max_hp_loss":0,"event_name":"SensoryStone","floor":48,"gold_loss":0}],"is_beta":false,"boss_relics":[{"not_picked":["Runic Cube","Empty Cage"],"picked":"Astrolabe"},{"not_picked":["Tiny House","Cursed Key"],"picked":"Pandora\u0027s Box"}],"items_purged_floors":[5,21],"is_endless":false,"potions_floor_spawned":[4,7,16,22,31,33,36,44,47],"ascension_level":20}}