{"host":"ln38befi3ugo1bsw","time":1608525255,"event":{"mods":["BaseMod","BetterRewards","Colored Map","Colored Powertips","Downfall","Hermit","Jorbs\u0027s Wanderer Trilogy","Lobotomy","Marisa????????","Minty Spire (QoL Compilation)","READ ME - Guardian Mod","READ ME - Snecko Mod","StSLib","SuperFastMode","The Cursed","The Servant 0.9.4"],"gold_per_floor":[99,99,99,99,9,9,86,102,132,132,132,144,160,45,58,58,58,58],"floor_reached":16,"playtime":712,"items_purged":["Regret","Regret"],"score":98,"play_id":"0aef6863-df8f-4979-823c-fb1e9f532a9f","local_time":"20201220233415","is_ascension_mode":false,"campfire_choices":[{"floor":1,"key":"RECALL"},{"data":"Slimebound:Grow","floor":6,"key":"SMITH"},{"floor":10,"key":"REST"}],"circlet_count":0,"master_deck":["Slimebound:Strike_Slimebound","Slimebound:Strike_Slimebound","Slimebound:Strike_Slimebound+1","Slimebound:Tackle+1","Slimebound:Defend_Slimebound","Slimebound:Defend_Slimebound","Slimebound:Defend_Slimebound","Slimebound:Defend_Slimebound+1","Slimebound:Split","Slimebound:CorrosiveSpit+1","Slimebound:Grow+1","Slimebound:FinishingTackle","Slimebound:LevelUp","Slimebound:Nibble","Slimebound:SplitBruiser","Slimebound:SplitAcid","Slimebound:PressTheAttack","Slimebound:SplitMire"],"relics":["Slimebound:AbsorbEndCombat","Dream Catcher","Blood Vial","Meat on the Bone"],"acts_visited":["Exordium"],"potions_floor_usage":[16],"damage_taken":[{"damage":10,"enemies":"downfall:FleeingMerchant","floor":5,"turns":4},{"damage":8,"enemies":"Cultist","floor":8,"turns":4},{"damage":34,"enemies":"3 Sentries","floor":9,"turns":8},{"damage":12,"enemies":"Small Slimes","floor":12,"turns":2},{"damage":0,"enemies":"2 Louse","floor":13,"turns":1},{"damage":18,"enemies":"downfall:FleeingMerchant","floor":14,"turns":4},{"damage":24,"enemies":"Exordium Wildlife","floor":15,"turns":3},{"damage":55,"enemies":"downfall:Ironclad","floor":16,"turns":3}],"seed_played":"-5024197587012642875","potions_obtained":[{"floor":9,"key":"FearPotion"},{"floor":13,"key":"SteroidPotion"}],"is_trial":false,"path_per_floor":["R","?","?","?","$","R","T","M","E","R","?","M","M","$","M","B"],"character_chosen":"SLIMEBOUND","items_purchased":[],"campfire_rested":1,"item_purchase_floors":[],"current_hp_per_floor":[66,66,63,63,62,62,62,66,36,55,55,51,55,55,43,0,0,0],"gold":58,"neow_bonus":"TEN_PERCENT_HP_BONUS","is_daily":false,"chose_seed":false,"campfire_upgraded":1,"win_rate":0.0,"timestamp":1608525255,"path_taken":["R","?","?","?","$","R","T","?","E","R","?","?","M","$","M","BOSS"],"items_purchased_type":[],"build_version":"2020-12-13","purchased_purges":2,"victory":false,"max_hp_per_floor":[66,66,66,66,66,66,66,66,66,66,66,66,66,66,66,66,66,66],"card_choices":[{"not_picked":["Slimebound:Schlurp","Slimebound:RainOfGoop"],"picked":"Slimebound:Grow","floor":5},{"not_picked":["Slimebound:Gluttony","Slimebound:SplitBruiser"],"picked":"Slimebound:FinishingTackle","floor":8},{"not_picked":["Slimebound:LeechingTouch","Slimebound:Equalize"],"picked":"Slimebound:LevelUp","floor":9},{"not_picked":["Slimebound:SplitMire","Slimebound:SamplingLick"],"picked":"Slimebound:Nibble","floor":10},{"not_picked":["Slimebound:PressTheAttack","Slimebound:SplitLeeching"],"picked":"Slimebound:SplitBruiser","floor":12},{"not_picked":["Slimebound:ViciousTackle","Slimebound:TongueLash"],"picked":"Slimebound:SplitAcid","floor":13},{"not_picked":["Slimebound:DouseInSlime","Slimebound:SlimeBarrage"],"picked":"Slimebound:PressTheAttack","floor":14},{"not_picked":["Slimebound:ViciousTackle","Slimebound:PressTheAttack"],"picked":"Slimebound:SplitMire","floor":15}],"player_experience":42446,"relics_obtained":[{"floor":9,"key":"Meat on the Bone"}],"event_choices":[{"damage_healed":0,"gold_gain":0,"player_choice":"Success","damage_taken":3,"relics_obtained":["Dream Catcher"],"max_hp_gain":0,"max_hp_loss":0,"event_name":"Scrap Ooze","floor":3,"gold_loss":0},{"damage_healed":0,"gold_gain":0,"player_choice":"Box","damage_taken":0,"relics_obtained":["Blood Vial"],"max_hp_gain":0,"max_hp_loss":0,"event_name":"Big Fish","floor":4,"gold_loss":0,"cards_obtained":["Regret"]},{"damage_healed":0,"gold_gain":0,"player_choice":"Forge","damage_taken":0,"max_hp_gain":0,"max_hp_loss":0,"event_name":"Accursed Blacksmith","floor":11,"gold_loss":0,"cards_upgraded":["Slimebound:CorrosiveSpit"]}],"is_beta":false,"boss_relics":[],"items_purged_floors":[5,14],"is_endless":false,"potions_floor_spawned":[9,13],"killed_by":"downfall:Ironclad","ascension_level":0}}