{"host":"ymmeoa1x24ihslbm","time":1608590416,"event":{"mods":["AchievementEnabler","BaseMod","Colored Map","Colored Powertips","Defuse TimeMaze Blight","Highlight Path","Minty Spire (QoL Compilation)","Permanent Neow","Quick Restart","StSLib","Unceasing Turn Reminder"],"gold_per_floor":[112,112,122,137,149,149,161,226,226,251,269,284,284,324,324,430,430,459,146,146,166,175,211,211,245,245,258,258,284,284,300,300,414,414,429,455,72,72,87,87,97,97,97,12,12,29,29,41,41,41,41],"floor_reached":50,"playtime":5652,"items_purged":[],"score":546,"play_id":"7b9187d3-888f-4b79-b2ee-fd8e31d30437","local_time":"20201221234016","is_ascension_mode":true,"campfire_choices":[{"data":"Vigilance","floor":6.0,"key":"SMITH"},{"data":"TalkToTheHand","floor":13.0,"key":"SMITH"},{"data":"WheelKick","floor":15.0,"key":"SMITH"},{"data":"TalkToTheHand","floor":24.0,"key":"SMITH"},{"data":"WaveOfTheHand","floor":28.0,"key":"SMITH"},{"data":"Worship","floor":30.0,"key":"SMITH"},{"data":"Pray","floor":32.0,"key":"SMITH"},{"data":"Ragnarok","floor":40.0,"key":"SMITH"},{"data":"CutThroughFate","floor":42.0,"key":"SMITH"},{"data":"Bandage Up","floor":45.0,"key":"SMITH"},{"data":"FollowUp","floor":47,"key":"SMITH"},{"floor":49,"key":"REST"}],"circlet_count":0,"master_deck":["Strike_P","Strike_P","Strike_P","Strike_P","Defend_P","Defend_P","Defend_P","Defend_P","Eruption+1","Vigilance+1","ThirdEye+1","FlurryOfBlows","Pray+1","TalkToTheHand+1","Worship+1","WheelKick+1","Ragnarok+1","TalkToTheHand+1","Master of Strategy","CutThroughFate+1","FollowUp+1","WaveOfTheHand+1","ClearTheMind+1","Establishment","FollowUp+1","Flash of Steel","Bandage Up+1"],"relics":["HolyWater","TeardropLocket","Yang","Blue Candle","CeramicFish","VioletLotus","HandDrill","Calipers","Omamori","Juzu Bracelet","Damaru","Sling","Mummified Hand"],"acts_visited":["Exordium","TheCity","TheBeyond"],"potions_floor_usage":[50],"damage_taken":[{"damage":13.0,"enemies":"Jaw Worm","floor":1.0,"turns":5.0},{"damage":0.0,"enemies":"Cultist","floor":3.0,"turns":4.0},{"damage":0.0,"enemies":"Small Slimes","floor":4.0,"turns":3.0},{"damage":3.0,"enemies":"Blue Slaver","floor":5.0,"turns":4.0},{"damage":4.0,"enemies":"Red Slaver","floor":7.0,"turns":4.0},{"damage":7.0,"enemies":"Gremlin Nob","floor":8.0,"turns":3.0},{"damage":12.0,"enemies":"Gremlin Nob","floor":10.0,"turns":3.0},{"damage":0.0,"enemies":"Looter","floor":11.0,"turns":3.0},{"damage":0.0,"enemies":"Blue Slaver","floor":12.0,"turns":4.0},{"damage":1.0,"enemies":"Lagavulin","floor":14.0,"turns":7.0},{"damage":2.0,"enemies":"Hexaghost","floor":16.0,"turns":7.0},{"damage":11.0,"enemies":"Spheric Guardian","floor":18.0,"turns":3.0},{"damage":2.0,"enemies":"3 Byrds","floor":21.0,"turns":6.0},{"damage":17.0,"enemies":"Book of Stabbing","floor":23.0,"turns":5.0},{"damage":8.0,"enemies":"Slavers","floor":25.0,"turns":7.0},{"damage":0.0,"enemies":"Cultist and Chosen","floor":27.0,"turns":3.0},{"damage":0.0,"enemies":"Centurion and Healer","floor":29.0,"turns":2.0},{"damage":9.0,"enemies":"Snake Plant","floor":31.0,"turns":4.0},{"damage":57.0,"enemies":"Automaton","floor":33.0,"turns":10.0},{"damage":8.0,"enemies":"3 Shapes","floor":35.0,"turns":3.0},{"damage":12.0,"enemies":"Orb Walker","floor":36.0,"turns":4.0},{"damage":6.0,"enemies":"3 Darklings","floor":39.0,"turns":4.0},{"damage":38.0,"enemies":"4 Shapes","floor":41.0,"turns":7.0},{"damage":19,"enemies":"Maw","floor":46,"turns":8},{"damage":5,"enemies":"Writhing Mass","floor":48,"turns":2},{"damage":45,"enemies":"Time Eater","floor":50,"turns":10}],"seed_played":"1026309776565122383","potions_obtained":[{"floor":4.0,"key":"BottledMiracle"},{"floor":7.0,"key":"GamblersBrew"},{"floor":8.0,"key":"SneckoOil"},{"floor":11.0,"key":"LiquidBronze"},{"floor":12.0,"key":"DuplicationPotion"},{"floor":14.0,"key":"Dexterity Potion"},{"floor":16.0,"key":"StancePotion"},{"floor":20.0,"key":"Explosive Potion"},{"floor":23.0,"key":"FairyPotion"},{"floor":25.0,"key":"DistilledChaos"},{"floor":31.0,"key":"SkillPotion"},{"floor":33.0,"key":"SkillPotion"},{"floor":36.0,"key":"Fruit Juice"},{"floor":39.0,"key":"SkillPotion"},{"floor":46,"key":"Ancient Potion"}],"is_trial":false,"path_per_floor":["M","?","M","M","M","R","M","?","T","E","M","M","R","E","R","B",null,"M","$","?","M","?","E","R","E","T","M","R","M","R","M","R","B",null,"M","M","$","?","M","R","M","R","T","$","R","M","R","M","R","B"],"character_chosen":"WATCHER","items_purchased":["HandDrill","Master of Strategy","Damaru","Sling","Flash of Steel","Bandage Up"],"campfire_rested":1,"item_purchase_floors":[19,19,37,37,37,44],"current_hp_per_floor":[59,59,59,59,56,56,52,45,45,33,33,33,33,32,32,30,72,61,61,61,59,59,42,42,34,34,34,34,34,34,25,25,2,72,64,57,57,76,70,70,32,32,32,32,32,19,19,14,37,0,0],"gold":41,"neow_bonus":"UPGRADE_CARD","is_daily":false,"chose_seed":false,"campfire_upgraded":11,"win_rate":0.0,"timestamp":1608590416,"path_taken":["M","?","M","?","M","R","M","?","T","E","M","M","R","E","R","BOSS","M","$","?","?","?","E","R","E","T","M","R","M","R","M","R","BOSS","M","M","$","?","M","R","M","R","T","$","R","M","R","M","R","BOSS"],"items_purchased_type":["Relic","Card","Relic","Relic","Card","Card"],"build_version":"2020-12-13","purchased_purges":0,"victory":false,"max_hp_per_floor":[72,72,72,72,72,72,72,72,72,72,72,72,72,72,72,72,72,72,72,72,72,72,72,72,72,72,72,72,72,72,72,72,72,72,72,77,77,77,77,77,77,77,77,77,77,77,77,77,77,77,77],"card_choices":[{"not_picked":["EmptyBody","Protect"],"picked":"ThirdEye","floor":1.0},{"not_picked":["SashWhip","Adaptation","EmptyBody"],"picked":"SKIP","floor":3.0},{"not_picked":["Swivel","Adaptation"],"picked":"FlurryOfBlows","floor":4.0},{"not_picked":["Halt","BowlingBash","Crescendo"],"picked":"SKIP","floor":5.0},{"not_picked":["Wallop","Indignation","Sanctity"],"picked":"SKIP","floor":7.0},{"not_picked":["Study","Ragnarok"],"picked":"Pray","floor":8.0},{"not_picked":["Protect","PathToVictory"],"picked":"TalkToTheHand","floor":10.0},{"not_picked":["Tantrum","Vengeance"],"picked":"Worship","floor":11.0},{"not_picked":["CrushJoints","Halt","ClearTheMind"],"picked":"SKIP","floor":12.0},{"not_picked":["Evaluate","WreathOfFlame"],"picked":"WheelKick","floor":14.0},{"not_picked":["ConjureBlade","Devotion"],"picked":"Ragnarok","floor":16.0},{"not_picked":["Swivel","Evaluate"],"picked":"TalkToTheHand","floor":18.0},{"not_picked":["CrushJoints+1","DeceiveReality","Adaptation"],"picked":"SKIP","floor":21.0},{"not_picked":["CrushJoints","ReachHeaven"],"picked":"FollowUp","floor":23.0},{"not_picked":["SashWhip","EmptyMind"],"picked":"WaveOfTheHand","floor":25.0},{"not_picked":["Prostrate","ThirdEye","CrushJoints+1"],"picked":"SKIP","floor":27.0},{"not_picked":["Fasting2+1","FlyingSleeves"],"picked":"ClearTheMind+1","floor":29.0},{"not_picked":["Consecrate","FlyingSleeves","WindmillStrike+1"],"picked":"SKIP","floor":31.0},{"not_picked":["ConjureBlade","Ragnarok"],"picked":"Establishment","floor":33.0},{"not_picked":["CutThroughFate+1","InnerPeace","Crescendo+1"],"picked":"SKIP","floor":35.0},{"not_picked":["Protect","BowlingBash"],"picked":"FollowUp+1","floor":36.0},{"not_picked":["Consecrate","EmptyFist","BattleHymn+1"],"picked":"SKIP","floor":39.0},{"not_picked":["CutThroughFate+1","PathToVictory","FlyingSleeves"],"picked":"SKIP","floor":41.0},{"not_picked":["FlyingSleeves","Judgement","PathToVictory"],"picked":"SKIP","floor":46},{"not_picked":["ClearTheMind","Halt+1","TalkToTheHand+1"],"picked":"SKIP","floor":48}],"player_experience":589509,"relics_obtained":[{"floor":8.0,"key":"TeardropLocket"},{"floor":9.0,"key":"Yang"},{"floor":10.0,"key":"Blue Candle"},{"floor":14.0,"key":"CeramicFish"},{"floor":23.0,"key":"Calipers"},{"floor":25.0,"key":"Omamori"},{"floor":26.0,"key":"Juzu Bracelet"},{"floor":43.0,"key":"Mummified Hand"}],"event_choices":[{"damage_healed":0.0,"max_hp_gain":0.0,"max_hp_loss":0.0,"gold_gain":0.0,"event_name":"Accursed Blacksmith","player_choice":"Forge","floor":2.0,"gold_loss":0.0,"damage_taken":0.0,"cards_upgraded":["ThirdEye"]},{"damage_healed":0.0,"max_hp_gain":0.0,"max_hp_loss":0.0,"gold_gain":0.0,"event_name":"Dead Adventurer","player_choice":"Searched \u00271\u0027 times","floor":8.0,"gold_loss":0.0,"damage_taken":0.0},{"damage_healed":0.0,"max_hp_gain":0.0,"max_hp_loss":0.0,"gold_gain":0.0,"event_name":"Lab","player_choice":"Got Potions","floor":20.0,"gold_loss":0.0,"damage_taken":0.0},{"damage_healed":0.0,"max_hp_gain":0.0,"max_hp_loss":0.0,"gold_gain":0.0,"event_name":"The Library","player_choice":"Read","floor":22.0,"gold_loss":0.0,"damage_taken":0.0,"cards_obtained":["CutThroughFate"]},{"damage_healed":19.0,"max_hp_gain":0.0,"max_hp_loss":0.0,"gold_gain":0.0,"event_name":"Winding Halls","player_choice":"Writhe","floor":38.0,"gold_loss":0.0,"damage_taken":0.0,"cards_obtained":["Writhe"]}],"is_beta":false,"boss_relics":[{"not_picked":["Runic Dome","Ectoplasm"],"picked":"VioletLotus"},{"not_picked":["Pandora\u0027s Box","Sozu"],"picked":"HolyWater"}],"items_purged_floors":[],"is_endless":false,"potions_floor_spawned":[4,7,8,11,12,14,16,18,23,25,31,33,36,39,46],"killed_by":"Time Eater","ascension_level":2}}