{"host":"i0avyit1s6jb1siw","time":1608573010,"event":{"mods":["BaseMod","DeckTracker","Dota2Spire","Highlight Path","Minty Spire (QoL Compilation)","Quick Restart","Replay The Spire","StSLib","SuperFastMode"],"gold_per_floor":[119,119,134,134,29,61,61,87,114,114,114,128,128,157,157,236,236,249,282,19,32,45,78,78,78,78,78,94,129,141,170,170,248,248,273,273,68,96,96,96,134,134,159,159,159],"floor_reached":44,"playtime":1027,"items_purged":["Strike_P","Strike_P","Strike_P+1"],"score":1170,"play_id":"10def41b-712c-40d3-81e8-192f0c23e4a5","local_time":"20201221185010","is_ascension_mode":true,"campfire_choices":[{"data":"CrushJoints","floor":7,"key":"SMITH"},{"data":"SandsOfTime","floor":10,"key":"SMITH"},{"data":"Indignation","floor":15,"key":"SMITH"},{"floor":27,"key":"REST"},{"floor":32,"key":"REST"},{"data":"Omniscience","floor":40,"key":"SMITH"},{"floor":42,"key":"RECALL"}],"circlet_count":0,"master_deck":["AscendersBane","Defend_P+1","Defend_P+1","Defend_P+1","Eruption+1","Vigilance+1","SandsOfTime+1","CrushJoints+1","Indignation+1","LessonLearned+1","WheelKick+1","ClearTheMind+1","DeusExMachina+1","InnerPeace+1","Meditate+1","MentalFortress","Omniscience+1","MentalFortress","LikeWater"],"relics":["PureWater","NeowsBlessing","Ancient Tea Set","Dota2Spire:UrnOfShadows","Orichalcum","Pen Nib","Dota2Spire:PowerTreads","ReplayTheSpireMod:DimensionalGlitch","Red Mask","Medical Kit","Garlic","Snack Pack","CeramicFish","Prayer Wheel","Dota2Spire:Bloodstone","Juzu Bracelet"],"acts_visited":["Exordium","TheCity","TheBeyond"],"potions_floor_usage":[19,33],"damage_taken":[{"damage":0,"enemies":"Small Slimes","floor":1,"turns":2},{"damage":0,"enemies":"Cultist","floor":3,"turns":1},{"damage":0,"enemies":"Gremlin Nob","floor":6,"turns":1},{"damage":0,"enemies":"Lagavulin","floor":8,"turns":2},{"damage":0,"enemies":"2 Louse","floor":12,"turns":1},{"damage":3,"enemies":"Replay:BlueRogue","floor":14,"turns":2},{"damage":5,"enemies":"Fading Forest","floor":16,"turns":13},{"damage":0,"enemies":"Chosen","floor":18,"turns":2},{"damage":35,"enemies":"Masked Bandits","floor":19,"turns":3},{"damage":0,"enemies":"Spheric Guardian","floor":21,"turns":2},{"damage":4,"enemies":"3 Cultists","floor":22,"turns":3},{"damage":1,"enemies":"Replay:Snechameleon","floor":23,"turns":3},{"damage":0,"enemies":"Centurion and Healer","floor":28,"turns":3},{"damage":14,"enemies":"Book of Stabbing","floor":29,"turns":4},{"damage":0,"enemies":"Snake Plant","floor":30,"turns":2},{"damage":5,"enemies":"Slavers","floor":31,"turns":3},{"damage":38,"enemies":"Automaton","floor":33,"turns":8},{"damage":6,"enemies":"3 Shapes","floor":35,"turns":2},{"damage":0,"enemies":"3 Darklings","floor":38,"turns":3},{"damage":3,"enemies":"Nemesis","floor":41,"turns":5},{"damage":63,"enemies":"Reptomancer","floor":44,"turns":5}],"seed_played":"7066108062512602117","potions_obtained":[{"floor":6,"key":"DistilledChaos"},{"floor":14,"key":"SkillPotion"},{"floor":16,"key":"FairyPotion"},{"floor":19,"key":"EssenceOfSteel"},{"floor":38,"key":"Dota2Spire:Clarity"}],"is_trial":false,"path_per_floor":["M","?","M","?","$","E","R","E","T","R","T","M","?","E","R","B",null,"M","?","$","M","M","E","?","?","T","R","M","E","M","E","R","B",null,"M","?","$","M","$","R","E","R","T","E"],"character_chosen":"WATCHER","items_purchased":["CrushJoints","Medical Kit","MentalFortress"],"campfire_rested":2,"item_purchase_floors":[5,20,37],"current_hp_per_floor":[61,61,61,61,61,61,61,61,61,61,61,61,54,51,51,63,67,67,32,32,32,28,27,27,27,27,47,48,36,37,33,53,18,56,51,51,51,53,53,53,50,50,50,0,0],"gold":159,"neow_bonus":"THREE_ENEMY_KILL","is_daily":false,"chose_seed":false,"campfire_upgraded":4,"win_rate":0.0,"timestamp":1608573010,"path_taken":["M","?","?","?","$","E","R","E","T","R","?","?","?","E","R","BOSS","M","?","$","M","M","E","?","?","T","R","?","E","M","E","R","BOSS","M","?","$","M","$","R","E","R","T","E"],"items_purchased_type":["Card","Relic","Card"],"build_version":"2020-12-13","purchased_purges":3,"victory":false,"max_hp_per_floor":[68,68,68,68,68,68,68,68,68,68,68,68,68,68,68,68,68,68,68,68,68,68,68,68,68,68,68,68,68,68,68,68,68,68,68,68,68,68,68,68,68,68,68,68,68],"card_choices":[{"not_picked":["CutThroughFate","Protect","Replay:Anticipation"],"picked":"SKIP","floor":1},{"not_picked":["FlurryOfBlows","Replay:BluntJabs"],"picked":"SandsOfTime","floor":3},{"not_picked":["CarveReality","JustLucky","Replay:Battleflow"],"picked":"SKIP","floor":6},{"not_picked":["Vengeance","JustLucky"],"picked":"Indignation","floor":8},{"not_picked":["Replay:AllIn","Replay:ManipulateFuture","Crescendo"],"picked":"SKIP","floor":12},{"not_picked":["CutThroughFate","Replay:DivineShield","Halt"],"picked":"SKIP","floor":14},{"not_picked":["Alpha","Replay:AllIn"],"picked":"LessonLearned","floor":16},{"not_picked":["CrushJoints","Replay:AtTheReady","EmptyFist"],"picked":"SKIP","floor":18},{"not_picked":["FlyingSleeves","Replay:ManipulateFuture"],"picked":"WheelKick","floor":19},{"not_picked":["SashWhip","Weave"],"picked":"ClearTheMind+1","floor":21},{"not_picked":["FlurryOfBlows","CrushJoints"],"picked":"DeusExMachina","floor":22},{"not_picked":["Replay:Anticipation","FlurryOfBlows","Crescendo"],"picked":"SKIP","floor":23},{"not_picked":["BowlingBash","WindmillStrike+1","Replay:AtTheReady+1"],"picked":"SKIP","floor":28},{"not_picked":["WaveOfTheHand","DeceiveReality"],"picked":"InnerPeace","floor":29},{"not_picked":["SignatureMove+1","EmptyBody","Crescendo+1"],"picked":"SKIP","floor":30},{"not_picked":["Protect","Perseverance","EmptyBody"],"picked":"SKIP","floor":31},{"not_picked":["Replay:AtTheReady","Evaluate"],"picked":"Meditate","floor":35},{"not_picked":["CutThroughFate","ClearTheMind+1","EmptyFist"],"picked":"SKIP","floor":35},{"not_picked":["Consecrate","Evaluate+1"],"picked":"Omniscience","floor":38},{"not_picked":["Protect","SashWhip+1"],"picked":"MentalFortress","floor":38},{"not_picked":["Prostrate+1","Replay:AtTheReady+1"],"picked":"LikeWater","floor":41}],"player_experience":2094524,"relics_obtained":[{"floor":6,"key":"Ancient Tea Set"},{"floor":8,"key":"Dota2Spire:UrnOfShadows"},{"floor":9,"key":"Orichalcum"},{"floor":11,"key":"Pen Nib"},{"floor":14,"key":"Dota2Spire:PowerTreads"},{"floor":19,"key":"Red Mask"},{"floor":23,"key":"Garlic"},{"floor":26,"key":"Snack Pack"},{"floor":29,"key":"CeramicFish"},{"floor":31,"key":"Prayer Wheel"},{"floor":41,"key":"Juzu Bracelet"}],"event_choices":[{"cards_removed":["Defend_P"],"damage_healed":0,"gold_gain":0,"player_choice":"Card Removal","damage_taken":0,"max_hp_gain":0,"max_hp_loss":0,"event_name":"Wheel of Change","floor":2,"gold_loss":0},{"damage_healed":0,"gold_gain":0,"player_choice":"Grow","damage_taken":0,"max_hp_gain":0,"max_hp_loss":0,"event_name":"Living Wall","floor":4,"gold_loss":0,"cards_upgraded":["Eruption"]},{"cards_removed":["Strike_P"],"damage_healed":0,"gold_gain":0,"player_choice":"Card Removal","damage_taken":7,"max_hp_gain":0,"max_hp_loss":0,"event_name":"Golden Wing","floor":13,"gold_loss":0},{"damage_healed":0,"gold_gain":0,"player_choice":"Fought Bandits","damage_taken":0,"max_hp_gain":0,"max_hp_loss":0,"event_name":"Masked Bandits","floor":19,"gold_loss":0}],"is_beta":false,"boss_relics":[{"not_picked":["SlaversCollar","HolyWater"],"picked":"ReplayTheSpireMod:DimensionalGlitch"},{"not_picked":["Pandora\u0027s Box","Cursed Key"],"picked":"Dota2Spire:Bloodstone"}],"items_purged_floors":[5,20,37],"is_endless":false,"potions_floor_spawned":[6,14,16,18,19,23,30,38],"killed_by":"Reptomancer","ascension_level":20}}