{"host":"57rcrwhzj4x4jlaj","time":1608553246,"event":{"mods":["2.2 Compatiblity","BaseMod","BetterRewards","Colored Map","Conspire","Dota2Spire","Downfall","Energized Spire","Grow up Mod","Hermit","Hubris","Infinite Spire","Marisa????????","Mimic Mod","Minty Spire (QoL Compilation)","Relic Filter","Relic Stats","Remilia??????","Replay The Spire","Shop Mod","StSLib","SuperFastMode","Td1madao Mod","The Accelerator","The Bug Knight","The Exalted","The Jungle","[IsaacMod]????","vexMod"],"gold_per_floor":[99,133,133,58,88,88,88,88,88,88,104,121,140,240,250,267,279,377,377,377,402,417,453,464,464,464,476,507,551,551,565,586,586,603,705,705,630,674,674,674,728,747,747,747,767,809,819,925,996,1171,1200,1242],"floor_reached":53,"playtime":2058,"items_purged":[],"score":1096,"play_id":"ed81b1bd-2a24-42c1-b811-e8f0d92382e7","local_time":"20201221192046","is_ascension_mode":true,"campfire_choices":[{"floor":1,"key":"RECALL"},{"data":"champ:Taunt","floor":4,"key":"SMITH"},{"data":"champ:Strike","floor":10,"key":"SMITH"},{"data":"champ:Improvising","floor":20,"key":"SMITH"},{"data":"champ:SwordThrow","floor":25,"key":"SMITH"},{"data":"champ:AdrenalArmor","floor":37,"key":"SMITH"},{"data":"champ:StrikeOfGenius","floor":40,"key":"SMITH"},{"data":"champ:PerfectForm","floor":44,"key":"SMITH"}],"circlet_count":0,"master_deck":["champ:Strike","champ:Defend","champ:Defend","champ:Defend","champ:Defend","champ:Execute","champ:Taunt+1","champ:EnchantSword","champ:RageSigil","champ:Duel","champ:SwordThrow+1","champ:ShieldSigil","champ:StrikeOfGenius+1","champ:Improvising+1","champ:Encircle","champ:AdrenalArmor+1","champ:AdrenalArmor+1","champ:Backstep+1","hubris:DuctTapeCard","champ:PerfectForm+1","champ:SwordSigil+1","champ:Encircle+1","champ:FanOfKnives+1","champ:DancingMaster","champ:PreciseThrust+1","champ:Backstep","Slimebound:Icky","champ:Taunt","Replay:SS_hec_4+1","champ:Control"],"relics":["champ:ChampionCrown","HushsDoor","DeathBook","Bag of Preparation","downfall:HeartBlessingRed","Bag of Marbles","Singing Bowl","Bromod:ArcaneEnergize","GuppysTail","CeramicFish","White Beast Statue","GuppysHead","PillsDrop","hubris:Icosahedron","champ:BerserkersGuideToSlaughter","TheBean","Pear","Dota2Spire:ArmletOfMordiggian","infinitespire:Lucky Rock","Molten Egg 2","TuHaoJin","GuppysPaw","Bromod:ArcaneNullifier","War Paint","hubris:Backtick","Gungnir","downfall:HeartBlessingBlue","BranchBurnRelic","hubris:DuctTape","CatCart","TungstenRod","Mirror","SalivaCoin","Lantern","Blue Candle","downfall:GremlinSack"],"acts_visited":["Exordium","TheCity","TheBeyond"],"potions_floor_usage":[15,23,23,35],"damage_taken":[{"damage":22,"enemies":"Gremlin Nob","floor":2,"turns":4},{"damage":46,"enemies":"Lagavulin","floor":5,"turns":7},{"damage":10,"enemies":"2 Louse","floor":11,"turns":2},{"damage":18,"enemies":"Jaw Worm","floor":12,"turns":5},{"damage":17,"enemies":"Small Slimes","floor":13,"turns":3},{"damage":21,"enemies":"Exordium Thugs","floor":15,"turns":4},{"damage":5,"enemies":"Gremlin Gang","floor":16,"turns":5},{"damage":19,"enemies":"3 Louse","floor":17,"turns":3},{"damage":46,"enemies":"downfall:Defect","floor":18,"turns":6},{"damage":22,"enemies":"Book of Stabbing","floor":21,"turns":7},{"damage":18,"enemies":"Spheric Guardian","floor":22,"turns":4},{"damage":77,"enemies":"conspire:Head Lice","floor":23,"turns":9},{"damage":30,"enemies":"Centurion and Healer","floor":24,"turns":4},{"damage":18,"enemies":"Cultist and Chosen","floor":27,"turns":6},{"damage":12,"enemies":"Snecko","floor":28,"turns":7},{"damage":11,"enemies":"Gremlin Leader","floor":29,"turns":5},{"damage":32,"enemies":"Snecko","floor":31,"turns":7},{"damage":37,"enemies":"conspire:HollyBat","floor":32,"turns":7},{"damage":0,"enemies":"Centurion and Healer","floor":34,"turns":3},{"damage":7,"enemies":"downfall:Watcher","floor":35,"turns":3},{"damage":19,"enemies":"R_Hoarder","floor":38,"turns":3},{"damage":26,"enemies":"Orin","floor":41,"turns":6},{"damage":0,"enemies":"Orb Walker","floor":42,"turns":1},{"damage":3,"enemies":"3 Darklings","floor":45,"turns":2},{"damage":19,"enemies":"Nemesis","floor":46,"turns":3},{"damage":37,"enemies":"Sphere and 2 Shapes","floor":47,"turns":5},{"damage":26,"enemies":"downfall:FleeingMerchant","floor":48,"turns":4},{"damage":20,"enemies":"Hiden Room Battle","floor":49,"turns":2},{"damage":3,"enemies":"Hiden Room Battle","floor":50,"turns":1},{"damage":0,"enemies":"Jaw Worm Horde","floor":51,"turns":3},{"damage":27,"enemies":"downfall:Silent","floor":52,"turns":4}],"seed_played":"8409380667470119676","potions_obtained":[{"floor":2,"key":"AttackPotion"},{"floor":15,"key":"Energy Potion"},{"floor":17,"key":"Swift Potion"},{"floor":18,"key":"Milkshake"},{"floor":23,"key":"SkillPotion"},{"floor":24,"key":"LiquidMemories"},{"floor":38,"key":"Strength Potion"},{"floor":41,"key":"champ:OpenerPotion"}],"is_trial":false,"path_per_floor":["R","E","?","R","E","PTL","PTL","?","T","R","M","M","M","?","M","M","M","B",null,"R","E","M","E","M","R","T","M","MIM","E","?","M","M","$","M","B",null,"R_BF","E","?","R","?","M","T","R","M","E","M","$","?","?","M","B",null],"character_chosen":"THE_CHAMP","items_purchased":["GuppysTail","champ:Improvising","champ:BerserkersGuideToSlaughter","TheBean","Pear","Dota2Spire:ArmletOfMordiggian","infinitespire:Lucky Rock","Molten Egg 2","TuHaoJin","GuppysPaw","Bromod:ArcaneNullifier","War Paint","Dead Branch","champ:FanOfKnives+1","SalivaCoin"],"campfire_rested":0,"item_purchase_floors":[19,19,33,33,33,33,33,33,33,33,33,33,33,48,48],"current_hp_per_floor":[119,112,122,132,109,119,129,139,149,159,170,174,176,171,178,188,188,169,287,297,299,298,245,236,246,256,260,266,271,281,277,273,146,163,185,483,503,513,523,533,540,553,563,573,583,582,574,611,595,621,635,637],"gold":1242,"neow_bonus":"TEN_PERCENT_HP_BONUS","is_daily":false,"chose_seed":false,"campfire_upgraded":7,"win_rate":0.0,"timestamp":1608553246,"path_taken":["R","E","?","R","E","PTL","PTL","?","T","R","?","?","M","?","M","M","M","BOSS","R","E","M","E","M","R","T","M","?","E","?","M","M","?","M","BOSS","R_BF","E","?","R","?","?","T","R","M","E","M","?","?","?","M","BOSS"],"items_purchased_type":["Relic","Card","Relic","Relic","Relic","Relic","Relic","Relic","Relic","Relic","Relic","Relic","Relic","Card","Relic"],"build_version":"2020-12-13","purchased_purges":0,"victory":true,"max_hp_per_floor":[119,129,139,149,159,169,179,189,199,209,221,231,241,251,261,271,281,291,287,297,309,321,331,343,353,363,375,387,397,407,419,429,449,461,473,483,503,513,523,533,540,553,563,573,583,593,600,612,624,631,641,651],"relic_stats":{"Singing Bowl":28,"counters":[31,135],"CeramicFish":144,"Blue Candle":[2],"Bag of Preparation":[60],"War Paint":["champ:Backstep","champ:Backstep"],"obtain_stats":[{"GuppysTail":19,"Lantern":49,"Singing Bowl":9,"Bromod:ArcaneNullifier":33,"GuppysPaw":33,"CeramicFish":21,"Dota2Spire:ArmletOfMordiggian":33,"champ:ChampionCrown":0,"Bag of Preparation":2,"DeathBook":0,"BranchBurnRelic":37,"hubris:Icosahedron":30,"TheBean":33,"hubris:Backtick":36,"downfall:HeartBlessingBlue":37,"PillsDrop":29,"TuHaoJin":33,"champ:BerserkersGuideToSlaughter":33,"KeepersGift":0,"Pear":33,"downfall:HeartBlessingRed":4,"hubris:DuctTape":38,"Dead Branch":33,"Blue Candle":49,"infinitespire:Lucky Rock":33,"War Paint":33,"White Beast Statue":23,"Gungnir":36,"downfall:GremlinSack":50,"Bromod:ArcaneEnergize":19,"Molten Egg 2":33,"Bag of Marbles":5,"SalivaCoin":48,"GuppysHead":26,"CatCart":41,"HushsDoor":0,"Mirror":46,"TungstenRod":43},{"GuppysTail":9,"Lantern":28,"Singing Bowl":2,"Bromod:ArcaneNullifier":18,"GuppysPaw":18,"CeramicFish":10,"Dota2Spire:ArmletOfMordiggian":18,"champ:ChampionCrown":0,"Bag of Preparation":1,"DeathBook":0,"BranchBurnRelic":20,"hubris:Icosahedron":16,"TheBean":18,"hubris:Backtick":20,"downfall:HeartBlessingBlue":20,"PillsDrop":16,"TuHaoJin":18,"champ:BerserkersGuideToSlaughter":18,"KeepersGift":0,"Pear":18,"downfall:HeartBlessingRed":1,"hubris:DuctTape":21,"Dead Branch":18,"Blue Candle":28,"infinitespire:Lucky Rock":18,"War Paint":18,"White Beast Statue":12,"Gungnir":20,"downfall:GremlinSack":29,"Bromod:ArcaneEnergize":9,"Molten Egg 2":18,"Bag of Marbles":2,"SalivaCoin":27,"GuppysHead":13,"CatCart":22,"HushsDoor":0,"Mirror":25,"TungstenRod":23},{"GuppysTail":39,"Lantern":127,"Singing Bowl":11,"Bromod:ArcaneNullifier":95,"GuppysPaw":95,"CeramicFish":46,"Dota2Spire:ArmletOfMordiggian":95,"champ:ChampionCrown":0,"Bag of Preparation":4,"DeathBook":0,"BranchBurnRelic":101,"hubris:Icosahedron":81,"TheBean":95,"hubris:Backtick":101,"downfall:HeartBlessingBlue":101,"PillsDrop":81,"TuHaoJin":95,"champ:BerserkersGuideToSlaughter":95,"KeepersGift":0,"Pear":95,"downfall:HeartBlessingRed":4,"hubris:DuctTape":104,"Dead Branch":95,"Blue Candle":127,"infinitespire:Lucky Rock":95,"War Paint":95,"White Beast Statue":59,"Gungnir":101,"downfall:GremlinSack":128,"Bromod:ArcaneEnergize":39,"Molten Egg 2":95,"Bag of Marbles":11,"SalivaCoin":125,"GuppysHead":63,"CatCart":110,"HushsDoor":0,"Mirror":116,"TungstenRod":111}],"TungstenRod":48},"card_choices":[{"not_picked":["champ:Backstep","champ:DefensiveShout"],"picked":"champ:EnchantSword","floor":2},{"not_picked":["champ:Backstep","champ:DefensiveStyle"],"picked":"champ:RageSigil","floor":5},{"not_picked":["champ:GladiatorsShout","Bomb","champ:HeavySlash"],"picked":"Singing Bowl","floor":11},{"not_picked":["champ:FocusedGladiator","champ:TornadoPunch"],"picked":"champ:Duel","floor":12},{"not_picked":["champ:RageSigil","champ:BringItOn"],"picked":"champ:Backstep","floor":13},{"not_picked":["champ:PerfectedStrike","champ:GladiatorStyle"],"picked":"champ:Backstep","floor":15},{"not_picked":["champ:FanOfKnives","champ:DeathBlow"],"picked":"champ:SwordThrow","floor":16},{"not_picked":["champ:CrookedStrike","champ:StanceDance"],"picked":"champ:ShieldSigil","floor":17},{"not_picked":["champ:DancingMaster","champ:LastStand"],"picked":"champ:StrikeOfGenius","floor":18},{"not_picked":["champ:StanceDance","champ:ShieldSigil","champ:TornadoPunch"],"picked":"Singing Bowl","floor":21},{"not_picked":["champ:FocusedBerserking","champ:RapidStrikes","champ:RageSigil+1"],"picked":"Singing Bowl","floor":22},{"not_picked":["champ:Haymaker","champ:PreciseThrust"],"picked":"champ:Encircle","floor":23},{"not_picked":["champ:FocusedBerserking","champ:DefensiveShout+1","champ:PerfectedStrike"],"picked":"Singing Bowl","floor":24},{"not_picked":["champ:FightOn","champ:RageSigil","champ:Backstep+1"],"picked":"Singing Bowl","floor":27},{"not_picked":["champ:RapidStrikes","champ:SkillfulDodge","champ:SwordSigil"],"picked":"Singing Bowl","floor":28},{"not_picked":["champ:FanOfKnives","champ:StanceDance"],"picked":"champ:AdrenalArmor+1","floor":29},{"not_picked":["champ:PreciseThrust","champ:TornadoPunch","champ:EnGarde"],"picked":"Singing Bowl","floor":31},{"not_picked":["champ:FlashCut","champ:ShieldSigil"],"picked":"champ:AdrenalArmor","floor":32},{"not_picked":["champ:Devastate+1","champ:CrookedStrike+1","champ:FalseCounter"],"picked":"Singing Bowl","floor":34},{"not_picked":["champ:HoldFirm","champ:ShieldSlam+1","champ:HeavySlash+1"],"picked":"Singing Bowl","floor":35},{"not_picked":["champ:RapidStrikes+1","champ:DefensiveShout+1"],"picked":"champ:Backstep+1","floor":38},{"not_picked":["champ:DefensiveShout+1","champ:RageSigil+1","champ:CrookedStrike+1"],"picked":"Singing Bowl","floor":41},{"not_picked":["champ:Duel+1","champ:EndlessRage"],"picked":"champ:PerfectForm","floor":42},{"not_picked":["champ:CrookedStrike+1","champ:EnGarde"],"picked":"champ:SwordSigil+1","floor":45},{"not_picked":["champ:EndlessRage","champ:BringItOn+1"],"picked":"champ:Encircle+1","floor":46},{"not_picked":["champ:FocusedDefense+1","champ:ShieldSigil","champ:RisingSlash+1"],"picked":"Singing Bowl","floor":47},{"not_picked":["champ:PerfectedStrike+1","champ:GladiatorsShout+1","champ:DefensiveStyle+1"],"picked":"Singing Bowl","floor":48},{"not_picked":["champ:BladeFlurry+1","champ:Haymaker+1","champ:GladiatorsShout+1"],"picked":"Singing Bowl","floor":49},{"not_picked":["champ:FalseCounter","champ:StanceDance","champ:EndlessRage"],"picked":"Singing Bowl","floor":50},{"not_picked":["champ:ArenaPreparation+1","champ:Haymaker+1"],"picked":"champ:Control","floor":51}],"player_experience":670113,"relics_obtained":[{"floor":2,"key":"Bag of Preparation"},{"floor":5,"key":"Bag of Marbles"},{"floor":9,"key":"Singing Bowl"},{"floor":21,"key":"CeramicFish"},{"floor":23,"key":"White Beast Statue"},{"floor":26,"key":"GuppysHead"},{"floor":29,"key":"PillsDrop"},{"floor":38,"key":"hubris:DuctTape"},{"floor":41,"key":"CatCart"},{"floor":43,"key":"TungstenRod"},{"floor":46,"key":"Mirror"},{"floor":49,"key":"Lantern"},{"floor":49,"key":"Blue Candle"},{"floor":50,"key":"downfall:GremlinSack"}],"event_choices":[{"cards_removed":["champ:Strike"],"damage_healed":0,"gold_gain":0,"player_choice":"Card Removal","damage_taken":0,"max_hp_gain":0,"max_hp_loss":0,"event_name":"The Cleric","floor":3,"gold_loss":0},{"cards_removed":["champ:Strike"],"damage_healed":0,"gold_gain":0,"player_choice":"Removed Attack","damage_taken":0,"max_hp_gain":0,"max_hp_loss":0,"event_name":"Falling","floor":39,"gold_loss":0},{"damage_healed":0,"gold_gain":0,"player_choice":"Fight","damage_taken":0,"max_hp_gain":0,"max_hp_loss":0,"event_name":"OrinTheCat","floor":41,"gold_loss":0},{"damage_healed":0,"gold_gain":0,"player_choice":"Fight","damage_taken":0,"max_hp_gain":0,"max_hp_loss":0,"event_name":"HidenRoomEvent","floor":49,"gold_loss":0}],"is_beta":false,"boss_relics":[{"not_picked":["vexMod:DeviousBotling","vexMod:TanglingVine"],"picked":"Bromod:ArcaneEnergize"},{"not_picked":[]},{"not_picked":["hubris:CrackedHourglass","conspire:RoyalGoblet"],"picked":"hubris:Backtick"},{"not_picked":[]}],"items_purged_floors":[],"is_endless":false,"potions_floor_spawned":[2,12,15,17,18,22,23,24,27,28,29,31,32,34,35,38,41,42,45,46,47,48,50,51],"ascension_level":2}}