{"host":"Terry","time":1608584354,"event":{"mods":["BaseMod","Downfall","Hubris","Minty Spire (QoL Compilation)","Replay The Spire","StSLib"],"gold_per_floor":[99,126,126,126,126,154,154,64,92,17,30,130,212,212,222,327,327,327,345,197,234,244,261,285,298,18,52,52,52,2,16,33,132,132,132,132,132,14,44,44,115,140,140,173,186,186,196,209,227,227],"floor_reached":51,"playtime":5020,"items_purged":["hubris:Compulsion"],"score":889,"play_id":"40533d22-f56c-4940-9191-f462349d8ce2","local_time":"20201221155914","is_ascension_mode":false,"campfire_choices":[{"data":"sneckomod:Unknown","floor":1,"key":"SMITH"},{"data":"sneckomod:SoulDraw","floor":4,"key":"SMITH"},{"data":"sneckomod:UnknownRareAttack","floor":10,"key":"SMITH"},{"data":"sneckomod:Unknown","floor":18,"key":"SMITH"},{"data":"sneckomod:UnknownUncommonPower","floor":35,"key":"SMITH"},{"floor":40,"key":"DIG"},{"floor":43,"key":"REST"}],"circlet_count":0,"master_deck":["sneckomod:Defend","sneckomod:Defend","sneckomod:Defend","sneckomod:TailWhip","sneckomod:SnekBite","sneckomod:Unknown+1","sneckomod:Unknown+1","sneckomod:SoulDraw+1","sneckomod:UnknownRareAttack+1","sneckomod:IronFang+1","sneckomod:MasterEye+1","sneckomod:ImprovisedAttack","sneckomod:DiceBlock","sneckomod:UnknownRareAttack+1","sneckomod:Unknown3Cost+1","sneckomod:UnknownUncommonPower+1","sneckomod:UnknownClassRED+1","sneckomod:SlitherStrike+1","sneckomod:QuickBite+1","sneckomod:UnknownCommonSkill+1","sneckomod:MasterEye+1","sneckomod:SoulRoll+1","sneckomod:QuickMove+1","sneckomod:RainOfDice+1","sneckomod:UnknownRarePower+1","sneckomod:SnekBeam+1","sneckomod:UnknownCommonAttack+1","sneckomod:MasterEye+1","expansioncontent:Sear+1","sneckomod:DiceCrush+1","sneckomod:UnknownBlock+1","sneckomod:DiceBlock","sneckomod:Restock+1","sneckomod:Unknown3Cost+1","sneckomod:SnakeSap+1","sneckomod:CheapStock+1","sneckomod:UnknownRarePower+1","sneckomod:Unknown1Cost+1","sneckomod:SoulDraw+1","sneckomod:QuickMove+1","sneckomod:ImprovisedAttack+1","sneckomod:UnknownClassTHE_CHAMP_GRAY+1","sneckomod:RainOfDice+1"],"relics":["sneckomod:SneckoSoul","Incense Burner","Pocketwatch","hubris:Towel","Iron Hammer","Juzu Bracelet","Golden Egg","downfall:HeartBlessingGreen","InkBottle","hubris:Icosahedron","Replay:Bronze Core","Molten Egg 2","Lizard Tail","Strawberry","Replay:Multitool","Honey Jar","Kunai","Orichalcum","Sundial","Lantern","Replay:Baseball"],"acts_visited":["Exordium","TheCity","TheBeyond"],"potions_floor_usage":[12,16,20,27,27,33],"damage_taken":[{"damage":15,"enemies":"3 Sentries","floor":2,"turns":7},{"damage":12,"enemies":"Gremlin Nob","floor":6,"turns":4},{"damage":0,"enemies":"downfall:FleeingMerchant","floor":8,"turns":4},{"damage":11,"enemies":"3 Sentries","floor":9,"turns":7},{"damage":0,"enemies":"2 Louse","floor":11,"turns":2},{"damage":24,"enemies":"downfall:Heads","floor":12,"turns":5},{"damage":0,"enemies":"Cultist","floor":15,"turns":3},{"damage":30,"enemies":"downfall:Silent","floor":16,"turns":9},{"damage":1,"enemies":"Shell Parasite","floor":19,"turns":4},{"damage":0,"enemies":"downfall:FleeingMerchant","floor":20,"turns":4},{"damage":15,"enemies":"Replay:Snechameleon","floor":21,"turns":4},{"damage":0,"enemies":"Chosen","floor":22,"turns":3},{"damage":3,"enemies":"Snecko","floor":23,"turns":5},{"damage":4,"enemies":"Chosen and Byrds","floor":25,"turns":5},{"damage":23,"enemies":"Gremlin Leader","floor":27,"turns":5},{"damage":0,"enemies":"Snake Plant","floor":31,"turns":3},{"damage":0,"enemies":"Snecko","floor":32,"turns":3},{"damage":79,"enemies":"downfall:Ironclad","floor":33,"turns":5},{"damage":0,"enemies":"R_Hoarder","floor":39,"turns":12},{"damage":31,"enemies":"Reptomancer","floor":42,"turns":7},{"damage":4,"enemies":"R_Hoarder","floor":44,"turns":6},{"damage":3,"enemies":"3 Darklings","floor":45,"turns":4},{"damage":17,"enemies":"Orb Walker","floor":47,"turns":3},{"damage":17,"enemies":"4 Shapes","floor":48,"turns":3},{"damage":0,"enemies":"Sphere and 2 Shapes","floor":49,"turns":4},{"damage":7,"enemies":"downfall:Watcher","floor":50,"turns":7}],"seed_played":"-5281103815454557844","potions_obtained":[{"floor":2,"key":"GamblersBrew"},{"floor":9,"key":"Adrenaline Potion"},{"floor":15,"key":"Explosive Potion"},{"floor":21,"key":"Fire Potion"},{"floor":25,"key":"Regen Potion"},{"floor":27,"key":"sneckomod:DiceRollPotion"},{"floor":32,"key":"sneckomod:DiceRollPotion"},{"floor":42,"key":"GamblersBrew"},{"floor":46,"key":"SneckoOil"},{"floor":46,"key":"Swift Potion"},{"floor":46,"key":"SneckoOil"},{"floor":48,"key":"SkillPotion"},{"floor":49,"key":"sneckomod:OffclassReductionPotion"}],"is_trial":false,"path_per_floor":["R","E","?","R","?","E","T","$","E","R","M","?","T","?","M","B",null,"R","M","$","E","M","M","T","M","$","E","?","?","$","M","M","B",null,"R","?","?","$","E","R","T","E","R","E","M","?","M","M","M","B",null],"character_chosen":"THE_SNECKO","items_purchased":["sneckomod:SlitherStrike","sneckomod:QuickBite","sneckomod:UnknownCommonSkill","sneckomod:MasterEye","Molten Egg 2","sneckomod:SnekBeam+1","sneckomod:UnknownCommonAttack+1","sneckomod:MasterEye","expansioncontent:Sear+1","sneckomod:UnknownBlock","sneckomod:SnakeSap+1","sneckomod:CheapStock"],"campfire_rested":1,"item_purchase_floors":[20,20,20,20,20,26,26,26,26,30,38,38],"current_hp_per_floor":[90,75,75,75,75,64,64,64,54,54,54,30,30,30,31,2,94,94,94,96,81,81,78,85,96,97,83,83,83,84,84,84,6,108,108,108,108,108,109,109,109,79,110,110,107,107,90,78,105,108],"gold":227,"neow_bonus":"ONE_RARE_RELIC","is_daily":false,"chose_seed":false,"campfire_upgraded":5,"win_rate":0.0,"timestamp":1608584354,"path_taken":["R","E","?","R","?","E","T","$","E","R","M","?","?","?","M","BOSS","R","M","$","E","M","M","T","M","$","E","?","?","$","M","M","BOSS","R","?","?","$","E","R","T","E","R","E","M","?","M","M","M","BOSS"],"items_purchased_type":["Card","Card","Card","Card","Relic","Card","Card","Card","Card","Card","Card","Card"],"build_version":"2020-12-18","purchased_purges":1,"victory":true,"max_hp_per_floor":[90,90,90,90,90,91,91,91,92,92,92,92,92,92,93,94,94,94,95,97,97,97,97,104,105,106,106,106,106,107,107,107,108,108,108,108,108,108,109,109,109,110,110,110,110,110,110,111,111,111],"card_choices":[{"not_picked":["sneckomod:SnakeSap","sneckomod:UnknownBlock"],"picked":"sneckomod:SoulDraw","floor":2},{"not_picked":["sneckomod:DiceCrush","sneckomod:UnknownUncommonAttack"],"picked":"sneckomod:UnknownRareAttack","floor":6},{"not_picked":["sneckomod:DiceBlock","sneckomod:UnknownStrike"],"picked":"sneckomod:IronFang","floor":8},{"not_picked":["sneckomod:WideSting","sneckomod:Cheat"],"picked":"sneckomod:UnknownCommonAttack","floor":9},{"not_picked":["sneckomod:DiceCrush","sneckomod:UnknownUncommonSkill"],"picked":"sneckomod:MasterEye","floor":11},{"not_picked":["sneckomod:UnknownClassTHE_CHAMP_GRAY","sneckomod:UnknownStrike"],"picked":"sneckomod:DiceBlock","floor":12},{"not_picked":["sneckomod:RainOfDice","sneckomod:UnknownBlock"],"picked":"sneckomod:UnknownRareAttack","floor":15},{"not_picked":["sneckomod:Mudshield","sneckomod:SerpentMind"],"picked":"sneckomod:Unknown3Cost","floor":16},{"not_picked":["sneckomod:QuickBite","sneckomod:SnekBeam"],"picked":"sneckomod:UnknownUncommonPower","floor":19},{"not_picked":["sneckomod:UnknownClassPURPLE","sneckomod:DangerNoodle"],"picked":"sneckomod:UnknownClassRED+1","floor":20},{"not_picked":["sneckomod:UnknownVulnerable","sneckomod:UnknownWeak"],"picked":"sneckomod:SoulRoll+1","floor":21},{"not_picked":["sneckomod:UnknownX","sneckomod:UnknownClassRED"],"picked":"sneckomod:QuickMove+1","floor":22},{"not_picked":["sneckomod:WideSting+1","sneckomod:Nope"],"picked":"sneckomod:RainOfDice+1","floor":23},{"not_picked":["sneckomod:WideSting+1","sneckomod:UnknownBlock"],"picked":"sneckomod:UnknownRarePower","floor":25},{"not_picked":["sneckomod:DefensiveFlair","sneckomod:UnknownStrike+1"],"picked":"sneckomod:DiceCrush+1","floor":27},{"not_picked":["sneckomod:Unknown1Cost","sneckomod:UnknownCommonSkill"],"picked":"sneckomod:DiceBlock","floor":31},{"not_picked":["sneckomod:IronFang+1","sneckomod:SoulDraw"],"picked":"sneckomod:Restock","floor":32},{"not_picked":["sneckomod:UnknownRareSkill","sneckomod:Cheat"],"picked":"sneckomod:Unknown3Cost","floor":33},{"not_picked":["sneckomod:UnknownClassTHE_CHAMP_GRAY+1","sneckomod:SnekBeam+1","sneckomod:UnknownClassSLIMEBOUND+1"],"picked":"sneckomod:UnknownRarePower","floor":39},{"not_picked":["sneckomod:UnknownStrike+1","sneckomod:Nope+1","sneckomod:UnknownVulnerable"],"picked":"sneckomod:Unknown1Cost+1","floor":42},{"not_picked":["sneckomod:UnknownClassBLUE","sneckomod:QuickMove","sneckomod:UnknownBlock"],"picked":"sneckomod:SoulDraw+1","floor":44},{"not_picked":["sneckomod:WideSting+1","sneckomod:TrashToTreasure","sneckomod:UnknownClassRED"],"picked":"sneckomod:QuickMove+1","floor":45},{"not_picked":["sneckomod:UnknownCommonSkill","sneckomod:QuickMove+1","sneckomod:SoulRoll+1"],"picked":"sneckomod:ImprovisedAttack+1","floor":47},{"not_picked":["sneckomod:DangerNoodle+1","sneckomod:WideSting+1","sneckomod:DiceCrush+1"],"picked":"sneckomod:UnknownClassTHE_CHAMP_GRAY+1","floor":48},{"not_picked":["sneckomod:CheapStock+1","sneckomod:DiceBlock","sneckomod:WideSting+1"],"picked":"sneckomod:RainOfDice+1","floor":49}],"player_experience":561426,"relics_obtained":[{"floor":2,"key":"Pocketwatch"},{"floor":6,"key":"Iron Hammer"},{"floor":7,"key":"Juzu Bracelet"},{"floor":9,"key":"Golden Egg"},{"floor":13,"key":"InkBottle"},{"floor":21,"key":"Lizard Tail"},{"floor":24,"key":"Strawberry"},{"floor":27,"key":"Replay:Multitool"},{"floor":39,"key":"Kunai"},{"floor":40,"key":"Orichalcum"},{"floor":41,"key":"Sundial"},{"floor":42,"key":"Lantern"},{"floor":44,"key":"Replay:Baseball"}],"event_choices":[{"cards_removed":["sneckomod:Strike"],"damage_healed":0,"gold_gain":0,"player_choice":"Purged","damage_taken":0,"max_hp_gain":0,"max_hp_loss":0,"event_name":"Purifier","floor":5,"gold_loss":0},{"cards_removed":["sneckomod:UnknownCommonAttack"],"damage_healed":0,"gold_gain":0,"player_choice":"Removed Attack","damage_taken":0,"max_hp_gain":0,"max_hp_loss":0,"event_name":"Falling","floor":37,"gold_loss":0},{"damage_healed":0,"gold_gain":0,"player_choice":"Got Potions","damage_taken":0,"max_hp_gain":0,"max_hp_loss":0,"event_name":"Lab","floor":46,"gold_loss":0}],"is_beta":true,"boss_relics":[{"not_picked":["Abe\u0027s Treasure","Replay:Drink Me"],"picked":"Replay:Bronze Core"},{"not_picked":["Philosopher\u0027s Stone","Busted Crown"],"picked":"Honey Jar"}],"items_purged_floors":[8],"is_endless":false,"potions_floor_spawned":[2,9,15,21,25,27,32,42,48,49],"ascension_level":0}}