{"host":"nox","time":1608521845,"event":{"mods":["Aspiration","BaseMod","Better Third Choice","Colored Powertips","Conspire","Hubris","Infinite Spire","Minty Spire (QoL Compilation)","Quick Restart","Rare Cards Sparkle","Replay The Spire","Shop Mod","Spikes Relics","StSLib","SuperFastMode","The Alterego","vexMod"],"gold_per_floor":[109,64,79,94,94,124,124,156,235,249,249,259,259,259],"floor_reached":13,"playtime":423,"items_purged":[],"score":114,"play_id":"25a63284-60f0-41a3-95e4-cc97473c74f1","local_time":"20201221103725","is_ascension_mode":true,"campfire_choices":[],"circlet_count":0,"master_deck":["Strike_B","Defend_B","Defend_B","Defend_B","Defend_B","Zap","Dualcast","Hologram","Ball Lightning","Flechettes","Poisoned Stab","Poisoned Stab","BlessedFruit","BlessedFruit","ReplayTheSpireMod:Dual Polarity","Pain","ReplayTheSpireMod:Calculation Training"],"relics":["conspire:RoyalGoblet","HeavenlyBonsai","Replay:Rubber Ducky","aspiration:FrozenJewel","WarpedTongs"],"acts_visited":["Exordium"],"potions_floor_usage":[13],"damage_taken":[{"damage":1.0,"enemies":"conspire:RoseBush","floor":1.0,"turns":3.0},{"damage":4.0,"enemies":"2 Louse","floor":3.0,"turns":3.0},{"damage":0.0,"enemies":"Small Slimes","floor":4.0,"turns":2.0},{"damage":20.0,"enemies":"Gremlin Nob","floor":6.0,"turns":4.0},{"damage":27.0,"enemies":"3 Sentries","floor":8.0,"turns":7.0},{"damage":3.0,"enemies":"3 Louse","floor":10.0,"turns":4.0},{"damage":5.0,"enemies":"Large Slime","floor":12.0,"turns":5.0},{"damage":26,"enemies":"Gremlin Nob","floor":13,"turns":3}],"seed_played":"-4760533539646692420","potions_obtained":[{"floor":3.0,"key":"Explosive Potion"},{"floor":4.0,"key":"Weak Potion"},{"floor":8.0,"key":"CultistPotion"}],"is_trial":false,"path_per_floor":["M","$","M","M","?","E","?","E","T","M","?","M","E"],"character_chosen":"DEFECT","items_purchased":["Ball Lightning"],"campfire_rested":0,"item_purchase_floors":[2],"current_hp_per_floor":[74,74,70,70,70,50,50,25,25,24,24,21,0,0],"gold":259,"neow_bonus":"BOSS_RELIC","is_daily":false,"chose_seed":false,"campfire_upgraded":0,"win_rate":0.0,"timestamp":1608521845,"path_taken":["M","$","M","M","?","E","?","E","T","M","?","M","E"],"items_purchased_type":["Card"],"build_version":"2020-11-17","purchased_purges":0,"victory":false,"max_hp_per_floor":[75,75,75,75,75,75,75,77,77,79,79,81,83,83],"card_choices":[{"not_picked":["Compile Driver","Blizzard"],"picked":"Hologram","floor":1.0},{"not_picked":["Stack","Panic Button","BasicCrystalCard"],"picked":"SKIP","floor":3.0},{"not_picked":["Steam","Force Field","Undo"],"picked":"SKIP","floor":4.0},{"not_picked":["Chaos","Redo"],"picked":"ReplayTheSpireMod:Dual Polarity","floor":6.0},{"not_picked":["Undo","Redo","Rip and Tear"],"picked":"SKIP","floor":8.0},{"not_picked":["Leap","Heatsinks","Creative AI"],"picked":"SKIP","floor":10.0},{"not_picked":["Coolheaded","Stack"],"picked":"ReplayTheSpireMod:Calculation Training","floor":12.0}],"player_experience":202197,"relics_obtained":[{"floor":6.0,"key":"HeavenlyBonsai"},{"floor":8.0,"key":"Replay:Rubber Ducky"},{"floor":9.0,"key":"aspiration:FrozenJewel"}],"event_choices":[{"damage_healed":0.0,"max_hp_gain":0.0,"max_hp_loss":0.0,"gold_gain":0.0,"event_name":"conspire:LoneGhost","player_choice":"Disagree","floor":7.0,"gold_loss":0.0,"damage_taken":0.0},{"damage_healed":0.0,"max_hp_gain":0.0,"max_hp_loss":0.0,"gold_gain":0.0,"event_name":"Accursed Blacksmith","player_choice":"Rummage","floor":11.0,"gold_loss":0.0,"damage_taken":0.0,"relics_obtained":["WarpedTongs"],"cards_obtained":["Pain"]}],"is_beta":true,"boss_relics":[],"items_purged_floors":[],"is_endless":false,"potions_floor_spawned":[3,4,8],"killed_by":"Gremlin Nob","ascension_level":4}}