{"host":"lb7zt723eg2fm64t","time":1608565403,"event":{"mods":["Act Like it!","BaseMod","Bestiary","Better Altar","Better Match","Better Note","Better Sensory Stone","Better Skull","Better Third Choice","Lobotomy","LobotomyExtend","Minty Spire (QoL Compilation)","Potion Indicator Mod","Quick Restart","Shedinja","StSLib"],"gold_per_floor":[110,210,229,249,249,274,274,291,291,291,291,291,55,72,72,72,72],"floor_reached":16,"playtime":1176,"items_purged":["Burn"],"score":125,"play_id":"0e1be5c0-30a6-46bb-8b1f-4be2eb0183c1","local_time":"20201221094323","is_ascension_mode":false,"campfire_choices":[{"floor":15,"key":"REST"}],"circlet_count":0,"master_deck":["SpecialBullet","SpecialBullet","SpecialBullet","SpecialBullet","SpecialBullet","SpecialBullet","SpecialBullet","InformationCode","SecurityCode","CentralCode","Swift Strike+1","Bloodbath","Lantern","PunishingBird","SpiderBud","WallGazer","Spore+1","Soda","Burn","WristCuter","Beak","Flash of Steel","LongBird"],"relics":["CogitoBucket","RabbitCall","LetterFromLob","Bird Faced Urn","CaptainsWheel","LuminousBracelet"],"acts_visited":["Exordium"],"potions_floor_usage":[6,6,14],"damage_taken":[{"damage":8,"enemies":"Small Slimes","floor":1,"turns":3},{"damage":0,"enemies":"Cultist","floor":3,"turns":2},{"damage":12,"enemies":"Jaw Worm","floor":4,"turns":2},{"damage":26,"enemies":"Gremlin Nob","floor":6,"turns":4},{"damage":24,"enemies":"Gremlin Gang","floor":8,"turns":4},{"damage":71,"enemies":"Exordium Wildlife","floor":14,"turns":8},{"damage":54,"enemies":"Hexaghost","floor":16,"turns":5}],"seed_played":"7547423979598765352","potions_obtained":[{"floor":1,"key":"Weak Potion"},{"floor":8,"key":"BlessingOfTheForge"}],"is_trial":false,"path_per_floor":["M","?","M","M","?","E","R","M","T","?","?","R","$","M","R","B"],"character_chosen":"Angela","items_purchased":["WristCuter","Beak","Flash of Steel"],"campfire_rested":1,"item_purchase_floors":[13,13,13],"current_hp_per_floor":[70,70,70,69,69,57,57,49,49,61,61,61,61,22,47,13,13],"gold":72,"neow_bonus":"RANDOM_COLORLESS","is_daily":false,"chose_seed":false,"campfire_upgraded":0,"win_rate":0.0,"timestamp":1608565403,"path_taken":["M","?","?","M","?","E","R","?","T","?","?","R","$","M","R","BOSS"],"items_purchased_type":["Card","Card","Card"],"build_version":"2020-12-13","purchased_purges":1,"victory":false,"max_hp_per_floor":[70,70,70,70,70,70,70,70,70,70,70,70,70,85,85,85,85],"card_choices":[{"not_picked":["Purity","Bandage Up"],"picked":"Swift Strike","floor":0},{"not_picked":["WallGazer","QueenBee"],"picked":"Bloodbath","floor":1},{"not_picked":["Horn"],"picked":"Lantern","floor":1},{"not_picked":["OldLady","BeautyBeast"],"picked":"PunishingBird","floor":3},{"not_picked":["Horn","Loneliness"],"picked":"SKIP","floor":3},{"not_picked":["Freischutz","FairyFestival"],"picked":"SpiderBud","floor":4},{"not_picked":["Horn"],"picked":"Lantern","floor":4},{"not_picked":["Murderer","FairyFestival"],"picked":"WallGazer","floor":6},{"not_picked":["SwordSharpenedByTears"],"picked":"Spore","floor":6},{"not_picked":["Lantern"],"picked":"Soda","floor":8},{"not_picked":["BeautyBeast","Laetitia"],"picked":"Mercenary","floor":8},{"not_picked":["BeautyBeast","Funeral"],"picked":"LongBird","floor":14},{"not_picked":["Galaxy","LifeForTheDareDevil"],"picked":"SKIP","floor":14}],"player_experience":228501,"relics_obtained":[{"floor":1,"key":"LetterFromLob"},{"floor":6,"key":"Bird Faced Urn"},{"floor":9,"key":"CaptainsWheel"}],"event_choices":[{"damage_healed":0,"gold_gain":100,"player_choice":"Pray","damage_taken":0,"max_hp_gain":0,"max_hp_loss":0,"event_name":"Golden Shrine","floor":2,"gold_loss":0}],"is_beta":false,"boss_relics":[],"items_purged_floors":[13],"is_endless":false,"potions_floor_spawned":[1,8],"killed_by":"Hexaghost","ascension_level":0}}