{"host":"b4asi0laiv85suj9","time":1608526974,"event":{"mods":["BaseMod","Minty Spire (QoL Compilation)","MostiFishMod","Relic Stats","StSLib","TestMod","noobMod"],"gold_per_floor":[109,109,109,109,184,184,219,242,242,242,267,308,328,342,342,438,438,456,510,510,510,535,568,568,607,607,646,461,476,495,495,495,594,594,615,1015,1015,1038,1051,1051,1442,1602,1602,1766,1766,1420,1561,1597,1597,1722,1722,1722,1008,1041,1041],"floor_reached":56,"playtime":2102,"items_purged":["Strike_B","Defend_B","Strike_B"],"score":2715,"play_id":"050fffe7-0c22-467d-94d6-fad0efe5ad78","local_time":"20201221130254","is_ascension_mode":true,"campfire_choices":[{"data":"Dualcast","floor":6.0,"key":"SMITH"},{"data":"Turbo","floor":10.0,"key":"SMITH"},{"data":"MostiFishMod:ATRI","floor":15.0,"key":"SMITH"},{"data":"Capacitor","floor":24.0,"key":"SMITH"},{"data":"MostiFishMod:KamiSmash","floor":32.0,"key":"SMITH"},{"floor":40,"key":"RECALL"},{"data":"Pray","floor":45,"key":"SMITH"},{"data":"Evolve","floor":49,"key":"SMITH"},{"data":"Cold Snap","floor":52,"key":"SMITH"}],"circlet_count":0,"master_deck":["AscendersBane","Strike_B","Strike_B+1","Defend_B","Defend_B","Defend_B","Zap+1","Dualcast+1","Turbo+1","Sweeping Beam","MostiFishMod:ATRI+1","Doom and Gloom","MostiFishMod:KamiSmash+1","Capacitor+1","Pray+1","MostiFishMod:CyberBuddha+1","testmod-RepeatForm","MostiFishMod:Awakening+1","MostiFishMod:SparklingWater+1","Skim+1","testmod-Mystery+1","Cold Snap+1","Evolve+1","Static Discharge","testmod-TaurusBlackCat"],"relics":["Cracked Core","DaveBox","ice","NeowsBlessing","testmod-TimeTraveler","BirthdayGift-Icosahedron","Question Card","PrismaticShard","Golden Idol","testmod-IndustrialRevolution","Anchor","Bronze Scales","ImportantClient","MetatronsCube","InkBottle","Toxic Egg 2","Potion Belt","testmod-Maize","testmod-AssaultLearning","ClockworkSouvenir","Enchiridion","Runic Pyramid","Mummified Hand","Letter Opener","Lantern","testmod-TurbochargingSystem","Art of War","DataDisk","Ying","Bag of Preparation","Boot"],"acts_visited":["Exordium","TheCity","TheBeyond","TheEnding"],"potions_floor_usage":[46],"damage_taken":[{"damage":0.0,"enemies":"Small Slimes","floor":1.0,"turns":1.0},{"damage":0.0,"enemies":"Gremlin Nob","floor":7.0,"turns":1.0},{"damage":0.0,"enemies":"Jaw Worm","floor":8.0,"turns":1.0},{"damage":0.0,"enemies":"2 Louse","floor":11.0,"turns":1.0},{"damage":0.0,"enemies":"3 Sentries","floor":12.0,"turns":2.0},{"damage":0.0,"enemies":"Exordium Wildlife","floor":13.0,"turns":2.0},{"damage":0.0,"enemies":"Red Slaver","floor":14.0,"turns":1.0},{"damage":10.0,"enemies":"The Guardian","floor":16.0,"turns":3.0},{"damage":0.0,"enemies":"3 Byrds","floor":18.0,"turns":1.0},{"damage":0.0,"enemies":"Spheric Guardian","floor":22.0,"turns":1.0},{"damage":0.0,"enemies":"Slavers","floor":23.0,"turns":1.0},{"damage":12.0,"enemies":"Gremlin Leader","floor":25.0,"turns":2.0},{"damage":0.0,"enemies":"Slavers","floor":27.0,"turns":1.0},{"damage":0.0,"enemies":"Centurion and Healer","floor":29.0,"turns":2.0},{"damage":0.0,"enemies":"Snake Plant","floor":30.0,"turns":2.0},{"damage":0.0,"enemies":"Automaton","floor":33.0,"turns":2.0},{"damage":0.0,"enemies":"3 Darklings","floor":35.0,"turns":1.0},{"damage":0,"enemies":"Orb Walker","floor":38,"turns":1},{"damage":0,"enemies":"Maw","floor":39,"turns":2},{"damage":0,"enemies":"Transient","floor":41,"turns":4},{"damage":0,"enemies":"Giant Head","floor":42,"turns":4},{"damage":0,"enemies":"Nemesis","floor":44,"turns":1},{"damage":0,"enemies":"Spire Growth","floor":47,"turns":2},{"damage":0,"enemies":"Reptomancer","floor":48,"turns":1},{"damage":0,"enemies":"Awakened One","floor":50,"turns":4},{"damage":0,"enemies":"Shield and Spear","floor":54,"turns":1},{"damage":4,"enemies":"The Heart","floor":55,"turns":3}],"seed_played":"1911026331228974476","potions_obtained":[{"floor":7.0,"key":"LiquidBronze"},{"floor":8.0,"key":"SkillPotion"},{"floor":12.0,"key":"DuplicationPotion"},{"floor":27.0,"key":"Weak Potion"},{"floor":33.0,"key":"Swift Potion"},{"floor":47,"key":"SkillPotion"}],"is_trial":false,"path_per_floor":["M","?","?","?","?","R","E","M","T","R","M","E","M","M","R","B",null,"M","T","?","T","M","E","R","E","T","E","$","M","M","?","R","B",null,"M","?","?","M","M","R","M","E","T","E","R","$","M","E","R","B",null,"R","$","E","B",null],"character_chosen":"DEFECT","items_purchased":["ClockworkSouvenir","testmod-TurbochargingSystem","Cold Snap","testmod-SpacePotion","Block Potion","DataDisk","FocusPotion","Static Discharge","Ying","Bag of Preparation","testmod-TaurusBlackCat"],"campfire_rested":0,"item_purchase_floors":[28,46,46,46,46,53,53,53,53,53,53],"current_hp_per_floor":[65,51,51,34,23,23,24,25,25,25,26,27,28,29,29,20,58,59,59,59,59,60,61,61,50,50,51,51,52,53,37,37,38,63,64,64,54,55,56,56,57,58,58,59,59,59,60,61,61,62,69,69,69,70,67],"gold":1041,"neow_bonus":"THREE_ENEMY_KILL","is_daily":false,"chose_seed":false,"campfire_upgraded":8,"win_rate":0.0,"timestamp":1608526974,"path_taken":["M","?","?","?","?","R","E","M","T","R","M","E","?","M","R","BOSS","M","?","?","?","?","E","R","E","T","E","$","M","M","?","R","BOSS","M","?","?","M","M","R","M","E","T","E","R","$","M","E","R","BOSS","R","$","E","BOSS"],"items_purchased_type":["Relic","Relic","Card","Potion","Potion","Relic","Potion","Card","Relic","Relic","Card"],"build_version":"2020-12-13","purchased_purges":3,"victory":true,"max_hp_per_floor":[71,71,71,71,71,71,71,71,71,71,71,71,71,71,71,71,71,71,71,71,71,71,71,71,71,71,71,71,71,71,71,71,71,71,71,71,71,71,71,71,71,71,71,71,71,71,71,71,71,71,71,71,71,71,71],"relic_stats":{"counters":[27,45],"Golden Idol":195,"Mummified Hand":[47],"Bronze Scales":[29],"Art of War":[1],"Bag of Preparation":[4],"Letter Opener":[105],"Question Card":27,"Boot":[0],"obtain_stats":[{"Lantern":44,"Ying":53,"DaveBox":0,"Enchiridion":31,"ice":0,"BirthdayGift-Icosahedron":0,"Bag of Preparation":53,"PrismaticShard":1,"Boot":54,"ClockworkSouvenir":28,"Mummified Hand":42,"Toxic Egg 2":23,"Cracked Core":0,"InkBottle":21,"ImportantClient":16,"Runic Pyramid":34,"Potion Belt":25,"testmod-Maize":26,"testmod-TestBox":0,"testmod-TimeTraveler":0,"NeowsBlessing":0,"Golden Idol":4,"Letter Opener":43,"testmod-TurbochargingSystem":46,"Question Card":1,"testmod-IndustrialRevolution":7,"Anchor":9,"DataDisk":53,"Bronze Scales":12,"testmod-AssaultLearning":27,"Art of War":48,"MetatronsCube":17},{"Lantern":22,"Ying":25,"DaveBox":0,"Enchiridion":15,"ice":0,"BirthdayGift-Icosahedron":0,"Bag of Preparation":25,"PrismaticShard":1,"Boot":26,"ClockworkSouvenir":13,"Mummified Hand":21,"Toxic Egg 2":11,"Cracked Core":0,"InkBottle":9,"ImportantClient":8,"Runic Pyramid":16,"Potion Belt":12,"testmod-Maize":12,"testmod-TestBox":0,"testmod-TimeTraveler":0,"NeowsBlessing":0,"Golden Idol":1,"Letter Opener":21,"testmod-TurbochargingSystem":22,"Question Card":1,"testmod-IndustrialRevolution":2,"Anchor":3,"DataDisk":25,"Bronze Scales":5,"testmod-AssaultLearning":13,"Art of War":24,"MetatronsCube":8},{"Lantern":35,"Ying":41,"DaveBox":0,"Enchiridion":21,"ice":0,"BirthdayGift-Icosahedron":0,"Bag of Preparation":41,"PrismaticShard":1,"Boot":42,"ClockworkSouvenir":17,"Mummified Hand":34,"Toxic Egg 2":14,"Cracked Core":0,"InkBottle":12,"ImportantClient":11,"Runic Pyramid":23,"Potion Belt":16,"testmod-Maize":16,"testmod-TestBox":0,"testmod-TimeTraveler":0,"NeowsBlessing":0,"Golden Idol":1,"Letter Opener":34,"testmod-TurbochargingSystem":35,"Question Card":1,"testmod-IndustrialRevolution":2,"Anchor":3,"DataDisk":41,"Bronze Scales":6,"testmod-AssaultLearning":17,"Art of War":37,"MetatronsCube":11}],"InkBottle":[24]},"card_choices":[{"not_picked":["Gash","Compile Driver","Steam"],"picked":"SKIP","floor":1.0},{"not_picked":["Dark Shackles","Uppercut","Compile Driver"],"picked":"Turbo","floor":7.0},{"not_picked":["FollowUp","Perfected Strike","JustLucky"],"picked":"Sweeping Beam","floor":8.0},{"not_picked":["testmod-HandmadeProducts","JustLucky","Pommel Strike","Deflect"],"picked":"SKIP","floor":11.0},{"not_picked":["Deflect","Gash","Mind Blast"],"picked":"MostiFishMod:ATRI","floor":12.0},{"not_picked":["Deadly Poison","Underhanded Strike","Dagger Throw","Flame Barrier"],"picked":"SKIP","floor":13.0},{"not_picked":["ClearTheMind","Blade Dance","JustLucky"],"picked":"Doom and Gloom","floor":14.0},{"not_picked":["testmod-EnhanceArmerment","MostiFishMod:WinterMarkForm","MostiFishMod:STOP"],"picked":"MostiFishMod:KamiSmash","floor":16.0},{"not_picked":["FlyingSleeves","testmod-SubstituteBySubterfuge","BootSequence"],"picked":"Capacitor","floor":18.0},{"not_picked":["Anger","Conserve Battery","Gash"],"picked":"Pray","floor":22.0},{"not_picked":["Rebound+1","Unload","Prepared+1","Blade Dance+1"],"picked":"SKIP","floor":23.0},{"not_picked":["Cleave","FlurryOfBlows","EmptyBody+1","Deflect+1"],"picked":"SKIP","floor":25.0},{"not_picked":["Stack+1","Clothesline","JustLucky","WreathOfFlame+1"],"picked":"SKIP","floor":27.0},{"not_picked":["testmod-BackupPower+1","BowlingBash+1","Compile Driver","Riddle With Holes"],"picked":"SKIP","floor":29.0},{"not_picked":["Cloak And Dagger+1","Rebound","Havoc+1","Study"],"picked":"SKIP","floor":30.0},{"not_picked":["MostiFishMod:Awakening+1","Doppelganger+1","Establishment"],"picked":"MostiFishMod:CyberBuddha+1","floor":33.0},{"not_picked":["FlyingSleeves","Terror+1","Backflip+1","Protect+1"],"picked":"SKIP","floor":35.0},{"not_picked":["MostiFishMod:ButterFly","testmod-WeaknessCounterattack","Purity+1"],"picked":"testmod-RepeatForm","floor":37},{"not_picked":["testmod-HandmadeProducts","Forethought+1","testmod-ConditionedReflex"],"picked":"MostiFishMod:Awakening+1","floor":37},{"not_picked":["MostiFishMod:SupremeArchaeology+1","Panacea+1","testmod-Automaton"],"picked":"MostiFishMod:SparklingWater+1","floor":37},{"not_picked":["FlurryOfBlows","MostiFishMod:PerfectParry+1","MostiFishMod:BrandingRite+1","Deadly Poison+1"],"picked":"SKIP","floor":38},{"not_picked":["Beam Cell","Backflip+1","Sword Boomerang"],"picked":"Skim+1","floor":39},{"not_picked":["Bouncing Flask+1","Fasting2+1","MostiFishMod:Speedup","MostiFishMod:ThornCasing+1"],"picked":"SKIP","floor":41},{"not_picked":["Bane","Slice","MostiFishMod:ButterFly+1"],"picked":"testmod-Mystery+1","floor":42},{"not_picked":["testmod-Illusory+1","FlyingSleeves","Carnage","FollowUp+1"],"picked":"SKIP","floor":44},{"not_picked":["Warcry+1","Flying Knee","Armaments+1"],"picked":"Evolve","floor":47},{"not_picked":["MostiFishMod:ThornCasing","CutThroughFate+1","Poisoned Stab","MostiFishMod:NightSea+1"],"picked":"SKIP","floor":48},{"not_picked":["Deflect+1","Rip and Tear+1","Evolve","Footwork"],"picked":"SKIP","floor":54}],"player_experience":215627,"relics_obtained":[{"floor":1.0,"key":"Question Card"},{"floor":1.0,"key":"PrismaticShard"},{"floor":7.0,"key":"testmod-IndustrialRevolution"},{"floor":9.0,"key":"Anchor"},{"floor":12.0,"key":"Bronze Scales"},{"floor":16.0,"key":"ImportantClient"},{"floor":21.0,"key":"InkBottle"},{"floor":23.0,"key":"Toxic Egg 2"},{"floor":25.0,"key":"Potion Belt"},{"floor":26.0,"key":"testmod-Maize"},{"floor":27.0,"key":"testmod-AssaultLearning"},{"floor":31.0,"key":"Enchiridion"},{"floor":42,"key":"Mummified Hand"},{"floor":43,"key":"Letter Opener"},{"floor":44,"key":"Lantern"},{"floor":48,"key":"Art of War"},{"floor":54,"key":"Boot"}],"event_choices":[{"damage_healed":0.0,"max_hp_gain":0.0,"max_hp_loss":0.0,"gold_gain":0.0,"event_name":"Shining Light","player_choice":"Entered Light","floor":2.0,"gold_loss":0.0,"damage_taken":14.0,"cards_upgraded":["Zap","Strike_B"]},{"damage_healed":0.0,"max_hp_gain":0.0,"max_hp_loss":0.0,"gold_gain":0.0,"event_name":"给自己的盒子","player_choice":"Ignored","floor":3.0,"gold_loss":0.0,"damage_taken":0.0},{"damage_healed":0.0,"max_hp_gain":0.0,"max_hp_loss":0.0,"gold_gain":0.0,"event_name":"Golden Idol","player_choice":"Take Damage","floor":4.0,"gold_loss":0.0,"damage_taken":17.0,"relics_obtained":["Golden Idol"]},{"damage_healed":0.0,"max_hp_gain":0.0,"max_hp_loss":0.0,"gold_gain":75.0,"event_name":"World of Goop","player_choice":"Gather Gold","floor":5.0,"gold_loss":0.0,"damage_taken":11.0},{"damage_healed":0.0,"max_hp_gain":0.0,"max_hp_loss":0.0,"gold_gain":0.0,"event_name":"Vampires","player_choice":"Ignored","floor":20.0,"gold_loss":0.0,"damage_taken":0.0},{"damage_healed":0.0,"max_hp_gain":0.0,"max_hp_loss":0.0,"gold_gain":0.0,"event_name":"Cursed Tome","player_choice":"Obtained Book","floor":31.0,"gold_loss":0.0,"damage_taken":16.0},{"damage_healed":0.0,"max_hp_gain":0.0,"max_hp_loss":0.0,"gold_gain":400.0,"event_name":"恩洛斯的盘子","player_choice":"Sell","floor":36.0,"relics_lost":["testmod-TestBox"],"gold_loss":0.0,"damage_taken":0.0},{"damage_healed":0,"gold_gain":0,"player_choice":"Memory 3","damage_taken":10,"max_hp_gain":0,"max_hp_loss":0,"event_name":"SensoryStone","floor":37,"gold_loss":0}],"is_beta":false,"boss_relics":[{"not_picked":["testmod-HarvestTotem","FixedStarFall"],"picked":"MetatronsCube"},{"not_picked":["BloodWine","RhineFirstAidKit"],"picked":"Runic Pyramid"}],"items_purged_floors":[28,46,53],"is_endless":false,"potions_floor_spawned":[7,8,12,14,27,29,33,41,44,47,54],"ascension_level":14}}