{"host":"yn1175etg9ni8l0q","time":1608514995,"event":{"mods":["AchievementEnabler","BaseMod","Colored Map","Colored Powertips","DeckTracker","Minty Spire (QoL Compilation)","Rare Cards Sparkle","Relic Stats","SuperFastMode","Waifu the Spire","everything is the same but u backflip on backflip"],"gold_per_floor":[117,131,149,162,181,181,200,200,275,286,307,341,341,366,366,465,465,480,492,503,514,234,265,265,298,323,238,255,6,6,6,6,108,108,118,137,137,12,32,65,0,25,25,76,76,88,88,108,108,108,108,108,33,65,65],"floor_reached":56,"playtime":1717,"items_purged":["Strike_R","Strike_R","Strike_R"],"score":1701,"play_id":"fbdeb3c0-f23b-4783-a036-547c0097ac34","local_time":"20201221104315","is_ascension_mode":true,"campfire_choices":[{"data":"Uppercut","floor":6,"key":"SMITH"},{"data":"Whirlwind","floor":8,"key":"SMITH"},{"data":"Inflame","floor":15,"key":"SMITH"},{"data":"Offering","floor":24,"key":"SMITH"},{"data":"Pommel Strike","floor":30,"key":"SMITH"},{"data":"Shockwave","floor":32,"key":"SMITH"},{"data":"Disarm","floor":47,"key":"SMITH"},{"floor":49,"key":"REST"},{"data":"Power Through","floor":52,"key":"SMITH"}],"circlet_count":0,"master_deck":["AscendersBane","Strike_R","Defend_R","Defend_R","Defend_R","Defend_R","Bash","Shockwave+1","Uppercut+1","Inflame+1","Inflame+1","Whirlwind+1","Pommel Strike+1","Sword Boomerang","Offering+1","Armaments+1","Sword Boomerang","Bloodletting","Heavy Blade","Power Through+1","Flash of Steel","Secret Weapon","Violence","Disarm+1","Shrug It Off","Evolve+1","Inflame+1","Pommel Strike+1"],"relics":["Burning Blood","Meat on the Bone","Odd Mushroom","Magic Flower","Unceasing Top","Philosopher\u0027s Stone","Sling","Regal Pillow","Bronze Scales","Strawberry","Happy Flower","Medical Kit","StrikeDummy","Mark of Pain","Shuriken","Red Mask","Frozen Egg 2","Bird Faced Urn","Ornamental Fan"],"acts_visited":["Exordium","TheCity","TheBeyond","TheEnding"],"potions_floor_usage":[19,23,55,55,55],"damage_taken":[{"damage":1,"enemies":"2 Louse","floor":1,"turns":3},{"damage":10,"enemies":"Small Slimes","floor":2,"turns":5},{"damage":9,"enemies":"Jaw Worm","floor":3,"turns":5},{"damage":6,"enemies":"Looter","floor":4,"turns":4},{"damage":12,"enemies":"2 Fungi Beasts","floor":5,"turns":4},{"damage":8,"enemies":"Blue Slaver","floor":7,"turns":4},{"damage":0,"enemies":"Large Slime","floor":10,"turns":5},{"damage":8,"enemies":"The Mushroom Lair","floor":11,"turns":2},{"damage":20,"enemies":"Lagavulin","floor":12,"turns":7},{"damage":12,"enemies":"Gremlin Nob","floor":14,"turns":3},{"damage":46,"enemies":"Slime Boss","floor":16,"turns":9},{"damage":6,"enemies":"3 Byrds","floor":18,"turns":4},{"damage":12,"enemies":"Shell Parasite","floor":19,"turns":2},{"damage":8,"enemies":"Centurion and Healer","floor":20,"turns":5},{"damage":6,"enemies":"Snecko","floor":21,"turns":2},{"damage":14,"enemies":"Slavers","floor":23,"turns":2},{"damage":22,"enemies":"Book of Stabbing","floor":25,"turns":3},{"damage":12,"enemies":"Snake Plant","floor":28,"turns":3},{"damage":25,"enemies":"Collector","floor":33,"turns":4},{"damage":8,"enemies":"3 Shapes","floor":35,"turns":5},{"damage":9,"enemies":"3 Darklings","floor":36,"turns":2},{"damage":17,"enemies":"Sphere and 2 Shapes","floor":39,"turns":4},{"damage":19,"enemies":"Giant Head","floor":40,"turns":5},{"damage":24,"enemies":"Nemesis","floor":42,"turns":5},{"damage":52,"enemies":"2 Orb Walkers","floor":44,"turns":5},{"damage":24,"enemies":"Maw","floor":46,"turns":5},{"damage":32,"enemies":"Writhing Mass","floor":48,"turns":4},{"damage":81,"enemies":"Awakened One","floor":50,"turns":8},{"damage":71,"enemies":"Shield and Spear","floor":54,"turns":4},{"damage":76,"enemies":"The Heart","floor":55,"turns":6}],"seed_played":"-2376945888931464343","potions_obtained":[{"floor":1,"key":"Block Potion"},{"floor":2,"key":"ElixirPotion"},{"floor":10,"key":"AttackPotion"},{"floor":11,"key":"AttackPotion"},{"floor":12,"key":"Regen Potion"},{"floor":23,"key":"FearPotion"},{"floor":28,"key":"ElixirPotion"},{"floor":40,"key":"PowerPotion"},{"floor":44,"key":"Strength Potion"}],"is_trial":false,"path_per_floor":["M","M","M","M","M","R","M","R","T","M","?","E","?","E","R","B",null,"M","M","M","M","$","E","R","E","T","?","M","$","R","?","R","B",null,"M","M","?","$","M","E","?","E","T","?","$","M","R","M","R","B",null,"R","$","E","B",null],"character_chosen":"IRONCLAD","items_purchased":["Heavy Blade","Sling","Medical Kit","Inflame+1"],"campfire_rested":1,"item_purchase_floors":[22,22,29,53],"current_hp_per_floor":[77,73,70,70,64,64,62,62,62,68,66,52,52,67,67,48,72,75,72,73,76,76,71,71,58,65,65,62,62,62,62,62,64,81,82,82,72,72,64,54,54,57,57,32,32,41,41,45,86,39,75,75,75,43,33],"gold":65,"neow_bonus":"REMOVE_CARD","is_daily":false,"chose_seed":false,"campfire_upgraded":8,"win_rate":0.0,"timestamp":1608514995,"path_taken":["M","M","M","M","M","R","M","R","T","M","?","E","?","E","R","BOSS","M","M","M","M","$","E","R","E","T","?","M","$","R","?","R","BOSS","M","M","?","$","M","E","?","E","T","?","?","M","R","M","R","BOSS","R","$","E","BOSS"],"items_purchased_type":["Card","Relic","Relic","Card"],"build_version":"2020-12-13","purchased_purges":3,"victory":true,"max_hp_per_floor":[80,80,80,80,80,80,80,80,80,80,80,80,80,80,80,80,80,80,80,80,80,80,80,80,80,87,87,87,87,87,87,87,87,87,87,87,87,87,87,87,87,87,87,87,87,87,87,87,87,87,87,87,87,87,87],"relic_stats":{"Regal Pillow":15,"Happy Flower":[20],"counters":[30,129],"Magic Flower":[148],"Medical Kit":[50],"Burning Blood":243,"Shuriken":[16],"Ornamental Fan":[20],"Bronze Scales":[185],"Bird Faced Urn":[49],"obtain_stats":[{"Regal Pillow":23,"Happy Flower":27,"Magic Flower":12,"Odd Mushroom":11,"Frozen Egg 2":42,"Sling":22,"Medical Kit":29,"Burning Blood":0,"Shuriken":40,"Ornamental Fan":54,"Bronze Scales":25,"Strawberry":26,"Bird Faced Urn":44,"Philosopher\u0027s Stone":17,"Mark of Pain":34,"Red Mask":41,"StrikeDummy":31,"Unceasing Top":14,"Meat on the Bone":9},{"Regal Pillow":16,"Happy Flower":17,"Magic Flower":9,"Odd Mushroom":8,"Frozen Egg 2":24,"Sling":15,"Medical Kit":18,"Burning Blood":0,"Shuriken":23,"Ornamental Fan":29,"Bronze Scales":17,"Strawberry":17,"Bird Faced Urn":25,"Philosopher\u0027s Stone":11,"Mark of Pain":19,"Red Mask":23,"StrikeDummy":18,"Unceasing Top":10,"Meat on the Bone":6},{"Regal Pillow":66,"Happy Flower":69,"Magic Flower":39,"Odd Mushroom":32,"Frozen Egg 2":97,"Sling":64,"Medical Kit":72,"Burning Blood":0,"Shuriken":92,"Ornamental Fan":123,"Bronze Scales":69,"Strawberry":69,"Bird Faced Urn":102,"Philosopher\u0027s Stone":51,"Mark of Pain":76,"Red Mask":92,"StrikeDummy":72,"Unceasing Top":42,"Meat on the Bone":25}],"Unceasing Top":[6],"Meat on the Bone":180},"card_choices":[{"not_picked":["Havoc","Dual Wield","Infernal Blade"],"picked":"SKIP","floor":1},{"not_picked":["Perfected Strike","Clash"],"picked":"Shockwave","floor":2},{"not_picked":["Metallicize","Feel No Pain"],"picked":"Uppercut","floor":3},{"not_picked":["Intimidate","Pummel"],"picked":"Inflame","floor":4},{"not_picked":["Headbutt","Havoc"],"picked":"Inflame","floor":5},{"not_picked":["Wild Strike","Iron Wave"],"picked":"Whirlwind","floor":7},{"not_picked":["Dual Wield","Hemokinesis"],"picked":"Pommel Strike","floor":10},{"not_picked":["Uppercut","Clothesline"],"picked":"Sword Boomerang","floor":12},{"not_picked":["Armaments","Sentinel","Iron Wave"],"picked":"SKIP","floor":14},{"not_picked":["Bludgeon","Juggernaut"],"picked":"Offering","floor":16},{"not_picked":["Carnage","Dark Embrace","Burning Pact"],"picked":"SKIP","floor":18},{"not_picked":["Havoc","Iron Wave"],"picked":"Armaments+1","floor":19},{"not_picked":["Warcry+1","Battle Trance"],"picked":"Sword Boomerang","floor":20},{"not_picked":["Clothesline","Headbutt"],"picked":"Bloodletting","floor":21},{"not_picked":["Clothesline","Perfected Strike","Armaments+1"],"picked":"SKIP","floor":23},{"not_picked":["Iron Wave","Headbutt","Twin Strike+1"],"picked":"SKIP","floor":25},{"not_picked":["Havoc","Armaments"],"picked":"Power Through","floor":28},{"not_picked":["Searing Blow+1","Uppercut+1","Iron Wave+1"],"picked":"SKIP","floor":35},{"not_picked":["Pommel Strike","Body Slam","Heavy Blade"],"picked":"SKIP","floor":36},{"not_picked":["Chrysalis","Dark Shackles"],"picked":"Flash of Steel","floor":37},{"not_picked":["Metamorphosis","Deep Breath"],"picked":"Secret Weapon","floor":37},{"not_picked":["Good Instincts","Forethought"],"picked":"Violence","floor":37},{"not_picked":["Anger","Havoc","Body Slam"],"picked":"SKIP","floor":39},{"not_picked":["Wild Strike","True Grit+1"],"picked":"Disarm","floor":40},{"not_picked":["Headbutt","Feel No Pain+1","Juggernaut+1"],"picked":"SKIP","floor":42},{"not_picked":["Clothesline","True Grit+1"],"picked":"Shrug It Off","floor":44},{"not_picked":["True Grit","Thunderclap+1"],"picked":"Evolve+1","floor":46},{"not_picked":["Clothesline+1","Havoc+1","Sword Boomerang+1"],"picked":"SKIP","floor":48},{"not_picked":["Havoc","Armaments+1"],"picked":"Pommel Strike+1","floor":54}],"player_experience":276899,"relics_obtained":[{"floor":9,"key":"Meat on the Bone"},{"floor":11,"key":"Odd Mushroom"},{"floor":12,"key":"Magic Flower"},{"floor":14,"key":"Unceasing Top"},{"floor":23,"key":"Regal Pillow"},{"floor":25,"key":"Bronze Scales"},{"floor":26,"key":"Strawberry"},{"floor":40,"key":"Shuriken"},{"floor":42,"key":"Frozen Egg 2"},{"floor":44,"key":"Bird Faced Urn"},{"floor":54,"key":"Ornamental Fan"}],"event_choices":[{"damage_healed":0,"gold_gain":0,"player_choice":"Fought Mushrooms","damage_taken":0,"max_hp_gain":0,"max_hp_loss":0,"event_name":"Mushrooms","floor":11,"gold_loss":0},{"damage_healed":0,"gold_gain":0,"player_choice":"Grow","damage_taken":0,"max_hp_gain":0,"max_hp_loss":0,"event_name":"Living Wall","floor":13,"gold_loss":0,"cards_upgraded":["Inflame"]},{"damage_healed":0,"gold_gain":0,"player_choice":"Obtained Relic","damage_taken":0,"relics_obtained":["Happy Flower"],"max_hp_gain":0,"max_hp_loss":0,"event_name":"Addict","floor":27,"gold_loss":85},{"damage_healed":0,"gold_gain":0,"player_choice":"Opened","damage_taken":0,"relics_obtained":["StrikeDummy"],"max_hp_gain":0,"max_hp_loss":0,"event_name":"The Mausoleum","floor":31,"gold_loss":0},{"damage_healed":0,"gold_gain":0,"player_choice":"Memory 3","damage_taken":10,"max_hp_gain":0,"max_hp_loss":0,"event_name":"SensoryStone","floor":37,"gold_loss":0},{"damage_healed":0,"gold_gain":0,"player_choice":"Paid","damage_taken":0,"relics_obtained":["Red Mask"],"max_hp_gain":0,"max_hp_loss":0,"event_name":"Tomb of Lord Red Mask","floor":41,"gold_loss":65},{"damage_healed":0,"gold_gain":0,"player_choice":"Fight","damage_taken":0,"max_hp_gain":0,"max_hp_loss":0,"event_name":"Mysterious Sphere","floor":44,"gold_loss":0}],"is_beta":false,"boss_relics":[{"not_picked":["Runic Pyramid","Fusion Hammer"],"picked":"Philosopher\u0027s Stone"},{"not_picked":["Busted Crown","Velvet Choker"],"picked":"Mark of Pain"}],"items_purged_floors":[22,29,38],"is_endless":false,"potions_floor_spawned":[1,2,10,11,12,16,18,23,28,40,42,44,48],"ascension_level":10}}