{"host":"llpusn9usp8rznkj","time":1608537176,"event":{"mods":["2.2 Compatiblity","Aspiration","BaseMod","Colored Map","Colored Powertips","Conspire","Hubris","Minty Spire (QoL Compilation)","Rare Cards Sparkle","Replay The Spire","StSLib","The Cursed"],"gold_per_floor":[113,113,123,45,45,45,55,86,159,184,203,203,215,248,248,248,248],"floor_reached":16,"playtime":630,"items_purged":[],"score":240,"play_id":"ab6700b8-fa96-4cdc-a486-bfaf2e57e966","local_time":"20201221025256","is_ascension_mode":true,"campfire_choices":[{"data":"Rampage","floor":6,"key":"SMITH"},{"data":"ReplayTheSpireMod:Corrosion Curse","floor":12,"key":"SMITH"}],"circlet_count":0,"master_deck":["AscendersBane","Strike_R","Strike_R","Strike_R","Strike_R","Strike_R","Defend_R","Defend_R","Defend_R","Defend_R","Bash","Headbutt","Rampage+1","conspire:ExplosiveBarrier+1","Battle Trance","ReplayTheSpireMod:Corrosion Curse+1","Replay:Undeath\u0027s Touch","Armaments","Evolve"],"relics":["Burning Blood","aspiration:Nostalgia","Cracked Core","Potion Belt","Meat on the Bone","Happy Flower","Blue Candle"],"acts_visited":["Exordium"],"potions_floor_usage":[8,11,14,16,16],"damage_taken":[{"damage":2,"enemies":"Jaw Worm","floor":1,"turns":4},{"damage":8,"enemies":"2 Louse","floor":3,"turns":2},{"damage":6,"enemies":"Cultist","floor":7,"turns":3},{"damage":20,"enemies":"Lagavulin","floor":8,"turns":6},{"damage":20,"enemies":"3 Sentries","floor":10,"turns":10},{"damage":13,"enemies":"Exordium Thugs","floor":11,"turns":3},{"damage":0,"enemies":"Large Slime","floor":13,"turns":4},{"damage":10,"enemies":"Gremlin Nob","floor":14,"turns":3},{"damage":57,"enemies":"Hexaghost","floor":16,"turns":10}],"seed_played":"-1182031150950264509","potions_obtained":[{"floor":1,"key":"Milkshake"},{"floor":3,"key":"BlessingOfTheForge"},{"floor":10,"key":"ColorlessPotion"},{"floor":14,"key":"Fruit Juice"},{"floor":15,"key":"LifebloodPotion"},{"floor":15,"key":"ColorlessPotion"}],"is_trial":false,"path_per_floor":["M","?","M","$","?","R","M","E","T","E","M","R","M","E","R_BF","B"],"character_chosen":"IRONCLAD","items_purchased":["conspire:ExplosiveBarrier"],"campfire_rested":0,"item_purchase_floors":[4],"current_hp_per_floor":[72,72,70,70,70,70,70,56,56,54,47,47,53,54,54,0,0],"gold":248,"neow_bonus":"NOSTALGIA","is_daily":false,"chose_seed":false,"campfire_upgraded":2,"win_rate":0.0,"timestamp":1608537176,"path_taken":["M","?","M","$","?","R","M","E","T","E","?","R","M","E","R_BF","BOSS"],"items_purchased_type":["Card"],"build_version":"2020-12-13","purchased_purges":0,"victory":false,"max_hp_per_floor":[75,75,75,75,75,75,75,75,75,75,75,75,75,80,80,80,80],"card_choices":[{"not_picked":["ReplayTheSpireMod:Corrosion Curse","Iron Wave"],"picked":"Headbutt","floor":1},{"not_picked":["Anger","Barricade"],"picked":"Rampage","floor":3},{"not_picked":["Clash","Searing Blow","Life Link"],"picked":"SKIP","floor":7},{"not_picked":["Twin Strike","Infernal Blade"],"picked":"Battle Trance","floor":8},{"not_picked":["Sentinel","Twin Strike"],"picked":"ReplayTheSpireMod:Corrosion Curse","floor":10},{"not_picked":["Warcry","ReplayTheSpireMod:Corrosion Curse"],"picked":"Replay:Undeath\u0027s Touch","floor":11},{"not_picked":["True Grit","Shrug It Off"],"picked":"Armaments","floor":13},{"not_picked":["ReplayTheSpireMod:Strike From Hell","Hemokinesis"],"picked":"Evolve","floor":14}],"player_experience":1101088,"relics_obtained":[{"floor":8,"key":"Potion Belt"},{"floor":9,"key":"Meat on the Bone"},{"floor":10,"key":"Happy Flower"},{"floor":14,"key":"Blue Candle"}],"event_choices":[{"damage_healed":0,"gold_gain":0,"player_choice":"Got Potions","damage_taken":0,"max_hp_gain":0,"max_hp_loss":0,"event_name":"Lab","floor":15,"gold_loss":0}],"is_beta":false,"boss_relics":[],"items_purged_floors":[],"is_endless":false,"potions_floor_spawned":[1,3,10,14],"killed_by":"Hexaghost","ascension_level":20}}