{"host":"3a1ypf1irl30q4k8","time":1608582917,"event":{"mods":["AchievementEnabler","BaseMod","Bestiary","Colored Map","Minty Spire (QoL Compilation)","Relic Stats"],"gold_per_floor":[116,133,133,15,15,15,54,54,101,121,162,178,199,212,212,212,212],"floor_reached":16,"playtime":712,"items_purged":[],"score":162,"play_id":"3be01133-ec03-4033-859e-f37f18e06340","local_time":"20201221203517","is_ascension_mode":true,"campfire_choices":[{"data":"Glacier","floor":6,"key":"SMITH"},{"data":"Zap","floor":8,"key":"SMITH"},{"floor":15,"key":"REST"}],"circlet_count":0,"master_deck":["Strike_B","Strike_B","Strike_B","Strike_B","Defend_B","Defend_B","Defend_B","Defend_B","Zap+1","Dualcast","Beam Cell","Beam Cell","Glacier+1","Gash","Pain","Turbo","FTL","Undo","BootSequence","Steam Power","Coolheaded"],"relics":["Cracked Core","Emotion Chip","Golden Idol","WarpedTongs","HornCleat","Vajra","Nunchaku"],"acts_visited":["Exordium"],"potions_floor_usage":[14,16],"damage_taken":[{"damage":11,"enemies":"2 Louse","floor":1,"turns":3},{"damage":1,"enemies":"Cultist","floor":2,"turns":3},{"damage":11,"enemies":"3 Sentries","floor":7,"turns":9},{"damage":0,"enemies":"Small Slimes","floor":10,"turns":2},{"damage":15,"enemies":"Lagavulin","floor":11,"turns":7},{"damage":7,"enemies":"Blue Slaver","floor":12,"turns":3},{"damage":3,"enemies":"2 Fungi Beasts","floor":13,"turns":3},{"damage":12,"enemies":"Lots of Slimes","floor":14,"turns":4},{"damage":29,"enemies":"Slime Boss","floor":16,"turns":6}],"seed_played":"-9199490561209511102","potions_obtained":[{"floor":1,"key":"SpeedPotion"},{"floor":11,"key":"FocusPotion"},{"floor":14,"key":"Energy Potion"}],"is_trial":false,"path_per_floor":["M","M","?","$","?","R","E","R","T","M","E","M","M","M","R","B"],"character_chosen":"DEFECT","items_purchased":["Glacier","Gash"],"campfire_rested":1,"item_purchase_floors":[4,4],"current_hp_per_floor":[57,56,56,56,56,56,45,45,45,45,30,23,20,8,26,0,0],"gold":212,"neow_bonus":"ONE_RARE_RELIC","is_daily":false,"chose_seed":false,"campfire_upgraded":2,"win_rate":0.0,"timestamp":1608582917,"path_taken":["M","M","?","$","?","R","E","R","T","?","E","M","M","M","R","BOSS"],"items_purchased_type":["Card","Card"],"build_version":"2020-12-13","purchased_purges":0,"victory":false,"max_hp_per_floor":[68,68,63,63,63,63,63,63,63,63,63,63,63,63,63,63,63],"relic_stats":{"Emotion Chip":[32,17,15,0,0],"Nunchaku":[2],"counters":[9,40],"Golden Idol":30,"obtain_stats":[{"Emotion Chip":0,"Nunchaku":11,"HornCleat":7,"Golden Idol":3,"Vajra":9,"Cracked Core":0,"WarpedTongs":5},{"Emotion Chip":0,"Nunchaku":5,"HornCleat":3,"Golden Idol":2,"Vajra":3,"Cracked Core":0,"WarpedTongs":2},{"Emotion Chip":0,"Nunchaku":24,"HornCleat":15,"Golden Idol":6,"Vajra":15,"Cracked Core":0,"WarpedTongs":6}],"WarpedTongs":[33]},"card_choices":[{"not_picked":["Hello World","Reinforced Body"],"picked":"Beam Cell","floor":1},{"not_picked":["Go for the Eyes","Hologram"],"picked":"Beam Cell","floor":2},{"not_picked":["Meteor Strike","Rebound"],"picked":"Turbo","floor":7},{"not_picked":["Turbo","Stack"],"picked":"FTL","floor":10},{"not_picked":["Rebound","Rip and Tear"],"picked":"Undo","floor":11},{"not_picked":["Redo","Undo"],"picked":"BootSequence","floor":12},{"not_picked":["Steam","Aggregate"],"picked":"Steam Power","floor":13},{"not_picked":["Reprogram","Machine Learning"],"picked":"Coolheaded","floor":14}],"player_experience":865114,"relics_obtained":[{"floor":7,"key":"HornCleat"},{"floor":9,"key":"Vajra"},{"floor":11,"key":"Nunchaku"}],"event_choices":[{"damage_healed":0,"gold_gain":0,"player_choice":"Lose Max HP","damage_taken":0,"relics_obtained":["Golden Idol"],"max_hp_gain":0,"max_hp_loss":5,"event_name":"Golden Idol","floor":3,"gold_loss":0},{"damage_healed":0,"gold_gain":0,"player_choice":"Rummage","damage_taken":0,"relics_obtained":["WarpedTongs"],"max_hp_gain":0,"max_hp_loss":0,"event_name":"Accursed Blacksmith","floor":5,"gold_loss":0,"cards_obtained":["Pain"]}],"is_beta":false,"boss_relics":[],"items_purged_floors":[],"is_endless":false,"potions_floor_spawned":[1,11,14],"killed_by":"Slime Boss","ascension_level":9}}