{"host":"wc8dlsuapnihxz7u","time":1608535763,"event":{"mods":["2.2 Compatiblity","A Magickal Journey","AchievementEnabler","Act Like it!","AlwaysNeverKeys","Ascension Reborn","Aspiration","BaseMod","Better Altar","BetterRewards","Challenge The Spire","Conspire","Energized Spire","GifTheSpireLib","Halation","Hubris","Koishi","Minty Spire (QoL Compilation)","Permanent Neow","Quick Restart","Replay The Spire","Shop Mod","Spikes Relics","StSLib","Stuff the Spire","SuperFastMode","The Administrix","The Construct","The Exalted","vexMod"],"gold_per_floor":[111,111,61,81,81,111,125,157,157,157,169,169,188,222,222,325,325,341,141,141,180,180,180,180],"floor_reached":23,"playtime":2029,"items_purged":[],"score":234,"play_id":"921943c2-f79f-47e4-a7f7-b83189cb1cc3","local_time":"20201221022923","is_ascension_mode":true,"campfire_choices":[{"floor":12,"key":"REST"},{"floor":15,"key":"REST"}],"circlet_count":0,"master_deck":["Strike_P+1","Strike_P","Strike_P","Strike_P","Defend_P","Defend_P","Defend_P","Defend_P","Eruption","Vigilance","FlurryOfBlows","Crescendo","Replay:Cycle","InnerPeace","LikeWater","ReachHeaven","Conclude","FlurryOfBlows","DevaForm","CloudedMind","Parasite","conspire:SpireCoStock","conspire:SpireCoStock","conspire:SpireCoStock","conspire:SpireCoStock","Study+1"],"relics":["PureWater","Ring of Panic","Ring of Hypnosis","halation:PrussianBluePaint","hubris:MedicalManual","RollingBoulder","Replay:Wax Seal","Replay:Ancient Bell","Vajra","Golden Egg","hubris:64BitClover","halation:BottledLove","hubris:Towel"],"acts_visited":["Exordium","TheCity"],"potions_floor_usage":[8,14,16,21],"damage_taken":[{"damage":0,"enemies":"Small Slimes","floor":1,"turns":2},{"damage":0,"enemies":"2 Louse","floor":4,"turns":2},{"damage":19,"enemies":"Lagavulin","floor":6,"turns":6},{"damage":2,"enemies":"Jaw Worm","floor":7,"turns":3},{"damage":35,"enemies":"3 Sentries","floor":8,"turns":16},{"damage":3,"enemies":"3 Louse","floor":11,"turns":4},{"damage":0,"enemies":"Large Slime","floor":13,"turns":2},{"damage":24,"enemies":"Lagavulin","floor":14,"turns":10},{"damage":24,"enemies":"Hexaghost","floor":16,"turns":13},{"damage":16,"enemies":"3 Byrds","floor":18,"turns":6},{"damage":53,"enemies":"conspire:MimicChest","floor":20,"turns":11},{"damage":16,"enemies":"2 Thieves","floor":21,"turns":4},{"damage":5,"enemies":"Snecko","floor":23,"turns":3}],"seed_played":"5930189758587512065","potions_obtained":[{"floor":7,"key":"Swift Potion"},{"floor":11,"key":"LifebloodPotion"},{"floor":13,"key":"FearPotion"},{"floor":20,"key":"Adrenaline Potion"},{"floor":21,"key":"Milkshake"}],"is_trial":false,"path_per_floor":["M","?","?","M","$","E","M","E","T","?","M","R","M","E","R","B",null,"M","?","?","M","?","M"],"character_chosen":"WATCHER","items_purchased":[],"campfire_rested":2,"item_purchase_floors":[],"current_hp_per_floor":[65,65,65,65,65,46,44,9,9,9,6,31,31,7,32,8,86,70,70,17,1,1,0,0],"gold":180,"neow_bonus":"TWENTY_PERCENT_HP_BONUS","is_daily":false,"chose_seed":false,"campfire_upgraded":0,"win_rate":0.0,"timestamp":1608535763,"path_taken":["M","?","?","M","$","E","M","E","T","?","M","R","?","E","R","BOSS","M","?","?","M","?","M"],"items_purchased_type":[],"build_version":"2020-12-13","purchased_purges":0,"victory":false,"max_hp_per_floor":[86,86,86,86,86,86,86,86,86,86,86,86,86,86,86,86,86,86,86,86,86,86,86,86],"card_choices":[{"not_picked":["EmptyFist","Replay:ManipulateFuture"],"picked":"FlurryOfBlows","floor":1},{"not_picked":["Replay:AtTheReady","CrushJoints"],"picked":"Crescendo","floor":4},{"not_picked":["Replay:BluntJabs","Replay:AtTheReady"],"picked":"Replay:Cycle","floor":6},{"not_picked":["Ragnarok","Replay:AtTheReady"],"picked":"InnerPeace","floor":7},{"not_picked":["Indignation","Replay:Battleflow"],"picked":"LikeWater","floor":8},{"not_picked":["Worship","ClearTheMind"],"picked":"ReachHeaven","floor":11},{"not_picked":["Replay:Cycle","CrushJoints"],"picked":"Conclude","floor":13},{"not_picked":["CutThroughFate","Replay:ManipulateFuture"],"picked":"FlurryOfBlows","floor":14},{"not_picked":["Replay:AllIn","Judgement"],"picked":"DevaForm","floor":16},{"not_picked":["hubris:Wrath","Regret"],"picked":"CloudedMind","floor":17},{"not_picked":["Doubt","Intolerance"],"picked":"Parasite","floor":17},{"not_picked":["ReplayTheSpireMod:Restless Dread","Regret"],"picked":"ReplayTheSpireMod:IOU","floor":17},{"not_picked":["EmptyBody","Establishment","ClearTheMind"],"picked":"SKIP","floor":18},{"not_picked":["BowlingBash+1","Weave"],"picked":"Study+1","floor":20},{"not_picked":["Protect","Evaluate","Nirvana"],"picked":"SKIP","floor":21}],"player_experience":161471,"relics_obtained":[{"floor":2,"key":"Ring of Panic"},{"floor":2,"key":"Ring of Hypnosis"},{"floor":6,"key":"halation:PrussianBluePaint"},{"floor":8,"key":"hubris:MedicalManual"},{"floor":9,"key":"RollingBoulder"},{"floor":14,"key":"Replay:Wax Seal"},{"floor":20,"key":"halation:BottledLove"}],"event_choices":[{"cards_removed":["Normality"],"damage_healed":0,"gold_gain":0,"player_choice":"Card Removal","damage_taken":0,"max_hp_gain":0,"max_hp_loss":0,"event_name":"The Cleric","floor":3,"gold_loss":50},{"damage_healed":0,"gold_gain":0,"player_choice":"Invest 4","damage_taken":0,"max_hp_gain":0,"max_hp_loss":0,"event_name":"conspire:Investor","floor":19,"gold_loss":0}],"is_beta":false,"boss_relics":[{"not_picked":["Sozu","vexMod:ImprovementManual"],"picked":"Replay:Ancient Bell"},{"not_picked":["vexMod:FocusSash","Bag of Preparation"],"picked":"Vajra"},{"not_picked":["hubris:DeckOfHolding","Bromod:ArcaneDeflection"],"picked":"Golden Egg"},{"not_picked":["StuffTheSpire:MayFlowers","conspire:Boomerang"],"picked":"hubris:64BitClover"}],"items_purged_floors":[],"is_endless":false,"potions_floor_spawned":[7,11,13,20,21],"killed_by":"Snecko","ascension_level":0}}