{"host":"utqe55yv0jihe4d6","time":1608517398,"event":{"mods":["2.2 Compatiblity","AchievementEnabler","BaseMod","Block Reminder","Colored Map","Colored Powertips","Minty Spire (QoL Compilation)","Quick Restart","Rare Cards Sparkle","Relic Stats","SuperFastMode"],"gold_per_floor":[117,117,130,280,23,49,69,99,99,117,117,143,143,173,173,247,247,262,17,17,17,17,17,43,57,57,74,87,87,112,131,131,131,131],"floor_reached":33,"playtime":1198,"items_purged":["Doubt","Strike_R"],"score":726,"play_id":"83fb2035-a978-49b3-9cdf-c697eb3d4e95","local_time":"20201220212318","is_ascension_mode":true,"campfire_choices":[{"floor":11,"key":"REST"},{"data":"Apotheosis","floor":15,"key":"SMITH"},{"data":"Bash","floor":23,"key":"SMITH"},{"floor":29,"key":"RECALL"},{"floor":32,"key":"REST"}],"circlet_count":0,"master_deck":["AscendersBane","Strike_R","Strike_R","Strike_R","Defend_R","Defend_R","Defend_R","Defend_R","Bash+1","Cleave","Shrug It Off","Apotheosis+1","True Grit+1","Inflame+1","Heavy Blade","Reaper","Shrug It Off","Reaper","Inflame+1","Dual Wield"],"relics":["Burning Blood","Oddly Smooth Stone","Nunchaku","Bottled Tornado","Bottled Lightning","Philosopher\u0027s Stone","Membership Card","Anchor","Mummified Hand","Lantern","Du-Vu Doll"],"acts_visited":["Exordium","TheCity"],"potions_floor_usage":[8,12,14,24,30,30],"damage_taken":[{"damage":9,"enemies":"Small Slimes","floor":1,"turns":4},{"damage":0,"enemies":"2 Louse","floor":3,"turns":3},{"damage":45,"enemies":"3 Sentries","floor":6,"turns":11},{"damage":1,"enemies":"Cultist","floor":7,"turns":5},{"damage":11,"enemies":"Lagavulin","floor":8,"turns":9},{"damage":2,"enemies":"Looter","floor":10,"turns":4},{"damage":32,"enemies":"Gremlin Nob","floor":12,"turns":4},{"damage":18,"enemies":"Lagavulin","floor":14,"turns":5},{"damage":0,"enemies":"The Guardian","floor":16,"turns":13},{"damage":0,"enemies":"Chosen","floor":18,"turns":5},{"damage":34,"enemies":"Gremlin Leader","floor":24,"turns":5},{"damage":14,"enemies":"2 Thieves","floor":25,"turns":4},{"damage":7,"enemies":"Snecko","floor":27,"turns":4},{"damage":8,"enemies":"Centurion and Healer","floor":28,"turns":5},{"damage":46,"enemies":"Book of Stabbing","floor":30,"turns":5},{"damage":30,"enemies":"Chosen and Byrds","floor":31,"turns":8},{"damage":153,"enemies":"Automaton","floor":33,"turns":12}],"seed_played":"8920112836723416504","potions_obtained":[{"floor":3,"key":"Weak Potion"},{"floor":8,"key":"BlessingOfTheForge"},{"floor":12,"key":"Fruit Juice"},{"floor":16,"key":"Strength Potion"},{"floor":18,"key":"LiquidBronze"},{"floor":25,"key":"SpeedPotion"},{"floor":28,"key":"Block Potion"}],"is_trial":false,"path_per_floor":["M","?","M","?","$","E","M","E","T","M","R","E","?","E","R","B",null,"M","$","?","$","?","R","E","M","T","M","M","R","E","M","R","B"],"character_chosen":"IRONCLAD","items_purchased":["Apotheosis","Membership Card","Shrug It Off"],"campfire_rested":2,"item_purchase_floors":[5,19,19],"current_hp_per_floor":[72,65,71,71,71,32,37,32,32,36,60,34,34,27,27,33,74,87,87,87,87,87,87,59,81,81,86,87,87,70,77,87,0,0],"gold":131,"neow_bonus":"TEN_PERCENT_HP_BONUS","is_daily":false,"chose_seed":false,"campfire_upgraded":2,"win_rate":0.0,"timestamp":1608517398,"path_taken":["M","?","M","?","$","E","M","E","T","M","R","E","?","E","R","BOSS","M","$","?","?","?","R","E","?","T","M","M","R","E","M","R","BOSS"],"items_purchased_type":["Card","Relic","Card"],"build_version":"2020-12-13","purchased_purges":2,"victory":false,"max_hp_per_floor":[82,82,82,82,82,82,82,82,82,82,82,82,82,87,87,87,87,87,87,87,87,87,87,87,87,87,87,87,87,87,87,87,87,87],"relic_stats":{"Nunchaku":[11],"counters":[17,106],"Mummified Hand":[13],"obtain_stats":[{"Du-Vu Doll":30,"Nunchaku":9,"Anchor":20,"Lantern":26,"Mummified Hand":24,"Oddly Smooth Stone":6,"Philosopher\u0027s Stone":17,"Bottled Lightning":14,"Membership Card":19,"Bottled Tornado":12,"Burning Blood":0},{"Du-Vu Doll":15,"Nunchaku":5,"Anchor":10,"Lantern":12,"Mummified Hand":11,"Oddly Smooth Stone":3,"Philosopher\u0027s Stone":9,"Bottled Lightning":8,"Membership Card":10,"Bottled Tornado":7,"Burning Blood":0},{"Du-Vu Doll":86,"Nunchaku":32,"Anchor":63,"Lantern":72,"Mummified Hand":68,"Oddly Smooth Stone":18,"Philosopher\u0027s Stone":58,"Bottled Lightning":45,"Membership Card":63,"Bottled Tornado":40,"Burning Blood":0}],"Burning Blood":89},"card_choices":[{"not_picked":["Thunderclap","Wild Strike"],"picked":"Cleave","floor":1},{"not_picked":["Reckless Charge","Dark Embrace"],"picked":"Shrug It Off","floor":3},{"not_picked":["Shrug It Off","Evolve"],"picked":"True Grit","floor":6},{"not_picked":["Dual Wield","Heavy Blade"],"picked":"Inflame","floor":7},{"not_picked":["Headbutt","Berserk"],"picked":"Heavy Blade","floor":8},{"not_picked":["Rampage","Perfected Strike","Iron Wave"],"picked":"SKIP","floor":10},{"not_picked":["Ghostly Armor","Seeing Red","Iron Wave"],"picked":"SKIP","floor":12},{"not_picked":["Sentinel","Power Through","Fire Breathing"],"picked":"SKIP","floor":14},{"not_picked":["Brutality","Double Tap"],"picked":"Reaper","floor":16},{"not_picked":["Thunderclap","Flex","Fire Breathing+1"],"picked":"SKIP","floor":18},{"not_picked":["Clothesline+1","Seeing Red"],"picked":"Reaper","floor":24},{"not_picked":["Heavy Blade","Headbutt+1","Havoc"],"picked":"SKIP","floor":25},{"not_picked":["Clothesline+1","Cleave+1"],"picked":"Inflame+1","floor":27},{"not_picked":["Armaments","Heavy Blade+1"],"picked":"Dual Wield","floor":28},{"not_picked":["Flex+1","Dropkick","Reckless Charge"],"picked":"SKIP","floor":30},{"not_picked":["Sentinel","Perfected Strike","Warcry"],"picked":"SKIP","floor":31}],"player_experience":2816397,"relics_obtained":[{"floor":6,"key":"Oddly Smooth Stone"},{"floor":9,"key":"Nunchaku"},{"floor":12,"key":"Bottled Tornado"},{"floor":14,"key":"Bottled Lightning"},{"floor":20,"key":"Anchor"},{"floor":24,"key":"Mummified Hand"},{"floor":26,"key":"Lantern"},{"floor":30,"key":"Du-Vu Doll"}],"event_choices":[{"cards_removed":["Strike_R"],"damage_healed":0,"gold_gain":0,"player_choice":"Card Removal","damage_taken":7,"max_hp_gain":0,"max_hp_loss":0,"event_name":"Golden Wing","floor":2,"gold_loss":0},{"damage_healed":0,"gold_gain":150,"player_choice":"AGREE","damage_taken":0,"max_hp_gain":0,"max_hp_loss":0,"event_name":"Liars Game","floor":4,"gold_loss":0,"cards_obtained":["Doubt"]},{"damage_healed":0,"gold_gain":0,"player_choice":"Grow","damage_taken":0,"max_hp_gain":0,"max_hp_loss":0,"event_name":"Living Wall","floor":13,"gold_loss":0,"cards_upgraded":["Inflame"]},{"damage_healed":0,"gold_gain":0,"player_choice":"Relic","damage_taken":0,"max_hp_gain":0,"max_hp_loss":0,"event_name":"Wheel of Change","floor":20,"gold_loss":0},{"damage_healed":0,"gold_gain":0,"player_choice":"Forge","damage_taken":0,"max_hp_gain":0,"max_hp_loss":0,"event_name":"Accursed Blacksmith","floor":22,"gold_loss":0,"cards_upgraded":["True Grit"]}],"is_beta":false,"boss_relics":[{"not_picked":["Pandora\u0027s Box","Tiny House"],"picked":"Philosopher\u0027s Stone"}],"items_purged_floors":[5,19],"is_endless":false,"potions_floor_spawned":[3,8,12,16,18,25,28],"killed_by":"Automaton","ascension_level":20}}