{"host":"3jjxuhjpio8e4zkv","time":1608584961,"event":{"mods":["BaseMod","Colored Map","Minty Spire (QoL Compilation)","Permanent Neow","Relic Stats","StSLib"],"gold_per_floor":[113,113,38,56,5,5,16,41,41,51,51,62,92,107,107,184,234,253,253,267,267,287,287,287],"floor_reached":23,"playtime":1048,"items_purged":[],"score":506,"play_id":"091c9742-f10a-4cac-85db-d08a0059a6a0","local_time":"20201221160921","is_ascension_mode":true,"campfire_choices":[{"data":"Skewer","floor":6,"key":"SMITH"},{"data":"Masterful Stab","floor":11,"key":"SMITH"},{"floor":15,"key":"REST"}],"circlet_count":0,"master_deck":["AscendersBane","Strike_G+1","Strike_G+1","Strike_G+1","Strike_G+1","Defend_G+1","Defend_G+1","Defend_G+1","Defend_G+1","Survivor","Neutralize","Backflip","Skewer+1","Masterful Stab+1","Quick Slash","Calculated Gamble","Footwork+1","Flechettes+1","Dodge and Roll","Malaise","After Image","Sucker Punch+1","Backflip+1","Dash+1","Well Laid Plans"],"relics":["Ring of the Snake","FossilizedHelix","HornCleat","Molten Egg 2","Ninja Scroll","Tiny House"],"acts_visited":["Exordium","TheCity"],"potions_floor_usage":[16,23,23],"damage_taken":[{"damage":4,"enemies":"Cultist","floor":1,"turns":4},{"damage":0,"enemies":"2 Louse","floor":4,"turns":2},{"damage":0,"enemies":"Jaw Worm","floor":7,"turns":3},{"damage":26,"enemies":"Lagavulin","floor":8,"turns":7},{"damage":0,"enemies":"Exordium Wildlife","floor":10,"turns":3},{"damage":0,"enemies":"2 Fungi Beasts","floor":12,"turns":2},{"damage":26,"enemies":"3 Sentries","floor":13,"turns":12},{"damage":0,"enemies":"Blue Slaver","floor":14,"turns":3},{"damage":0,"enemies":"The Guardian","floor":16,"turns":14},{"damage":2,"enemies":"3 Byrds","floor":18,"turns":10},{"damage":0,"enemies":"Chosen","floor":20,"turns":6},{"damage":0,"enemies":"Snecko","floor":22,"turns":11},{"damage":62,"enemies":"Slavers","floor":23,"turns":8}],"seed_played":"-5588117742988280330","potions_obtained":[{"floor":10,"key":"Weak Potion"},{"floor":13,"key":"PowerPotion"},{"floor":14,"key":"DistilledChaos"},{"floor":16,"key":"DistilledChaos"}],"is_trial":false,"path_per_floor":["M","T","?","M","$","R","M","E","T","M","R","M","E","M","R","B",null,"M","?","M","?","M","E"],"character_chosen":"THE_SILENT","items_purchased":["Quick Slash"],"campfire_rested":1,"item_purchase_floors":[5],"current_hp_per_floor":[55,55,55,55,55,55,55,29,29,29,29,29,3,3,22,22,60,58,58,58,58,58,0,0],"gold":287,"neow_bonus":"TRANSFORM_CARD","is_daily":false,"chose_seed":false,"campfire_upgraded":2,"win_rate":0.0,"timestamp":1608584961,"path_taken":["M","?","?","M","$","R","M","E","T","M","R","?","E","M","R","BOSS","M","?","M","?","M","E"],"items_purchased_type":["Card"],"build_version":"2020-12-13","purchased_purges":0,"victory":false,"max_hp_per_floor":[66,66,66,66,66,66,66,66,66,66,66,66,66,66,66,66,71,71,71,71,71,71,71,71],"relic_stats":{"counters":[13,85],"obtain_stats":[{"HornCleat":8,"Tiny House":17,"Ninja Scroll":13,"Molten Egg 2":9,"FossilizedHelix":2,"Ring of the Snake":0},{"HornCleat":4,"Tiny House":9,"Ninja Scroll":7,"Molten Egg 2":4,"FossilizedHelix":1,"Ring of the Snake":0},{"HornCleat":16,"Tiny House":50,"Ninja Scroll":33,"Molten Egg 2":16,"FossilizedHelix":4,"Ring of the Snake":0}],"Ring of the Snake":[26]},"card_choices":[{"not_picked":["Dagger Spray","Outmaneuver"],"picked":"Skewer","floor":1},{"not_picked":["Sucker Punch","Backflip"],"picked":"Masterful Stab","floor":4},{"not_picked":["Backflip","Flying Knee"],"picked":"Calculated Gamble","floor":7},{"not_picked":["Predator","Tactician"],"picked":"Footwork","floor":8},{"not_picked":["Dodge and Roll","Cloak And Dagger","Acrobatics"],"picked":"SKIP","floor":10},{"not_picked":["Acrobatics","Backflip"],"picked":"Flechettes+1","floor":12},{"not_picked":["Cloak And Dagger","Tactician"],"picked":"Dodge and Roll","floor":13},{"not_picked":["Eviscerate+1","Masterful Stab+1"],"picked":"Malaise","floor":14},{"not_picked":["Night Terror","Doppelganger"],"picked":"After Image","floor":16},{"not_picked":["Dash+1","Blade Dance"],"picked":"Sucker Punch+1","floor":17},{"not_picked":["Acrobatics","Underhanded Strike+1"],"picked":"Backflip+1","floor":18},{"not_picked":["Accuracy+1","Underhanded Strike+1"],"picked":"Dash+1","floor":20},{"not_picked":["Flying Knee+1","Riddle With Holes+1"],"picked":"Well Laid Plans","floor":22}],"player_experience":1078243,"relics_obtained":[{"floor":2,"key":"FossilizedHelix"},{"floor":8,"key":"HornCleat"},{"floor":9,"key":"Molten Egg 2"},{"floor":13,"key":"Ninja Scroll"}],"event_choices":[{"cards_removed":["Defend_G"],"damage_healed":0,"gold_gain":0,"player_choice":"Card Removal","damage_taken":0,"max_hp_gain":0,"max_hp_loss":0,"event_name":"The Cleric","floor":3,"gold_loss":75},{"damage_healed":0,"gold_gain":0,"player_choice":"Ignored","damage_taken":0,"max_hp_gain":0,"max_hp_loss":0,"event_name":"Vampires","floor":19,"gold_loss":0},{"damage_healed":0,"gold_gain":0,"player_choice":"Simplicity","damage_taken":0,"max_hp_gain":0,"max_hp_loss":0,"event_name":"Back to Basics","floor":21,"gold_loss":0,"cards_upgraded":["Strike_G","Strike_G","Strike_G","Strike_G","Defend_G","Defend_G","Defend_G","Defend_G"]}],"is_beta":false,"boss_relics":[{"not_picked":["Runic Dome","Busted Crown"],"picked":"Tiny House"}],"items_purged_floors":[],"is_endless":false,"potions_floor_spawned":[10,13,14,16],"killed_by":"Slavers","ascension_level":20}}