{"host":"zjc1tzo4ovig5lll","time":1608572482,"event":{"mods":["AchievementEnabler","Aspiration","BaseMod","Beaked The Cultist","Better Altar","Better Match","Better Note","Better Sensory Stone","Colored Map","Colored Powertips","Conspire","Energized Spire","Friendly Minions","GifTheSpireLib","Halation","Hermit","Hubris","Minty Spire (QoL Compilation)","Rare Cards Sparkle","Replay The Spire","Spikes Relics","StSLib","Stuff the Spire","The Bug Knight","The Construct","The Jungle","The Servant 0.9.4","everything is the same but u backflip on backflip","vexMod"],"gold_per_floor":[119,94,54,68,68,79,90,90,90,100,9,19,19,54,54,54,54],"floor_reached":16,"playtime":553,"items_purged":[],"score":102,"play_id":"f9ba83ee-4ce6-48f7-a966-d2814de70168","local_time":"20201221194122","is_ascension_mode":false,"campfire_choices":[{"data":"Zap","floor":8,"key":"SMITH"},{"data":"conspire:Banana","floor":13,"key":"SMITH"},{"floor":15,"key":"REST"}],"circlet_count":0,"master_deck":["Strike_B","Strike_B","Strike_B","Strike_B","Defend_B","Defend_B","Defend_B","Defend_B","Zap+1","Dualcast","BootSequence","Storm","BasicCrystalCard+1","RefreshScreen","conspire:Banana+1","ReplayTheSpireMod:Calculation Training"],"relics":["Cracked Core","Replay:Towering Pillar of Hats","StuffTheSpire:EmeraldSignet"],"acts_visited":["Exordium"],"potions_floor_usage":[16],"damage_taken":[{"damage":13,"enemies":"2 Louse","floor":1,"turns":2},{"damage":0,"enemies":"Small Slimes","floor":4,"turns":3},{"damage":3,"enemies":"Jaw Worm","floor":6,"turns":3},{"damage":18,"enemies":"Large Slime","floor":7,"turns":7},{"damage":0,"enemies":"2 Fungi Beasts","floor":10,"turns":4},{"damage":1,"enemies":"Looter","floor":12,"turns":3},{"damage":45,"enemies":"3 Sentries","floor":14,"turns":14},{"damage":34,"enemies":"Hexaghost","floor":16,"turns":9}],"seed_played":"-1540723261241238397","potions_obtained":[{"floor":4,"key":"LifebloodPotion"}],"is_trial":false,"path_per_floor":["M","?","$","M","?","M","M","R","T","M","$","M","R","E","R","B"],"character_chosen":"DEFECT","items_purchased":["Storm","conspire:Banana"],"campfire_rested":1,"item_purchase_floors":[3,11],"current_hp_per_floor":[69,69,69,69,69,66,48,48,48,48,48,48,48,5,30,0,0],"gold":54,"neow_bonus":"TEN_PERCENT_HP_BONUS","is_daily":false,"chose_seed":false,"campfire_upgraded":2,"win_rate":0.0,"timestamp":1608572482,"path_taken":["M","?","$","M","?","M","M","R","T","M","$","?","R","E","R","BOSS"],"items_purchased_type":["Card","Card"],"build_version":"2020-12-13","purchased_purges":0,"victory":false,"max_hp_per_floor":[82,82,82,82,82,82,82,82,82,82,82,83,83,85,85,87,87],"card_choices":[{"not_picked":["Streamline","Turbo"],"picked":"BootSequence","floor":1},{"not_picked":["StuffTheSpire:GlassShard","Hologram"],"picked":"BasicCrystalCard","floor":4},{"not_picked":["ReplaySort","Barrage","Hologram"],"picked":"SKIP","floor":6},{"not_picked":["Coolheaded","Hologram","Beam Cell"],"picked":"SKIP","floor":7},{"not_picked":["Leap","StuffTheSpire:Plugnplay"],"picked":"RefreshScreen","floor":10},{"not_picked":["Hello World","BasicCrystalCard","Compile Driver"],"picked":"SKIP","floor":12},{"not_picked":["ReplayTheSpireMod:System Scan","Turbo"],"picked":"ReplayTheSpireMod:Calculation Training","floor":14}],"player_experience":567824,"relics_obtained":[{"floor":9,"key":"Replay:Towering Pillar of Hats"},{"floor":14,"key":"StuffTheSpire:EmeraldSignet"}],"event_choices":[{"damage_healed":0,"gold_gain":0,"player_choice":"Grow","damage_taken":0,"max_hp_gain":0,"max_hp_loss":0,"event_name":"Living Wall","floor":5,"gold_loss":0,"cards_upgraded":["BasicCrystalCard"]}],"is_beta":false,"boss_relics":[],"items_purged_floors":[],"is_endless":false,"potions_floor_spawned":[1,4,6],"killed_by":"Hexaghost","ascension_level":0}}