{"host":"1tl36azeqm6yhdgj","time":1608567259,"event":{"mods":["AchievementEnabler","BaseMod","Minty Spire (QoL Compilation)","StSLib","The IronCluck","everything is the same but u backflip on backflip"],"gold_per_floor":[13,26,37,53,53,87,101,101,149,299,299,14,24,40,40,117,117,134,134,151,165,165,165],"floor_reached":22,"playtime":1270,"items_purged":[],"score":342,"play_id":"d881a9e3-3f5d-4592-bab1-d2037ea88be2","local_time":"20201221111419","is_ascension_mode":true,"campfire_choices":[{"floor":8,"key":"REST"},{"data":"Double Tap","floor":11,"key":"SMITH"},{"data":"Body Slam","floor":15,"key":"SMITH"}],"circlet_count":0,"master_deck":["AscendersBane","Strike_R","Strike_R","Defend_R","Defend_R","Defend_R","Defend_R","Bash","Burning Pact","Second Wind","Carnage","Fire Breathing","Thunderclap","Pommel Strike","Double Tap+1","Body Slam+1","Doubt","Shockwave","Ghostly Armor","Immolate","Exhume","Thunderclap+1"],"relics":["Burning Blood","Pantograph","Champion Belt","Matryoshka","Busted Crown"],"acts_visited":["Exordium","TheCity"],"potions_floor_usage":[6,7,16],"damage_taken":[{"damage":10.0,"enemies":"Cultist","floor":1.0,"turns":4.0},{"damage":4.0,"enemies":"Jaw Worm","floor":2.0,"turns":3.0},{"damage":0.0,"enemies":"2 Louse","floor":3.0,"turns":3.0},{"damage":13.0,"enemies":"Gremlin Gang","floor":4.0,"turns":2.0},{"damage":30,"enemies":"Lagavulin","floor":6,"turns":5},{"damage":40,"enemies":"Exordium Thugs","floor":7,"turns":5},{"damage":1,"enemies":"Exordium Wildlife","floor":13,"turns":4},{"damage":14,"enemies":"Looter","floor":14,"turns":3},{"damage":43,"enemies":"The Guardian","floor":16,"turns":15},{"damage":8,"enemies":"2 Thieves","floor":18,"turns":3},{"damage":22,"enemies":"3 Byrds","floor":20,"turns":4},{"damage":25,"enemies":"Shelled Parasite and Fungi","floor":21,"turns":6},{"damage":26,"enemies":"Centurion and Healer","floor":22,"turns":3}],"seed_played":"1103599609326655320","potions_obtained":[{"floor":1.0,"key":"AttackPotion"},{"floor":3.0,"key":"LiquidMemories"},{"floor":6,"key":"FearPotion"},{"floor":13,"key":"FearPotion"}],"is_trial":false,"path_per_floor":["M","M","M","M","T","E","M","R","T","?","R","$","M","M","R","B",null,"M","?","M","M","M"],"character_chosen":"IRONCLAD","items_purchased":["Matryoshka"],"campfire_rested":1,"item_purchase_floors":[12],"current_hp_per_floor":[64,66,72,65,65,41,7,29,29,29,29,29,34,26,26,14,60,58,58,42,23,0,0],"gold":165,"neow_bonus":"TRANSFORM_TWO_CARDS","is_daily":false,"chose_seed":false,"campfire_upgraded":2,"win_rate":0.0,"timestamp":1608567259,"path_taken":["M","M","M","M","?","E","M","R","T","?","R","$","M","M","R","BOSS","M","?","?","M","M"],"items_purchased_type":["Relic"],"build_version":"2020-12-13","purchased_purges":0,"victory":false,"max_hp_per_floor":[75,75,75,75,75,75,75,75,75,75,75,75,75,75,75,75,75,75,75,75,75,75,75],"card_choices":[{"not_picked":["Clash","Blood for Blood"],"picked":"Carnage","floor":1.0},{"not_picked":["Disarm","Entrench"],"picked":"Fire Breathing","floor":2.0},{"not_picked":["Flex","Perfected Strike"],"picked":"Thunderclap","floor":3.0},{"not_picked":["Fire Breathing","Havoc"],"picked":"Pommel Strike","floor":4.0},{"not_picked":["Perfected Strike","Cleave"],"picked":"Double Tap","floor":6},{"not_picked":["Heavy Blade","Iron Wave"],"picked":"Body Slam","floor":7},{"not_picked":["Pommel Strike","Rupture"],"picked":"Shockwave","floor":13},{"not_picked":["Headbutt","True Grit"],"picked":"Ghostly Armor","floor":14},{"not_picked":["Feed","Barricade"],"picked":"Immolate","floor":16},{"not_picked":["Sentinel"],"picked":"SKIP","floor":18},{"not_picked":[],"picked":"Thunderclap+1","floor":20},{"not_picked":["Burning Pact"],"picked":"SKIP","floor":21}],"player_experience":1972236,"relics_obtained":[{"floor":5.0,"key":"Pantograph"},{"floor":6,"key":"Champion Belt"}],"event_choices":[{"damage_healed":0,"gold_gain":150,"player_choice":"AGREE","damage_taken":0,"max_hp_gain":0,"max_hp_loss":0,"event_name":"Liars Game","floor":10,"gold_loss":0,"cards_obtained":["Doubt"]},{"damage_healed":0,"gold_gain":0,"cards_transformed":["Strike_R"],"player_choice":"Transformed","damage_taken":0,"max_hp_gain":0,"max_hp_loss":0,"event_name":"Transmorgrifier","floor":19,"gold_loss":0,"cards_obtained":["Exhume"]}],"is_beta":false,"boss_relics":[{"not_picked":["Fusion Hammer","Runic Pyramid"],"picked":"Busted Crown"}],"items_purged_floors":[],"is_endless":false,"potions_floor_spawned":[1,3,6,13],"killed_by":"Centurion and Healer","ascension_level":16}}