{"host":"hfxp6ue4pvwo3fit","time":1608527835,"event":{"mods":["AchievementEnabler","BaseMod","Colored Map","Colored Powertips","Highlight Path","Minty Spire (QoL Compilation)","StSLib","SuperFastMode"],"gold_per_floor":[16,33,46,46,11,11,11,11,11,40,40,40,40,68,68,146,146,156,4,14,31,31,31,31],"floor_reached":23,"playtime":816,"items_purged":["Strike_B"],"score":374,"play_id":"04434e91-061d-413a-b247-72d45b35f3fd","local_time":"20201220231715","is_ascension_mode":true,"campfire_choices":[{"data":"Creative AI","floor":6,"key":"SMITH"},{"data":"Coolheaded","floor":8,"key":"SMITH"},{"data":"Capacitor","floor":12,"key":"SMITH"},{"data":"Zap","floor":15,"key":"SMITH"}],"circlet_count":0,"master_deck":["AscendersBane","Strike_B","Strike_B","Strike_B","Defend_B","Defend_B+1","Defend_B+1","Defend_B","Zap+1","Dualcast","Creative AI+1","Capacitor+1","Glacier","Coolheaded+1","Electrodynamics+1","Ball Lightning","Echo Form","Coolheaded","Chill","Undo+1"],"relics":["Cracked Core","Boot","Gremlin Horn","Darkstone Periapt","War Paint","Nuclear Battery"],"acts_visited":["Exordium","TheCity"],"potions_floor_usage":[14,16,23],"damage_taken":[{"damage":4,"enemies":"Small Slimes","floor":1,"turns":4},{"damage":9,"enemies":"Jaw Worm","floor":2,"turns":3},{"damage":0,"enemies":"Cultist","floor":3,"turns":6},{"damage":3,"enemies":"Lagavulin","floor":10,"turns":12},{"damage":34,"enemies":"Gremlin Nob","floor":14,"turns":5},{"damage":5,"enemies":"The Guardian","floor":16,"turns":10},{"damage":20,"enemies":"Spheric Guardian","floor":18,"turns":8},{"damage":9,"enemies":"2 Thieves","floor":20,"turns":3},{"damage":16,"enemies":"Snake Plant","floor":21,"turns":6},{"damage":20,"enemies":"Slavers","floor":23,"turns":4}],"seed_played":"-2455771603123341658","potions_obtained":[{"floor":2,"key":"BlessingOfTheForge"},{"floor":10,"key":"LiquidBronze"},{"floor":18,"key":"Dexterity Potion"}],"is_trial":false,"path_per_floor":["M","M","M","?","?","R","$","R","T","E","$","R","?","E","R","B",null,"M","$","M","M","?","E"],"character_chosen":"DEFECT","items_purchased":["Chill"],"campfire_rested":0,"item_purchase_floors":[19],"current_hp_per_floor":[60,51,51,40,57,57,57,57,57,54,54,54,54,20,20,15,57,37,37,28,12,12,0,0],"gold":31,"neow_bonus":"THREE_RARE_CARDS","is_daily":false,"chose_seed":false,"campfire_upgraded":4,"win_rate":0.0,"timestamp":1608527835,"path_taken":["M","M","M","?","?","R","?","R","T","E","$","R","?","E","R","BOSS","M","?","M","M","?","E"],"items_purchased_type":["Card"],"build_version":"2020-12-13","purchased_purges":1,"victory":false,"max_hp_per_floor":[71,71,71,71,71,71,71,71,71,71,71,71,71,71,71,71,71,71,71,71,71,71,71,71],"card_choices":[{"not_picked":["Core Surge","Reboot"],"picked":"Creative AI","floor":0},{"not_picked":["Stack","Cold Snap"],"picked":"Capacitor","floor":1},{"not_picked":["Conserve Battery","Stack"],"picked":"Glacier","floor":2},{"not_picked":["Force Field","Auto Shields"],"picked":"Coolheaded","floor":3},{"not_picked":["Leap","Go for the Eyes"],"picked":"Electrodynamics","floor":10},{"not_picked":["Reprogram","Redo"],"picked":"Ball Lightning","floor":14},{"not_picked":["Seek","All For One"],"picked":"Echo Form","floor":16},{"not_picked":["Go for the Eyes","Streamline+1"],"picked":"Coolheaded","floor":18},{"not_picked":["Double Energy","Coolheaded"],"picked":"Undo+1","floor":20},{"not_picked":["Turbo","BootSequence","Rebound"],"picked":"SKIP","floor":21}],"player_experience":403797,"relics_obtained":[{"floor":9,"key":"Gremlin Horn"},{"floor":10,"key":"Darkstone Periapt"},{"floor":14,"key":"War Paint"}],"event_choices":[{"damage_healed":0,"gold_gain":0,"player_choice":"Success","damage_taken":11,"relics_obtained":["Boot"],"max_hp_gain":0,"max_hp_loss":0,"event_name":"Scrap Ooze","floor":4,"gold_loss":0},{"damage_healed":17,"gold_gain":0,"player_choice":"Healed","damage_taken":0,"max_hp_gain":0,"max_hp_loss":0,"event_name":"The Cleric","floor":5,"gold_loss":35},{"damage_healed":0,"gold_gain":0,"player_choice":"Upgraded","damage_taken":0,"max_hp_gain":0,"max_hp_loss":0,"event_name":"Upgrade Shrine","floor":13,"gold_loss":0,"cards_upgraded":["Electrodynamics"]}],"is_beta":false,"boss_relics":[{"not_picked":["SlaversCollar","Velvet Choker"],"picked":"Nuclear Battery"}],"items_purged_floors":[19],"is_endless":false,"potions_floor_spawned":[2,10,18],"killed_by":"Slavers","ascension_level":18}}