{"host":"fxgsgr3e13htip8z","time":1608585131,"event":{"mods":["Aspiration","BaseMod","Dota2Spire","Hubris","Hyrulean Relics","Minty Spire (QoL Compilation)","Replay The Spire","Robot Space Explorer","StSLib","The Dragon Tamer","Trackpad","Wandering Minibosses","vexMod"],"gold_per_floor":[115,42,57,57,57,93,106,150,150,194,194,255,299,319,319,445,445,459,459,478,540,153,187,211,211,211,336,336,360,7,23,23,147,147,166,166,66,82,82,210,210,249,249,314,338,338,358,379,379,379],"floor_reached":51,"playtime":3982,"items_purged":["Languid","RobotSpaceExplorer:Strike"],"score":879,"play_id":"42965959-e62f-4104-98ef-2559240ac46d","local_time":"20201221151211","is_ascension_mode":false,"campfire_choices":[{"data":"RobotSpaceExplorer:MiniBoosters","floor":15,"key":"SMITH"},{"data":"RobotSpaceExplorer:ChargingLaser","floor":25,"key":"SMITH"},{"data":"RobotSpaceExplorer:PowerCollector","floor":28,"key":"SMITH"},{"data":"RobotSpaceExplorer:Scanner","floor":32,"key":"SMITH"},{"data":"RobotSpaceExplorer:Autoloader","floor":41,"key":"SMITH"},{"data":"RobotSpaceExplorer:StarLightning","floor":46,"key":"SMITH"},{"data":"RobotSpaceExplorer:Accelerator","floor":49,"key":"SMITH"}],"circlet_count":0,"master_deck":["RobotSpaceExplorer:Defend","RobotSpaceExplorer:Defend+1","RobotSpaceExplorer:Defend","RobotSpaceExplorer:Defend","RobotSpaceExplorer:Scan+1","RobotSpaceExplorer:MiniLasers","RobotSpaceExplorer:MiniBoosters+1","RobotSpaceExplorer:PowerCollector+1","RobotSpaceExplorer:Probe","RobotSpaceExplorer:StarLightning+1","RobotSpaceExplorer:MiniDrones","RobotSpaceExplorer:ScrapMissile","RobotSpaceExplorer:ScrapMissile","RobotSpaceExplorer:LuckyStrike","RobotSpaceExplorer:ScrapMissile","RobotSpaceExplorer:ChargingLaser+1","RobotSpaceExplorer:PowerGlove","RobotSpaceExplorer:Scanner+1","RobotSpaceExplorer:FranticSearch","RobotSpaceExplorer:Calculate+1","RobotSpaceExplorer:Ammunition+1","RobotSpaceExplorer:MiniDrones","Finesse+1","RobotSpaceExplorer:MiniDrones","RobotSpaceExplorer:ScrapMissile+1","RobotSpaceExplorer:Autoloader+1","Quick Slash","Glass Knife","Sucker Punch","Parasite","RobotSpaceExplorer:ExhaustFan","RobotSpaceExplorer:Probe","RobotSpaceExplorer:FreezeRay+1","RobotSpaceExplorer:Accelerator+1"],"relics":["RobotSpaceExplorer:RoboCore","NeowsBlessing","Golden Idol","hubris:DeckOfHolding","hubris:Spice","Vajra","trackpad:BottledShadow","hubris:Towel","Replay:Bottled Steam","Runic Pyramid","Ring of Searing","Ring of Fangs","trackpad:ByrdBGone","Gambling Chip","trackpad:Compendium","Dota2Spire:ShivaGuard","Prayer Wheel","trackpad:ByrdCharm","hubris:Icosahedron","wanderingMiniBosses:LockLocket","War Paint","Dota2Spire:ArcaneBoots"],"acts_visited":["Exordium","TheCity","TheBeyond"],"potions_floor_usage":[7,13,13,23,23,27,29,50,50,50],"damage_taken":[{"damage":0,"enemies":"2 Louse","floor":1,"turns":1},{"damage":0,"enemies":"Small Slimes","floor":3,"turns":1},{"damage":0,"enemies":"Lagavulin","floor":6,"turns":1},{"damage":0,"enemies":"Jaw Worm","floor":7,"turns":4},{"damage":24,"enemies":"Gremlin Nob","floor":8,"turns":5},{"damage":5,"enemies":"Replay:BlueRogue","floor":10,"turns":4},{"damage":0,"enemies":"Looter","floor":12,"turns":5},{"damage":7,"enemies":"Gremlin Nob","floor":13,"turns":4},{"damage":1,"enemies":"Large Slime","floor":14,"turns":3},{"damage":7,"enemies":"The Guardian","floor":16,"turns":7},{"damage":0,"enemies":"3 Byrds","floor":18,"turns":2},{"damage":10,"enemies":"Spheric Guardian","floor":20,"turns":3},{"damage":25,"enemies":"Snecko","floor":21,"turns":5},{"damage":10,"enemies":"Book of Stabbing","floor":23,"turns":4},{"damage":5,"enemies":"Centurion and Healer","floor":24,"turns":4},{"damage":3,"enemies":"Colosseum Slavers","floor":27,"turns":4},{"damage":0,"enemies":"Colosseum Nobs","floor":27,"turns":2},{"damage":0,"enemies":"Shelled Parasite and Fungi","floor":29,"turns":2},{"damage":0,"enemies":"Chosen and Byrds","floor":31,"turns":2},{"damage":0,"enemies":"Automaton","floor":33,"turns":3},{"damage":5,"enemies":"Orb Walker","floor":35,"turns":2},{"damage":10,"enemies":"3 Darklings","floor":38,"turns":3},{"damage":10,"enemies":"Writhing Mass","floor":40,"turns":4},{"damage":0,"enemies":"Reptomancer","floor":42,"turns":2},{"damage":1,"enemies":"4 Shapes","floor":45,"turns":2},{"damage":0,"enemies":"Maw","floor":47,"turns":4},{"damage":0,"enemies":"Sphere and 2 Shapes","floor":48,"turns":2},{"damage":0,"enemies":"Donu and Deca","floor":50,"turns":3}],"seed_played":"-8397892864915111463","potions_obtained":[{"floor":1,"key":"SpeedPotion"},{"floor":10,"key":"Dota2Spire:HealingSalve"},{"floor":12,"key":"Dota2Spire:Clarity"},{"floor":14,"key":"SpeedPotion"},{"floor":16,"key":"SpeedPotion"},{"floor":18,"key":"Strength Potion"},{"floor":27,"key":"Fire Potion"},{"floor":31,"key":"Strength Potion"},{"floor":33,"key":"Energy Potion"},{"floor":35,"key":"PowerPotion"},{"floor":47,"key":"Dota2Spire:Clarity"}],"is_trial":false,"path_per_floor":["M","$","M","?","?","E","M","E","T","E","?","M","E","M","R","B",null,"M","?","M","M","$","E","M","R","T","?","R","M","$","M","R","B",null,"M","?","$","M","?","M","R","E","T","?","M","R","M","M","R","B",null],"character_chosen":"RobotSpaceExplorer","items_purchased":["RobotSpaceExplorer:PowerCollector","trackpad:ByrdBGone","RobotSpaceExplorer:FranticSearch","trackpad:ByrdCharm","Finesse"],"campfire_rested":0,"item_purchase_floors":[2,22,22,30,30],"current_hp_per_floor":[75,75,75,75,69,69,69,53,53,48,48,48,50,49,49,42,77,77,77,67,42,42,32,27,27,27,24,24,24,24,24,24,24,85,80,80,80,70,70,60,60,60,60,60,59,59,59,59,59,59],"gold":379,"neow_bonus":"THREE_ENEMY_KILL","is_daily":false,"chose_seed":false,"campfire_upgraded":7,"win_rate":0.0,"timestamp":1608585131,"path_taken":["M","$","M","?","?","E","M","E","T","E","?","M","E","M","R","BOSS","M","?","M","M","$","E","M","R","T","?","R","M","$","M","R","BOSS","M","?","$","M","?","M","R","E","T","?","M","R","M","M","R","BOSS"],"items_purchased_type":["Card","Relic","Card","Relic","Card"],"build_version":"2020-12-13","purchased_purges":2,"victory":true,"max_hp_per_floor":[75,75,75,75,69,69,69,77,77,77,77,77,77,77,77,77,77,77,77,77,77,77,77,77,77,77,77,77,77,77,77,77,77,85,85,85,85,85,85,85,85,85,85,85,85,85,85,85,85,85],"card_choices":[{"not_picked":["RobotSpaceExplorer:FranticSearch","RobotSpaceExplorer:RigExplosive"],"picked":"RobotSpaceExplorer:MiniBoosters","floor":1},{"not_picked":["RobotSpaceExplorer:SurgingShield","RobotSpaceExplorer:SlimeMissile"],"picked":"RobotSpaceExplorer:Probe","floor":3},{"not_picked":["RobotSpaceExplorer:Fix","RobotSpaceExplorer:SurgingShield"],"picked":"RobotSpaceExplorer:StarLightning","floor":6},{"not_picked":["RobotSpaceExplorer:ShockKick","RobotSpaceExplorer:ShovelStrike","RobotSpaceExplorer:StunGrenade"],"picked":"SKIP","floor":7},{"not_picked":["RobotSpaceExplorer:StunGrenade","RobotSpaceExplorer:Explosion"],"picked":"RobotSpaceExplorer:MiniDrones","floor":8},{"not_picked":["RobotSpaceExplorer:SurgingShield","RobotSpaceExplorer:GlueShot"],"picked":"RobotSpaceExplorer:ScrapMissile","floor":10},{"not_picked":["RobotSpaceExplorer:BigMissile","RobotSpaceExplorer:ShovelStrike"],"picked":"RobotSpaceExplorer:ScrapMissile","floor":12},{"not_picked":["RobotSpaceExplorer:ShovelStrike","RobotSpaceExplorer:ImprovisedAttack"],"picked":"RobotSpaceExplorer:LuckyStrike","floor":13},{"not_picked":["RobotSpaceExplorer:LaserBurst","RobotSpaceExplorer:TrailblazerForm"],"picked":"RobotSpaceExplorer:ScrapMissile","floor":14},{"not_picked":["RobotSpaceExplorer:Accelerator","RobotSpaceExplorer:Blaster"],"picked":"RobotSpaceExplorer:ChargingLaser","floor":16},{"not_picked":["RobotSpaceExplorer:GlueShot","RobotSpaceExplorer:SlimeMissile","RobotSpaceExplorer:MetalStrike+1"],"picked":"SKIP","floor":18},{"not_picked":["RobotSpaceExplorer:SurgingStrike","RobotSpaceExplorer:Ammunition"],"picked":"RobotSpaceExplorer:PowerGlove","floor":20},{"not_picked":["RobotSpaceExplorer:BigMissile","RobotSpaceExplorer:FranticSearch"],"picked":"RobotSpaceExplorer:Scanner","floor":21},{"not_picked":["RobotSpaceExplorer:SurgingShield","RobotSpaceExplorer:HighVoltage"],"picked":"RobotSpaceExplorer:Calculate+1","floor":23},{"not_picked":["RobotSpaceExplorer:FranticSearch","RobotSpaceExplorer:SurgingShield"],"picked":"RobotSpaceExplorer:Ammunition+1","floor":24},{"not_picked":["RobotSpaceExplorer:ScrapMissile","RobotSpaceExplorer:StunGrenade"],"picked":"RobotSpaceExplorer:MiniDrones","floor":29},{"not_picked":["RobotSpaceExplorer:Reload+1","RobotSpaceExplorer:DualCore","RobotSpaceExplorer:BlastShield"],"picked":"SKIP","floor":29},{"not_picked":["RobotSpaceExplorer:ShovelStrike","RobotSpaceExplorer:RigExplosive"],"picked":"RobotSpaceExplorer:MiniDrones","floor":31},{"not_picked":["RobotSpaceExplorer:MetalStrike","RobotSpaceExplorer:Electroshield"],"picked":"RobotSpaceExplorer:ScrapMissile+1","floor":31},{"not_picked":["RobotSpaceExplorer:Comet","RobotSpaceExplorer:Explosion"],"picked":"RobotSpaceExplorer:Autoloader","floor":33},{"not_picked":["RobotSpaceExplorer:SwiftStep+1","RobotSpaceExplorer:Pulsar+1","RobotSpaceExplorer:FrostMissile"],"picked":"SKIP","floor":35},{"not_picked":["RobotSpaceExplorer:Pulsar+1","RobotSpaceExplorer:SwiftStep","RobotSpaceExplorer:SurgingStrike+1"],"picked":"SKIP","floor":35},{"not_picked":["RobotSpaceExplorer:Pulsar","hubris:SpiceAddiction","RobotSpaceExplorer:Calculate"],"picked":"SKIP","floor":38},{"not_picked":["RobotSpaceExplorer:Blitz+1","RobotSpaceExplorer:ChargingLaser","RobotSpaceExplorer:SurgingShield"],"picked":"SKIP","floor":38},{"not_picked":["RobotSpaceExplorer:Pulsar","RobotSpaceExplorer:Discharger"],"picked":"RobotSpaceExplorer:ExhaustFan","floor":40},{"not_picked":["RobotSpaceExplorer:SwiftStep","RobotSpaceExplorer:MetalStrike","hubris:SpiceAddiction"],"picked":"SKIP","floor":40},{"not_picked":["RobotSpaceExplorer:SwiftStep","RobotSpaceExplorer:Counterblock","RobotSpaceExplorer:SurgingStrike"],"picked":"SKIP","floor":42},{"not_picked":["hubris:SpiceAddiction","RobotSpaceExplorer:JunkDive+1"],"picked":"RobotSpaceExplorer:Probe","floor":44},{"not_picked":["RobotSpaceExplorer:ImprovisedAttack+1","RobotSpaceExplorer:Electroshield+1","hubris:SpiceAddiction"],"picked":"SKIP","floor":45},{"not_picked":["hubris:SpiceAddiction","RobotSpaceExplorer:SelfCleaning","hubris:SpiceAddiction"],"picked":"SKIP","floor":45},{"not_picked":["hubris:SpiceAddiction","RobotSpaceExplorer:BigMissile+1","RobotSpaceExplorer:FranticSearch"],"picked":"SKIP","floor":47},{"not_picked":["RobotSpaceExplorer:ShovelStrike","hubris:SpiceAddiction","RobotSpaceExplorer:SurgingStrike+1"],"picked":"SKIP","floor":47},{"not_picked":["RobotSpaceExplorer:Counterblock","RobotSpaceExplorer:Blitz"],"picked":"RobotSpaceExplorer:FreezeRay+1","floor":48},{"not_picked":["RobotSpaceExplorer:ImprovisedAttack","RobotSpaceExplorer:MetalStrike+1"],"picked":"RobotSpaceExplorer:Accelerator","floor":48}],"player_experience":1478517,"relics_obtained":[{"floor":6,"key":"hubris:DeckOfHolding"},{"floor":8,"key":"hubris:Spice"},{"floor":9,"key":"Vajra"},{"floor":10,"key":"trackpad:BottledShadow"},{"floor":13,"key":"Replay:Bottled Steam"},{"floor":19,"key":"Ring of Searing"},{"floor":19,"key":"Ring of Fangs"},{"floor":23,"key":"Gambling Chip"},{"floor":26,"key":"trackpad:Compendium"},{"floor":27,"key":"Dota2Spire:ShivaGuard"},{"floor":27,"key":"Prayer Wheel"},{"floor":40,"key":"wanderingMiniBosses:LockLocket"},{"floor":42,"key":"War Paint"},{"floor":44,"key":"Dota2Spire:ArcaneBoots"}],"event_choices":[{"damage_healed":0,"gold_gain":0,"player_choice":"Lose Max HP","damage_taken":0,"relics_obtained":["Golden Idol"],"max_hp_gain":0,"max_hp_loss":6,"event_name":"Golden Idol","floor":5,"gold_loss":0},{"damage_healed":0,"gold_gain":0,"player_choice":"Fight","damage_taken":0,"max_hp_gain":0,"max_hp_loss":0,"event_name":"Colosseum","floor":27,"gold_loss":0},{"damage_healed":0,"gold_gain":0,"player_choice":"Fought Nobs","damage_taken":0,"max_hp_gain":0,"max_hp_loss":0,"event_name":"Colosseum","floor":27,"gold_loss":0}],"is_beta":false,"boss_relics":[{"not_picked":["hubris:Spice","Snecko Eye"],"picked":"Runic Pyramid"},{"not_picked":["trackpad:Trackpad","ReplayTheSpireMod:DimensionalGlitch"],"picked":"hubris:Spice"}],"items_purged_floors":[22,37],"is_endless":false,"potions_floor_spawned":[1,10,12,14,16,18,27,27,31,33,35,40,47],"ascension_level":0}}