{"host":"uyp13icwa33nzjib","time":1608552062,"event":{"mods":["AchievementEnabler","BaseMod","BetterRewards","Colored Map","Infinite Spire","Mimic Mod","Minty Spire (QoL Compilation)","Quick Restart","Replay The Spire","StSLib","The Jungle"],"gold_per_floor":[118,131,131,131,146,146,176,189,241,241,255,255,6,24,24,123,123,133,133,152,202,218,218,218,218],"floor_reached":24,"playtime":1008,"items_purged":["Strike_R"],"score":218,"play_id":"e0a02c4c-398c-4f27-843e-d50870b34d0e","local_time":"20201221070102","is_ascension_mode":true,"campfire_choices":[{"data":"Armaments","floor":6,"key":"SMITH"},{"data":"Iron Wave","floor":10,"key":"SMITH"},{"floor":15,"key":"DIG"},{"data":"Run Through","floor":23,"key":"SMITH"}],"circlet_count":0,"master_deck":["Strike_R","Strike_R","Strike_R","Strike_R","Defend_R","Defend_R","Defend_R","Defend_R","Bash","Armaments+1","Run Through+1","infinitespire:Collect","Iron Wave+1","Flex","Pommel Strike","Metallicize","Body Slam","Flex","Demonic Infusion","CurseOfTheBell","Pummel","Iron Wave+1","Twin Strike"],"relics":["Burning Blood","Ornamental Fan","Happy Flower","Pen Nib","Membership Card","Calling Bell","Art of War","Magic Flower","infinitespire:EmpoweringShard"],"acts_visited":["Exordium","Exordium"],"potions_floor_usage":[7],"damage_taken":[{"damage":7,"enemies":"Jaw Worm","floor":1,"turns":4},{"damage":10,"enemies":"Small Slimes","floor":2,"turns":4},{"damage":1,"enemies":"Cultist","floor":5,"turns":4},{"damage":31,"enemies":"Gremlin Nob","floor":7,"turns":5},{"damage":4,"enemies":"3 Louse","floor":8,"turns":3},{"damage":11,"enemies":"Gremlin Gang","floor":11,"turns":6},{"damage":10,"enemies":"Looter","floor":14,"turns":3},{"damage":47,"enemies":"Hexaghost","floor":16,"turns":7},{"damage":33,"enemies":"theJungle:GiantWrat","floor":18,"turns":4},{"damage":8,"enemies":"Shell Parasite","floor":20,"turns":5},{"damage":39,"enemies":"theJungle:2_Snecko_Cultists","floor":22,"turns":6},{"damage":39,"enemies":"theJungle:2_Phrogs","floor":24,"turns":7}],"seed_played":"-6662041852092128167","potions_obtained":[{"floor":1,"key":"Dexterity Potion"},{"floor":5,"key":"Fire Potion"},{"floor":7,"key":"BloodPotion"}],"is_trial":false,"path_per_floor":["M","M","?","?","M","R","E","M","T","R","M","?","$","M","R_BF","B",null,"M","?","M","?","M","R","E"],"character_chosen":"IRONCLAD","items_purchased":["Membership Card","Metallicize","Body Slam"],"campfire_rested":0,"item_purchase_floors":[13,13,13],"current_hp_per_floor":[87,83,62,37,42,42,34,36,36,36,31,88,88,84,84,43,88,64,76,77,65,35,35,0,0],"gold":218,"neow_bonus":"TEN_PERCENT_HP_BONUS","is_daily":false,"chose_seed":false,"campfire_upgraded":3,"win_rate":0.0,"timestamp":1608552062,"path_taken":["M","M","?","?","M","R","E","M","T","R","?","?","$","?","R_BF","BOSS","M","?","M","?","?","R","E"],"items_purchased_type":["Relic","Card","Card"],"build_version":"2020-12-13","purchased_purges":1,"victory":false,"max_hp_per_floor":[88,88,88,88,88,88,88,88,88,88,88,88,88,88,88,88,88,88,88,88,88,88,88,88,88],"card_choices":[{"not_picked":["Run Through","ReplayReversal"],"picked":"Armaments","floor":1},{"not_picked":["Dark Embrace","Headbutt"],"picked":"Run Through","floor":2},{"not_picked":["infinitespire:Punishment","ReplayTheSpireMod:Black Plague"],"picked":"infinitespire:Collect","floor":3},{"not_picked":["Twin Strike","Warcry"],"picked":"Power Through","floor":5},{"not_picked":["Offering","ReplayTheSpireMod:Corrosion Curse"],"picked":"Iron Wave","floor":7},{"not_picked":["Sword Boomerang","Dark Embrace"],"picked":"Flex","floor":8},{"not_picked":["Clash","Anger"],"picked":"Pommel Strike","floor":11},{"not_picked":["Run Through","Sever Soul"],"picked":"Flex","floor":14},{"not_picked":["Limit Break","Hemogenesis"],"picked":"Demonic Infusion","floor":16},{"not_picked":["Uppercut","Headbutt"],"picked":"Pummel","floor":18},{"not_picked":["Headbutt+1","Clash"],"picked":"Iron Wave+1","floor":20},{"not_picked":["Sentinel","ReplayTheSpireMod:Strike From Hell"],"picked":"Twin Strike","floor":22}],"player_experience":306649,"relics_obtained":[{"floor":7,"key":"Happy Flower"},{"floor":9,"key":"Pen Nib"},{"floor":17,"key":"Art of War"},{"floor":17,"key":"Magic Flower"},{"floor":17,"key":"infinitespire:EmpoweringShard"}],"event_choices":[{"damage_healed":0,"gold_gain":0,"player_choice":"Success","damage_taken":25,"relics_obtained":["Ornamental Fan"],"max_hp_gain":0,"max_hp_loss":0,"event_name":"Scrap Ooze","floor":4,"gold_loss":0},{"cards_removed":["Power Through"],"damage_healed":57,"gold_gain":0,"player_choice":"Offered Uncommon","damage_taken":0,"max_hp_gain":0,"max_hp_loss":0,"event_name":"Bonfire Elementals","floor":12,"gold_loss":0}],"is_beta":false,"boss_relics":[{"not_picked":["SacredBark","SlaversCollar"],"picked":"Calling Bell"}],"items_purged_floors":[13],"is_endless":false,"potions_floor_spawned":[1,5,7],"killed_by":"theJungle:2_Phrogs","ascension_level":2}}