{"host":"3mdjmozz5rahgtdc","time":1608575180,"event":{"mods":["AchievementEnabler","BaseMod","Better Silent Start","Better-Laid Plans","Colored Map","Colored Powertips","Custom Start","DeckTracker","Emptier Cage","KOR Keyword Fix","Keyboard Shortcuts","Minty Spire (QoL Compilation)","Permanent Neow","Quick Restart","StSLib","SuperFastMode"],"gold_per_floor":[111,128,128,139,153,187,187,37,37,66,66,66,66,86,86,187,187],"floor_reached":16,"playtime":492,"items_purged":[],"score":224,"play_id":"091e96c3-3af4-4778-b404-ea6e790414b7","local_time":"20201222032620","is_ascension_mode":true,"campfire_choices":[{"data":"Crippling Poison","floor":7,"key":"SMITH"},{"data":"Deflect","floor":13,"key":"SMITH"},{"data":"Calculated Gamble","floor":15,"key":"SMITH"}],"circlet_count":0,"master_deck":["Strike_G","Strike_G","Strike_G","Strike_G","Defend_G","Defend_G","Defend_G","Defend_G","Survivor","Neutralize","Masterful Stab","Acrobatics+1","Flechettes","Crippling Poison+1","Die Die Die","Deflect+1","Calculated Gamble+1"],"relics":["Black Star","Pocketwatch","Singing Bowl","Pantograph","Darkstone Periapt","HornCleat","White Beast Statue"],"acts_visited":["Exordium"],"potions_floor_usage":[6,16],"damage_taken":[{"damage":0.0,"enemies":"2 Louse","floor":1.0,"turns":4.0},{"damage":1.0,"enemies":"Cultist","floor":2.0,"turns":3.0},{"damage":8.0,"enemies":"Jaw Worm","floor":4.0,"turns":4.0},{"damage":9.0,"enemies":"Red Slaver","floor":5.0,"turns":4.0},{"damage":17,"enemies":"Lagavulin","floor":6,"turns":6},{"damage":16,"enemies":"3 Sentries","floor":10,"turns":8},{"damage":0,"enemies":"Looter","floor":14,"turns":3},{"damage":31,"enemies":"Slime Boss","floor":16,"turns":14}],"seed_played":"1341484859619730969","potions_obtained":[{"floor":5.0,"key":"ColorlessPotion"},{"floor":14,"key":"SneckoOil"},{"floor":16,"key":"BlessingOfTheForge"}],"is_trial":false,"path_per_floor":["M","M","?","M","M","E","R","$","T","E","?","?","R","M","R","B"],"character_chosen":"THE_SILENT","items_purchased":["Die Die Die"],"campfire_rested":0,"item_purchase_floors":[8],"current_hp_per_floor":[63,62,67,59,50,33,33,33,33,17,10,10,10,10,10,4,4],"gold":187,"neow_bonus":"BOSS_RELIC","is_daily":false,"chose_seed":false,"campfire_upgraded":3,"win_rate":0.0,"timestamp":1608575180,"path_taken":["M","M","?","M","M","E","R","$","T","E","?","?","R","?","R","BOSS"],"items_purchased_type":["Card"],"build_version":"2020-12-13","purchased_purges":0,"victory":false,"max_hp_per_floor":[70,70,75,75,75,75,75,75,75,75,75,75,75,75,75,75,75],"card_choices":[{"not_picked":["Blade Dance","Backflip"],"picked":"Masterful Stab","floor":1.0},{"not_picked":["Slice","Calculated Gamble"],"picked":"Acrobatics","floor":2.0},{"not_picked":["Masterful Stab","Outmaneuver","Sucker Punch"],"picked":"SKIP","floor":4.0},{"not_picked":["Cloak And Dagger","Footwork"],"picked":"Flechettes","floor":5.0},{"not_picked":["Skewer","Quick Slash"],"picked":"Crippling Poison","floor":6},{"not_picked":["Choke","Bane"],"picked":"Deflect","floor":10},{"not_picked":["Dagger Spray","Footwork"],"picked":"Calculated Gamble","floor":14}],"player_experience":314668,"relics_obtained":[{"floor":6,"key":"Pocketwatch"},{"floor":6,"key":"Singing Bowl"},{"floor":9,"key":"Pantograph"},{"floor":10,"key":"Darkstone Periapt"},{"floor":10,"key":"HornCleat"}],"event_choices":[{"damage_healed":0.0,"max_hp_gain":5.0,"max_hp_loss":0.0,"gold_gain":0.0,"event_name":"Big Fish","player_choice":"Donut","floor":3.0,"gold_loss":0.0,"damage_taken":0.0},{"damage_healed":0,"gold_gain":0,"player_choice":"Success","damage_taken":7,"relics_obtained":["White Beast Statue"],"max_hp_gain":0,"max_hp_loss":0,"event_name":"Scrap Ooze","floor":11,"gold_loss":0},{"damage_healed":0,"gold_gain":0,"player_choice":"Forge","damage_taken":0,"max_hp_gain":0,"max_hp_loss":0,"event_name":"Accursed Blacksmith","floor":12,"gold_loss":0,"cards_upgraded":["Acrobatics"]}],"is_beta":false,"boss_relics":[],"items_purged_floors":[],"is_endless":false,"potions_floor_spawned":[5,14,16],"killed_by":"Slime Boss","ascension_level":8}}