{"host":"tljppfwplya481bc","time":1608556003,"event":{"mods":["BaseMod","Colored Map","Minty Spire (QoL Compilation)","Permanent Neow","Quick Restart"],"gold_per_floor":[113,113,113,123,198,198,214,214,214,225,245,14,29,42,42,42,42],"floor_reached":16,"playtime":298,"items_purged":["Strike_R"],"score":103,"play_id":"405d060c-e74a-403e-ac32-a75d41db59ab","local_time":"20201221220643","is_ascension_mode":true,"campfire_choices":[{"data":"Immolate","floor":6.0,"key":"SMITH"},{"data":"Rage","floor":8.0,"key":"SMITH"},{"data":"Feed","floor":15,"key":"SMITH"}],"circlet_count":0,"master_deck":["Strike_R","Strike_R","Strike_R","Strike_R","Defend_R","Defend_R","Defend_R","Defend_R","Bash","Immolate+1","Spot Weakness","Feed+1","Rage+1","Carnage","Infernal Blade","Flame Barrier","Offering","Ghostly Armor"],"relics":["Burning Blood","White Beast Statue","Question Card","Bag of Marbles"],"acts_visited":["Exordium"],"potions_floor_usage":[16],"damage_taken":[{"damage":15.0,"enemies":"Small Slimes","floor":1.0,"turns":3.0},{"damage":0.0,"enemies":"2 Louse","floor":4.0,"turns":1.0},{"damage":0.0,"enemies":"Cultist","floor":7.0,"turns":3.0},{"damage":22,"enemies":"Exordium Wildlife","floor":10,"turns":3},{"damage":14,"enemies":"Exordium Thugs","floor":11,"turns":3},{"damage":0,"enemies":"3 Louse","floor":13,"turns":1},{"damage":3,"enemies":"Blue Slaver","floor":14,"turns":2},{"damage":6,"enemies":"Hexaghost","floor":16,"turns":2}],"seed_played":"-1452800308076805736","potions_obtained":[{"floor":4.0,"key":"Explosive Potion"},{"floor":7.0,"key":"Weak Potion"},{"floor":10,"key":"ColorlessPotion"},{"floor":11,"key":"DuplicationPotion"},{"floor":13,"key":"Fire Potion"}],"is_trial":false,"path_per_floor":["M","?","?","M","?","R","M","R","T","M","M","$","M","M","R","B"],"character_chosen":"IRONCLAD","items_purchased":["Bag of Marbles"],"campfire_rested":0,"item_purchase_floors":[12],"current_hp_per_floor":[71,64,64,70,62,62,68,68,68,52,44,44,50,56,56,50,50],"gold":42,"neow_bonus":"ONE_RANDOM_RARE_CARD","is_daily":false,"chose_seed":false,"campfire_upgraded":3,"win_rate":0.0,"timestamp":1608556003,"path_taken":["M","?","?","?","?","R","M","R","T","M","M","?","M","M","R","BOSS"],"items_purchased_type":["Relic"],"build_version":"2020-12-13","purchased_purges":1,"victory":false,"max_hp_per_floor":[80,80,80,80,80,80,80,80,80,80,80,80,80,83,83,83,83],"card_choices":[{"not_picked":["Clothesline","Anger"],"picked":"Spot Weakness","floor":1.0},{"not_picked":["Body Slam","Pommel Strike"],"picked":"Rage","floor":4.0},{"not_picked":["Power Through","Havoc"],"picked":"Carnage","floor":7.0},{"not_picked":["Intimidate","Feel No Pain","Body Slam"],"picked":"Infernal Blade","floor":10},{"not_picked":["Combust","Iron Wave","Body Slam"],"picked":"Flame Barrier","floor":11},{"not_picked":["Infernal Blade","Combust","Shrug It Off"],"picked":"Offering","floor":13},{"not_picked":["Body Slam","Anger","Heavy Blade"],"picked":"Ghostly Armor","floor":14}],"player_experience":200044,"relics_obtained":[{"floor":9.0,"key":"Question Card"}],"event_choices":[{"damage_healed":0.0,"max_hp_gain":0.0,"max_hp_loss":0.0,"gold_gain":0.0,"event_name":"Scrap Ooze","player_choice":"Success","floor":2.0,"gold_loss":0.0,"damage_taken":7.0,"relics_obtained":["White Beast Statue"]},{"damage_healed":0.0,"max_hp_gain":0.0,"max_hp_loss":0.0,"gold_gain":0.0,"event_name":"Match and Keep!","player_choice":"1 cards matched","floor":3.0,"gold_loss":0.0,"damage_taken":0.0,"cards_obtained":["Feed"]},{"damage_healed":0.0,"max_hp_gain":0.0,"max_hp_loss":0.0,"gold_gain":75.0,"event_name":"FaceTrader","player_choice":"Touch","floor":5.0,"gold_loss":0.0,"damage_taken":8.0}],"is_beta":false,"boss_relics":[],"items_purged_floors":[12],"is_endless":false,"potions_floor_spawned":[4,7,10,11,13,14],"killed_by":"Hexaghost","ascension_level":2}}