{"host":"gs0a38e4jr2axiip","time":1608509959,"event":{"mods":["Abigail Mod","Act Like it!","BaseMod","Bestiary","Better Note","BetterRewards","CCEM","Colored Map","Conspire","Downfall","Exacting","Gensokyo","Hallownest","Highlight Path","Hubris","Infinite Spire","Jedi Mod","Koishi","MarisaÅiñ∂âJÅ@ñÇóùçπÅj","Minty Spire (QoL Compilation)","Permanent Neow","Prisma Mod","Replay The Spire","Shade Mod","Shop Mod","Spire Birthday Party","StSLib","The Dragon Tamer","The Gatherer","The Necromancer","The Servant 0.9.4","Unceasing Turn Reminder","Waifu the Spire","Wandering Minibosses","Yuyuko"],"gold_per_floor":[99,99,185,110,110,110,110,210,194,227,68,84,84,110,120,120,120],"floor_reached":16,"playtime":1376,"items_purged":[],"score":98,"play_id":"1aa7b2dd-7348-4aef-a283-28d32ba23ba9","local_time":"20201220181919","is_ascension_mode":false,"campfire_choices":[{"floor":1,"key":"RECALL"},{"data":"sneckomod:UnknownBlock","floor":4,"key":"SMITH"}],"circlet_count":0,"master_deck":["sneckomod:Strike","sneckomod:Strike","sneckomod:Strike","sneckomod:Defend","sneckomod:Defend","sneckomod:Defend","sneckomod:TailWhip","sneckomod:SnekBite","sneckomod:Unknown","sneckomod:DiceBlock","sneckomod:UnknownBlock+1","sneckomod:SnakeSap","sneckomod:SoulExchange","sneckomod:UnknownClassEV_BLUE_COLOR","sneckomod:UnknownRareAttack","sneckomod:UnknownClassGUARDIAN","sneckomod:RainOfDice","Spreading Infection","jedi:bruteforce","ReplayTheSpireMod:Private Reserves","sneckomod:RainOfDice","sneckomod:DiceBlock","sneckomod:DiceCrush","sneckomod:UnknownClassSLIMEBOUND","sneckomod:UnknownRareSkill","sneckomod:SoulRoll","infinitespire:Collect","sneckomod:Cheat","sneckomod:ImprovisedGuard"],"relics":["sneckomod:SneckoSoul","downfall:HeartsMalice","downfall:GremlinSack","infinitespire:Lychee Nut"],"acts_visited":["Exordium"],"potions_floor_usage":[9,16],"damage_taken":[{"damage":0,"enemies":"conspire:RoseBush","floor":2,"turns":1},{"damage":0,"enemies":"Jaw Worm","floor":6,"turns":1},{"damage":0,"enemies":"Jaw Worm","floor":8,"turns":1},{"damage":0,"enemies":"Cultist","floor":9,"turns":7},{"damage":35,"enemies":"3 Sentries","floor":10,"turns":8},{"damage":10,"enemies":"downfall:FleeingMerchant","floor":11,"turns":5},{"damage":5,"enemies":"conspire:2 RoseBushes","floor":12,"turns":8},{"damage":18,"enemies":"Lots of Slimes","floor":14,"turns":4},{"damage":0,"enemies":"Blue Slaver","floor":15,"turns":1},{"damage":46,"enemies":"downfall:Defect","floor":16,"turns":6}],"seed_played":"3518182728775745952","potions_obtained":[{"floor":8,"key":"SkillPotion"},{"floor":14,"key":"ColorlessPotion"},{"floor":15,"key":"FearPotion"}],"is_trial":false,"path_per_floor":["R","M","?","R","?","M","T","?","M","E","$","M","?","M","M","B"],"character_chosen":"THE_SNECKO","items_purchased":["sneckomod:UnknownRareSkill"],"campfire_rested":0,"item_purchase_floors":[11],"current_hp_per_floor":[90,90,91,91,91,92,92,94,94,67,65,66,48,36,36,0,0],"gold":120,"neow_bonus":"THREE_ENEMY_KILL","is_daily":false,"chose_seed":false,"campfire_upgraded":1,"win_rate":0.0,"timestamp":1608509959,"path_taken":["R","M","?","R","?","?","T","?","?","E","$","M","?","M","M","BOSS"],"items_purchased_type":["Card"],"build_version":"2020-12-13","purchased_purges":0,"victory":false,"max_hp_per_floor":[90,90,91,91,91,92,92,94,94,70,72,72,72,72,72,72,72],"card_choices":[{"not_picked":["sneckomod:SoulRoll","sneckomod:UnknownClassTHE_CHAMP_GRAY"],"picked":"sneckomod:DiceBlock","floor":2},{"not_picked":["sneckomod:DiceBlock","sneckomod:UnknownCommonSkill"],"picked":"sneckomod:UnknownBlock","floor":3},{"not_picked":["sneckomod:UnknownWeak","sneckomod:WideSting"],"picked":"sneckomod:SnakeSap","floor":3},{"not_picked":["sneckomod:UnknownClassUrban Legend","sneckomod:UnknownWeak"],"picked":"sneckomod:SoulExchange","floor":3},{"not_picked":["sneckomod:WideSting","sneckomod:UnknownClassGATHERER_LIME"],"picked":"sneckomod:UnknownClassEV_BLUE_COLOR","floor":6},{"not_picked":["sneckomod:UnknownUncommonSkill","sneckomod:UnknownCommonAttack"],"picked":"sneckomod:RainOfDice","floor":8},{"not_picked":["sneckomod:SnakeSap","sneckomod:UnknownUncommonAttack"],"picked":"sneckomod:DiceBlock","floor":9},{"not_picked":["sneckomod:UnknownVulnerable","sneckomod:RainOfDice"],"picked":"sneckomod:DiceCrush","floor":10},{"not_picked":["sneckomod:SoulDraw","sneckomod:UnknownCommonAttack"],"picked":"sneckomod:UnknownClassSLIMEBOUND","floor":11},{"not_picked":["sneckomod:UnknownExhaust","sneckomod:DiceCrush"],"picked":"sneckomod:SoulRoll","floor":12},{"not_picked":["ReplayTheSpireMod:Haul","hubris:Fate"],"picked":"infinitespire:Collect","floor":13},{"not_picked":["sneckomod:UnknownEthereal","sneckomod:ImprovisedAttack"],"picked":"sneckomod:Cheat","floor":14},{"not_picked":["sneckomod:RainOfDice","sneckomod:UnknownCommonAttack"],"picked":"sneckomod:ImprovisedGuard","floor":15}],"player_experience":774175,"relics_obtained":[{"floor":8,"key":"downfall:GremlinSack"},{"floor":10,"key":"infinitespire:Lychee Nut"}],"event_choices":[{"cards_removed":["sneckomod:Unknown"],"damage_healed":0,"gold_gain":0,"player_choice":"Purged","damage_taken":0,"max_hp_gain":0,"max_hp_loss":0,"event_name":"Purifier","floor":5,"gold_loss":0}],"is_beta":false,"boss_relics":[],"items_purged_floors":[],"is_endless":false,"potions_floor_spawned":[8,14,15],"killed_by":"downfall:Defect","ascension_level":0}}