{"host":"mt3nndg5ku536gxi","time":1608537069,"event":{"mods":["BaseMod","Challenge The Spire","Colored Powertips","Minty Spire (QoL Compilation)","StSLib"],"gold_per_floor":[342,19,54,80,108,108,8,8,37,63,95,95,95,95,127,460,490,517],"floor_reached":19,"playtime":982,"items_purged":["Strike_P","Strike_P"],"score":704,"play_id":"15edf71f-df99-43ad-97e5-a05c599b5070","local_time":"20201221155109","daily_mods":["challengethespire:Gold Difficulty","challengethespire:Modded Elite Rush","Uncertain Future"],"is_ascension_mode":true,"campfire_choices":[{"data":"Eruption","floor":8.0,"key":"SMITH"},{"data":"MentalFortress","floor":13.0,"key":"SMITH"},{"data":"Vigilance","floor":14.0,"key":"SMITH"}],"circlet_count":0,"master_deck":["AscendersBane","Strike_P","Strike_P","Defend_P","Defend_P","Defend_P","Defend_P","Eruption+1","Vigilance+1","MentalFortress+1","BowlingBash","FlurryOfBlows","Indignation+1","Scrawl+1","Halt+1","Meditate+1","Vengeance+1","CarveReality","Perseverance+1","Omniscience+1","Halt+1","Tantrum+1"],"relics":["PureWater","Black Star","Sling","PreservedInsect","Bag of Marbles","Toxic Egg 2","Sundial","Mummified Hand","Toy Ornithopter","Lantern","Strawberry","Darkstone Periapt","SlaversCollar","Frozen Egg 2","Gremlin Horn","Calipers","Bronze Scales","Oddly Smooth Stone","Pen Nib","Cursed Key","Molten Egg 2","Orichalcum","Old Coin","Art of War","Akabeko","StrikeDummy","White Beast Statue","Pear"],"acts_visited":["Exordium"],"potions_floor_usage":[18],"damage_taken":[{"damage":0.0,"enemies":"Gremlin Nob","floor":3.0,"turns":2.0},{"damage":0.0,"enemies":"Lagavulin","floor":4.0,"turns":2.0},{"damage":0.0,"enemies":"3 Sentries","floor":5.0,"turns":4.0},{"damage":5.0,"enemies":"Slavers","floor":9.0,"turns":3.0},{"damage":0.0,"enemies":"Book of Stabbing","floor":10.0,"turns":2.0},{"damage":0.0,"enemies":"Gremlin Leader","floor":11.0,"turns":3.0},{"damage":38.0,"enemies":"Nemesis","floor":15.0,"turns":5.0},{"damage":3.0,"enemies":"Reptomancer","floor":16.0,"turns":4.0},{"damage":0.0,"enemies":"Giant Head","floor":17.0,"turns":4.0},{"damage":7,"enemies":"Shield and Spear","floor":18,"turns":3}],"seed_played":"-4785283342846582050","potions_obtained":[{"floor":5.0,"key":"Block Potion"},{"floor":9.0,"key":"Energy Potion"},{"floor":11.0,"key":"Swift Potion"},{"floor":18,"key":"Energy Potion"}],"is_trial":true,"path_per_floor":["$","$","E","E","E","T","$","R","E","E","E","T","R","R","E","E","E","E",null],"character_chosen":"WATCHER","items_purchased":["MentalFortress","Bag of Marbles","BowlingBash","FlurryOfBlows","SteroidPotion","Toxic Egg 2","Indignation+1"],"campfire_rested":0,"item_purchase_floors":[1,1,1,1,1,2,2],"current_hp_per_floor":[61,61,61,61,68,68,68,68,68,68,68,68,68,68,30,27,27,35],"gold":517,"neow_bonus":"","is_daily":false,"chose_seed":false,"campfire_upgraded":3,"win_rate":0.0,"timestamp":1608537069,"path_taken":["$","$","E","E","E","T","$","R","E","E","E","T","R","R","E","E","E","E"],"items_purchased_type":["Card","Relic","Card","Card","Potion","Relic","Card"],"build_version":"2020-12-13","purchased_purges":2,"victory":true,"max_hp_per_floor":[68,68,68,68,75,75,75,75,75,75,75,75,75,75,75,75,75,85],"card_choices":[],"player_experience":285123,"relics_obtained":[{"floor":3.0,"key":"Sundial"},{"floor":3.0,"key":"Mummified Hand"},{"floor":4.0,"key":"Toy Ornithopter"},{"floor":4.0,"key":"Lantern"},{"floor":5.0,"key":"Strawberry"},{"floor":5.0,"key":"Darkstone Periapt"},{"floor":9.0,"key":"Frozen Egg 2"},{"floor":9.0,"key":"Gremlin Horn"},{"floor":10.0,"key":"Calipers"},{"floor":10.0,"key":"Bronze Scales"},{"floor":11.0,"key":"Oddly Smooth Stone"},{"floor":11.0,"key":"Pen Nib"},{"floor":15.0,"key":"Molten Egg 2"},{"floor":15.0,"key":"Orichalcum"},{"floor":16.0,"key":"Old Coin"},{"floor":16.0,"key":"Art of War"},{"floor":17.0,"key":"Akabeko"},{"floor":17.0,"key":"StrikeDummy"},{"floor":18,"key":"White Beast Statue"},{"floor":18,"key":"Pear"}],"event_choices":[],"is_beta":false,"boss_relics":[{"not_picked":["SacredBark","Fusion Hammer"],"picked":"SlaversCollar"},{"not_picked":["Sozu","Philosopher\u0027s Stone"],"picked":"Cursed Key"}],"items_purged_floors":[1,7],"is_endless":false,"potions_floor_spawned":[5,9,11,16,17,18],"ascension_level":15}}