{"host":"sxnl403xm2xmiyj1","time":1608549631,"event":{"mods":["AchievementEnabler","BaseMod","Colored Map","Keyboard Shortcuts","Minty Spire (QoL Compilation)","Quick Restart","StSLib","SuperFastMode"],"gold_per_floor":[113,113,0,12,12,43,60,60,112,112,146,146,162,178,178,253,253,267,267,267,284,297,297,297],"floor_reached":23,"playtime":330,"items_purged":[],"score":454,"play_id":"f1f7fd3e-d232-48e1-9a2a-de70eea74439","local_time":"20201221202031","is_ascension_mode":true,"campfire_choices":[{"data":"Zap","floor":8.0,"key":"SMITH"},{"data":"Blizzard","floor":10.0,"key":"SMITH"},{"data":"Self Repair","floor":15.0,"key":"SMITH"}],"circlet_count":0,"master_deck":["AscendersBane","Strike_B+1","Strike_B","Strike_B+1","Strike_B","Defend_B","Defend_B+1","Defend_B","Defend_B","Zap+1","Dualcast","Blizzard+1","Barrage+1","Conserve Battery","Gash","Cold Snap","Gash","Self Repair+1","Gash","Rebound","Core Surge","Coolheaded","Gash","Streamline","Leap"],"relics":["Cracked Core","NeowsBlessing","Bag of Marbles","Calipers","Whetstone","CaptainsWheel","StoneCalendar","Cursed Key"],"acts_visited":["Exordium","TheCity"],"potions_floor_usage":[],"damage_taken":[{"damage":0.0,"enemies":"Small Slimes","floor":1.0,"turns":1.0},{"damage":0.0,"enemies":"2 Louse","floor":4.0,"turns":1.0},{"damage":0.0,"enemies":"Gremlin Nob","floor":6.0,"turns":1.0},{"damage":9.0,"enemies":"Jaw Worm","floor":7.0,"turns":3.0},{"damage":13.0,"enemies":"Lagavulin","floor":11.0,"turns":5.0},{"damage":8.0,"enemies":"Large Slime","floor":13.0,"turns":4.0},{"damage":4.0,"enemies":"2 Fungi Beasts","floor":14.0,"turns":3.0},{"damage":10.0,"enemies":"Hexaghost","floor":16.0,"turns":7.0},{"damage":12.0,"enemies":"2 Thieves","floor":18.0,"turns":4.0},{"damage":0.0,"enemies":"Spheric Guardian","floor":21.0,"turns":4.0},{"damage":17.0,"enemies":"Snake Plant","floor":22.0,"turns":5.0},{"damage":49,"enemies":"Book of Stabbing","floor":23,"turns":5}],"seed_played":"-9083361828620472571","potions_obtained":[{"floor":7.0,"key":"Ancient Potion"},{"floor":14.0,"key":"Strength Potion"},{"floor":16.0,"key":"Fruit Juice"}],"is_trial":false,"path_per_floor":["M","?","$","M","?","E","M","R","T","R","E","T","M","M","R","B",null,"M","?","?","M","M","E"],"character_chosen":"DEFECT","items_purchased":["Barrage","Conserve Battery"],"campfire_rested":0,"item_purchase_floors":[3,3],"current_hp_per_floor":[64,43,43,43,38,38,29,29,29,29,16,16,15,18,18,23,63,61,61,61,71,64,15,15],"gold":297,"neow_bonus":"THREE_ENEMY_KILL","is_daily":false,"chose_seed":false,"campfire_upgraded":3,"win_rate":0.0,"timestamp":1608549631,"path_taken":["M","?","$","M","?","E","M","R","T","R","E","?","M","M","R","BOSS","M","?","?","M","M","E"],"items_purchased_type":["Card","Card"],"build_version":"2020-12-13","purchased_purges":0,"victory":false,"max_hp_per_floor":[71,71,71,71,71,71,71,71,71,71,71,71,71,71,71,76,76,76,76,76,76,76,76,76],"card_choices":[{"not_picked":["Hologram","Redo"],"picked":"Blizzard","floor":1.0},{"not_picked":["Fusion","Rebound"],"picked":"Gash","floor":4.0},{"not_picked":["Static Discharge","Sweeping Beam"],"picked":"Cold Snap","floor":6.0},{"not_picked":["Double Energy","Compile Driver"],"picked":"Gash","floor":7.0},{"not_picked":["Go for the Eyes","Capacitor"],"picked":"Self Repair","floor":11.0},{"not_picked":["Conserve Battery","Stack"],"picked":"Gash","floor":13.0},{"not_picked":["Stack","Aggregate"],"picked":"Rebound","floor":14.0},{"not_picked":["Hyperbeam","Fission"],"picked":"Core Surge","floor":16.0},{"not_picked":["Cold Snap","Lockon"],"picked":"Coolheaded","floor":18.0},{"not_picked":["Redo","Capacitor"],"picked":"Streamline","floor":21.0},{"not_picked":["Genetic Algorithm","Loop+1"],"picked":"Leap","floor":22.0}],"player_experience":111421,"relics_obtained":[{"floor":6.0,"key":"Calipers"},{"floor":9.0,"key":"Whetstone"},{"floor":11.0,"key":"CaptainsWheel"},{"floor":12.0,"key":"StoneCalendar"}],"event_choices":[{"damage_healed":0.0,"max_hp_gain":0.0,"max_hp_loss":0.0,"gold_gain":0.0,"event_name":"Shining Light","player_choice":"Entered Light","floor":2.0,"gold_loss":0.0,"damage_taken":21.0,"cards_upgraded":["Strike_B","Defend_B"]},{"damage_healed":0.0,"max_hp_gain":0.0,"max_hp_loss":0.0,"gold_gain":0.0,"event_name":"Scrap Ooze","player_choice":"Success","floor":5.0,"gold_loss":0.0,"damage_taken":5.0,"relics_obtained":["Bag of Marbles"]},{"damage_healed":0.0,"max_hp_gain":0.0,"max_hp_loss":0.0,"gold_gain":0.0,"event_name":"The Library","player_choice":"Read","floor":19.0,"gold_loss":0.0,"damage_taken":0.0,"cards_obtained":["Gash"]},{"damage_healed":0.0,"max_hp_gain":0.0,"max_hp_loss":0.0,"gold_gain":0.0,"event_name":"Vampires","player_choice":"Ignored","floor":20.0,"gold_loss":0.0,"damage_taken":0.0}],"is_beta":false,"boss_relics":[{"not_picked":["Pandora\u0027s Box","Fusion Hammer"],"picked":"Cursed Key"}],"items_purged_floors":[],"is_endless":false,"potions_floor_spawned":[7,14,16],"killed_by":"Book of Stabbing","ascension_level":18}}