{"host":"7pe9xwx78c6nlay8","time":1608578353,"event":{"mods":["BaseMod","Minty Spire (QoL Compilation)"],"gold_per_floor":[111,127,127,138,149,177,197,197,197,225,245,258,277,95,95,196,196,208,227,241,260,273,307,319,350,350,275,307,307,341,357,357,460,460,472,472,522,89,89,117,117,151,232,244,244,0,18,32,32,32],"floor_reached":51,"playtime":2919,"items_purged":["Strike_P","Strike_P"],"score":1308,"play_id":"cd03996d-d2a1-4a78-a06c-6e20db209754","local_time":"20201222031913","is_ascension_mode":true,"campfire_choices":[{"data":"Eruption","floor":8.0,"key":"SMITH"},{"data":"WindmillStrike","floor":15.0,"key":"SMITH"},{"floor":29.0,"key":"REST"},{"floor":32.0,"key":"REST"},{"floor":41.0,"key":"REST"},{"floor":45,"key":"REST"},{"data":"Mayhem","floor":49,"key":"SMITH"}],"circlet_count":0,"master_deck":["AscendersBane","Strike_P","Defend_P","Defend_P","Defend_P+1","Defend_P+1","Eruption+1","Vigilance","Evaluate","WindmillStrike+1","CutThroughFate","ReachHeaven+1","DeusExMachina+1","EmptyBody+1","Weave","Weave+1","ReachHeaven+1","PathToVictory+1","ClearTheMind+1","ThirdEye+1","DevaForm","Mayhem+1"],"relics":["PureWater","NeowsBlessing","Letter Opener","The Courier","Toxic Egg 2","Bag of Marbles","Lee\u0027s Waffle","Runic Pyramid","InkBottle","Dead Branch","Centennial Puzzle","Whetstone","Blood Vial","Philosopher\u0027s Stone","Lizard Tail","TungstenRod","Vajra","Boot","War Paint","Eternal Feather","Red Mask"],"acts_visited":["Exordium","TheCity","TheBeyond"],"potions_floor_usage":[50,50],"damage_taken":[{"damage":0.0,"enemies":"2 Louse","floor":1.0,"turns":1.0},{"damage":0.0,"enemies":"Cultist","floor":2.0,"turns":1.0},{"damage":0.0,"enemies":"Small Slimes","floor":4.0,"turns":1.0},{"damage":8.0,"enemies":"3 Louse","floor":5.0,"turns":3.0},{"damage":26.0,"enemies":"3 Sentries","floor":6.0,"turns":10.0},{"damage":0.0,"enemies":"2 Fungi Beasts","floor":7.0,"turns":2.0},{"damage":15.0,"enemies":"Lagavulin","floor":10.0,"turns":7.0},{"damage":0.0,"enemies":"Blue Slaver","floor":11.0,"turns":2.0},{"damage":0.0,"enemies":"3 Louse","floor":12.0,"turns":3.0},{"damage":0.0,"enemies":"Looter","floor":13.0,"turns":3.0},{"damage":0.0,"enemies":"Slime Boss","floor":16.0,"turns":3.0},{"damage":5.0,"enemies":"Shell Parasite","floor":18.0,"turns":6.0},{"damage":0.0,"enemies":"3 Byrds","floor":19.0,"turns":4.0},{"damage":9.0,"enemies":"Snake Plant","floor":20.0,"turns":4.0},{"damage":2.0,"enemies":"Centurion and Healer","floor":21.0,"turns":8.0},{"damage":13.0,"enemies":"Snecko","floor":22.0,"turns":4.0},{"damage":31.0,"enemies":"Slavers","floor":23.0,"turns":4.0},{"damage":4.0,"enemies":"Chosen and Byrds","floor":24.0,"turns":3.0},{"damage":5.0,"enemies":"Gremlin Leader","floor":25.0,"turns":5.0},{"damage":0.0,"enemies":"Book of Stabbing","floor":28.0,"turns":3.0},{"damage":7.0,"enemies":"Gremlin Leader","floor":30.0,"turns":4.0},{"damage":0.0,"enemies":"Snake Plant","floor":31.0,"turns":4.0},{"damage":17.0,"enemies":"Champ","floor":33.0,"turns":11.0},{"damage":11.0,"enemies":"3 Darklings","floor":35.0,"turns":3.0},{"damage":10.0,"enemies":"Mind Bloom Boss Battle","floor":37.0,"turns":6.0},{"damage":41.0,"enemies":"Nemesis","floor":40.0,"turns":5.0},{"damage":17.0,"enemies":"Reptomancer","floor":42.0,"turns":5.0},{"damage":0,"enemies":"3 Shapes","floor":44,"turns":3},{"damage":8,"enemies":"Spire Growth","floor":47,"turns":4},{"damage":2,"enemies":"Jaw Worm Horde","floor":48,"turns":3},{"damage":71,"enemies":"Time Eater","floor":50,"turns":8}],"seed_played":"2470671284308124736","potions_obtained":[{"floor":1.0,"key":"StancePotion"},{"floor":2.0,"key":"Swift Potion"},{"floor":7.0,"key":"SkillPotion"},{"floor":13.0,"key":"AttackPotion"},{"floor":20.0,"key":"GamblersBrew"},{"floor":21.0,"key":"DistilledChaos"},{"floor":23.0,"key":"Block Potion"},{"floor":25.0,"key":"FearPotion"},{"floor":28.0,"key":"SkillPotion"},{"floor":40.0,"key":"Fire Potion"},{"floor":44,"key":"PowerPotion"},{"floor":47,"key":"Regen Potion"}],"is_trial":false,"path_per_floor":["M","M","?","M","M","E","M","R","T","E","M","M","M","$","R","B",null,"M","M","M","M","M","E","M","E","T","?","E","R","E","M","R","B",null,"M","?","?","$","?","E","R","E","T","M","R","?","M","M","R","B",null],"character_chosen":"WATCHER","items_purchased":["Lee\u0027s Waffle","TungstenRod","Vajra"],"campfire_rested":4,"item_purchase_floors":[14,38,38],"current_hp_per_floor":[65,65,65,65,57,31,31,31,31,16,16,16,16,79,79,79,79,74,74,65,63,50,19,15,10,10,10,10,33,26,28,51,36,68,59,59,51,51,51,12,34,19,19,21,55,55,49,49,61,7],"gold":32,"neow_bonus":"THREE_ENEMY_KILL","is_daily":false,"chose_seed":false,"campfire_upgraded":3,"win_rate":0.0,"timestamp":1608578353,"path_taken":["M","M","?","M","M","E","?","R","T","E","M","M","M","?","R","BOSS","M","M","M","M","M","E","M","E","T","?","E","R","E","M","R","BOSS","M","?","?","?","?","E","R","E","T","M","R","?","?","M","R","BOSS"],"items_purchased_type":["Relic","Relic","Relic"],"build_version":"2020-12-13","purchased_purges":2,"victory":true,"max_hp_per_floor":[72,72,72,72,72,72,72,72,72,72,72,72,72,79,79,79,79,79,79,79,79,79,79,79,79,79,79,79,79,79,79,79,79,79,79,79,79,79,75,75,75,75,75,75,75,75,75,75,75,75],"card_choices":[{"not_picked":["FlyingSleeves","FollowUp"],"picked":"Evaluate","floor":1.0},{"not_picked":["ClearTheMind","EmptyMind"],"picked":"WindmillStrike","floor":2.0},{"not_picked":["Halt","CrushJoints"],"picked":"CutThroughFate","floor":4.0},{"not_picked":["SashWhip","Protect","Consecrate"],"picked":"SKIP","floor":5.0},{"not_picked":["Wallop","FlurryOfBlows"],"picked":"ReachHeaven","floor":6.0},{"not_picked":["EmptyFist","Evaluate","ClearTheMind"],"picked":"SKIP","floor":7.0},{"not_picked":["WheelKick","PathToVictory+1"],"picked":"DeusExMachina+1","floor":10.0},{"not_picked":["Crescendo+1","WindmillStrike"],"picked":"EmptyBody+1","floor":11.0},{"not_picked":["Halt+1","Vengeance+1","Adaptation"],"picked":"SKIP","floor":12.0},{"not_picked":["FlyingSleeves","MentalFortress","BowlingBash"],"picked":"SKIP","floor":13.0},{"not_picked":["EmptyBody+1","Crescendo+1","Adaptation+1"],"picked":"SKIP","floor":18.0},{"not_picked":["FlurryOfBlows","JustLucky"],"picked":"Weave","floor":19.0},{"not_picked":["ClearTheMind+1","Crescendo+1","BattleHymn+1"],"picked":"SKIP","floor":20.0},{"not_picked":["SandsOfTime","Vengeance+1","SashWhip"],"picked":"SKIP","floor":21.0},{"not_picked":["Protect+1","ClearTheMind+1"],"picked":"Weave+1","floor":22.0},{"not_picked":["Blasphemy+1","BattleHymn"],"picked":"ReachHeaven","floor":23.0},{"not_picked":["Consecrate","Pray+1"],"picked":"PathToVictory+1","floor":24.0},{"not_picked":["FlyingSleeves","EmptyFist"],"picked":"ClearTheMind+1","floor":25.0},{"not_picked":["CrushJoints","Wish+1"],"picked":"ThirdEye+1","floor":28.0},{"not_picked":["WindmillStrike+1","Prostrate+1","InnerPeace+1"],"picked":"SKIP","floor":30.0},{"not_picked":["Prostrate+1","Pray+1","Collect+1"],"picked":"SKIP","floor":31.0},{"not_picked":["Establishment","Devotion"],"picked":"DevaForm","floor":33.0},{"not_picked":["EmptyFist","Worship+1","EmptyBody+1"],"picked":"SKIP","floor":35.0},{"not_picked":["Master of Strategy+1","Flash of Steel"],"picked":"Mayhem","floor":36.0},{"not_picked":["ForeignInfluence+1","EmptyFist+1","Vengeance+1"],"picked":"SKIP","floor":40.0},{"not_picked":["LessonLearned","WindmillStrike","JustLucky+1"],"picked":"SKIP","floor":42.0},{"not_picked":["FlurryOfBlows","Prostrate+1","WreathOfFlame+1"],"picked":"SKIP","floor":44},{"not_picked":["Halt+1","BattleHymn","Consecrate+1"],"picked":"SKIP","floor":47},{"not_picked":["Meditate+1","EmptyBody+1","Consecrate+1"],"picked":"SKIP","floor":48}],"player_experience":1555124,"relics_obtained":[{"floor":6.0,"key":"The Courier"},{"floor":9.0,"key":"Toxic Egg 2"},{"floor":10.0,"key":"Bag of Marbles"},{"floor":23.0,"key":"InkBottle"},{"floor":25.0,"key":"Dead Branch"},{"floor":26.0,"key":"Centennial Puzzle"},{"floor":28.0,"key":"Whetstone"},{"floor":30.0,"key":"Blood Vial"},{"floor":37.0,"key":"Lizard Tail"},{"floor":40.0,"key":"Boot"},{"floor":42.0,"key":"War Paint"},{"floor":43.0,"key":"Eternal Feather"}],"event_choices":[{"damage_healed":0.0,"max_hp_gain":0.0,"max_hp_loss":0.0,"gold_gain":0.0,"event_name":"WeMeetAgain","player_choice":"Gave Potion","floor":3.0,"gold_loss":0.0,"damage_taken":0.0,"relics_obtained":["Letter Opener"]},{"cards_removed":["Strike_P"],"damage_healed":0.0,"max_hp_gain":0.0,"max_hp_loss":0.0,"gold_gain":0.0,"event_name":"Beggar","player_choice":"Gave Gold","floor":27.0,"gold_loss":75.0,"damage_taken":0.0},{"damage_healed":0.0,"max_hp_gain":0.0,"max_hp_loss":0.0,"gold_gain":0.0,"event_name":"SensoryStone","player_choice":"Memory 1","floor":36.0,"gold_loss":0.0,"damage_taken":0.0},{"damage_healed":0.0,"max_hp_gain":0.0,"max_hp_loss":0.0,"gold_gain":0.0,"event_name":"MindBloom","player_choice":"Fight","floor":37.0,"gold_loss":0.0,"damage_taken":0.0},{"damage_healed":0.0,"max_hp_gain":0.0,"max_hp_loss":4.0,"gold_gain":0.0,"event_name":"Winding Halls","player_choice":"Max HP","floor":39.0,"gold_loss":0.0,"damage_taken":0.0},{"damage_healed":0,"gold_gain":0,"player_choice":"Paid","damage_taken":0,"relics_obtained":["Red Mask"],"max_hp_gain":0,"max_hp_loss":0,"event_name":"Tomb of Lord Red Mask","floor":46,"gold_loss":244}],"is_beta":false,"boss_relics":[{"not_picked":["Runic Dome","Pandora\u0027s Box"],"picked":"Runic Pyramid"},{"not_picked":["Snecko Eye","Coffee Dripper"],"picked":"Philosopher\u0027s Stone"}],"items_purged_floors":[14,38],"is_endless":false,"potions_floor_spawned":[1,2,7,10,13,20,21,23,25,28,40,44,47],"ascension_level":11}}