{"host":"omov159tyjzan9wn","time":1608587142,"event":{"mods":["2.2 Compatiblity","AchievementEnabler","Aspiration","BaseMod","Better Note","BetterRewards","Colored Powertips","Downfall","Friendly Minions","Googly Eyes","Hermit","Highlight Path","Hubris","KinomotoSakuraMod(????)","Kiyohime????","Koishi","Lobotomy","Mad Scientist","Marisa????????","Minty Spire (QoL Compilation)","Prisma Mod","Quick Restart","Remilia??????","Replay The Spire","Shop Mod","StSLib","The Administrix","The Animator","The Bug Knight","The Cursed","The Hierophant","The IronCluck","The Mystic","The Servant 0.9.4","Yohane!","everything is the same but u backflip on backflip"],"gold_per_floor":[118,4,4,19,19,19,50,50,74,38,53,66,66,66,66,161,161,174,187,198,213,213,213,213],"floor_reached":23,"playtime":2019,"items_purged":["Strike_MRS"],"score":216,"play_id":"cf1989b1-2364-43ce-a61b-460da266e144","local_time":"20201221214542","is_ascension_mode":false,"campfire_choices":[{"data":"OortCloud","floor":6.0,"key":"SMITH"},{"data":"MysteriousBeam","floor":13,"key":"SMITH"},{"data":"ManaRampage","floor":15,"key":"SMITH"}],"circlet_count":0,"master_deck":["Strike_MRS","Strike_MRS","Strike_MRS","Defend_MRS","Defend_MRS","Defend_MRS","Defend_MRS","MasterSpark","UpSweep","FairyFestival","MysteriousBeam+1","OortCloud+1","StarBarrage","Laetitia","ManaRampage+1","6A+1","Murderer","SporeBomb","UniverseFragment","OrrerysSun","OortCloud+1","FinalSpark","SprinkleStarSeal","DreamingCurrent","Acceleration","6A+1","MilkyWay","CrumblingArmor","Adrenaline+1"],"relics":["MiniHakkero","CogitoBucket","Happy Flower","hubris:Icosahedron","Smiling Mask","Bird Faced Urn","aspiration:PocketMushroom","hubris:Towel","Mango","Calipers","Snecko Eye","Membership Card","The Courier"],"acts_visited":["Exordium","TheCity"],"potions_floor_usage":[7,7,7,12,16,19,23],"damage_taken":[{"damage":1.0,"enemies":"Cultist","floor":1.0,"turns":3.0},{"damage":1.0,"enemies":"Small Slimes","floor":4.0,"turns":3.0},{"damage":0,"enemies":"Gremlin Nob","floor":7,"turns":3},{"damage":0,"enemies":"2 Louse","floor":11,"turns":3},{"damage":20,"enemies":"Large Slime","floor":12,"turns":4},{"damage":36,"enemies":"Fading Forest","floor":16,"turns":11},{"damage":13,"enemies":"Chosen","floor":18,"turns":2},{"damage":31,"enemies":"Centurion and Healer","floor":19,"turns":3},{"damage":10,"enemies":"Shelled Parasite and Fungi","floor":20,"turns":2},{"damage":55,"enemies":"Cultist and Chosen","floor":21,"turns":5},{"damage":32,"enemies":"Book of Stabbing","floor":23,"turns":3}],"seed_played":"2330034178187038837","potions_obtained":[{"floor":4.0,"key":"sneckomod:MuddlingPotion"},{"floor":12,"key":"SmokeBomb"},{"floor":18,"key":"AttackPotion"},{"floor":19,"key":"Guardian:BlockOnCardUsePotion"},{"floor":21,"key":"GamblersBrew"}],"is_trial":false,"path_per_floor":["M","$","?","M","?","R","E","?","T","$","M","M","R","?","R","B",null,"M","M","M","M","?","E"],"character_chosen":"MARISA","items_purchased":["OortCloud","6A+1"],"campfire_rested":0,"item_purchase_floors":[2,10],"current_hp_per_floor":[74,74,74,74,74,74,75,75,75,75,75,55,55,69,69,46,89,77,56,56,9,9,0,0],"gold":213,"neow_bonus":"","is_daily":false,"chose_seed":false,"campfire_upgraded":3,"win_rate":0.0,"timestamp":1608587142,"path_taken":["M","?","?","M","?","R","E","?","T","$","?","?","R","?","R","BOSS","M","M","M","M","?","E"],"items_purchased_type":["Card","Card"],"build_version":"2020-12-13","purchased_purges":1,"victory":false,"max_hp_per_floor":[75,75,75,75,75,75,75,75,75,75,75,75,75,89,89,89,89,89,89,89,89,89,89,89],"card_choices":[{"not_picked":["PunishingBird","VoidDream"],"picked":"FairyFestival","floor":1.0},{"not_picked":["GravityBeat","Singularity"],"picked":"MysteriousBeam","floor":1.0},{"not_picked":["StarlightTyphoon","MeteoricShower"],"picked":"StarBarrage","floor":4.0},{"not_picked":["SpiderBud","OSAHOGD"],"picked":"Laetitia","floor":7},{"not_picked":["MeteoricShower","PowerUp"],"picked":"ManaRampage","floor":7},{"not_picked":["BigBird","Bloodbath"],"picked":"Murderer","floor":11},{"not_picked":["MysteriousBeam","CollectingQuirk"],"picked":"SporeBomb","floor":11},{"not_picked":["CrumblingArmor","Variant"],"picked":"UniverseFragment","floor":12},{"not_picked":["MysteriousBeam","6A"],"picked":"OrrerysSun","floor":12},{"not_picked":["JA","SuperNova"],"picked":"FinalSpark","floor":16},{"not_picked":["ManaConvection","WitchLeyline"],"picked":"SprinkleStarSeal","floor":18},{"not_picked":["RedShoes","Variant"],"picked":"DreamingCurrent","floor":18},{"not_picked":["EscapeVelocity","Robbery"],"picked":"Acceleration","floor":19},{"not_picked":["NonDirectionalLaser","GravityBeat"],"picked":"6A+1","floor":20},{"not_picked":["NonDirectionalLaser","WitchOfGreed"],"picked":"MilkyWay","floor":21},{"not_picked":["Wellcheers","BlueStar"],"picked":"CrumblingArmor","floor":21}],"player_experience":79167,"relics_obtained":[{"floor":7,"key":"Smiling Mask"},{"floor":7,"key":"Bird Faced Urn"},{"floor":9,"key":"aspiration:PocketMushroom"}],"event_choices":[{"damage_healed":0.0,"max_hp_gain":0.0,"max_hp_loss":0.0,"gold_gain":0.0,"event_name":"Big Fish","player_choice":"Box","floor":3.0,"gold_loss":0.0,"damage_taken":0.0,"relics_obtained":["Happy Flower"],"cards_obtained":["Regret"]},{"damage_healed":0,"gold_gain":0,"player_choice":"Bought 0 Potions","damage_taken":0,"max_hp_gain":0,"max_hp_loss":0,"event_name":"The Woman in Blue","floor":8,"gold_loss":0},{"cards_removed":["OortCloud"],"damage_healed":0,"gold_gain":0,"player_choice":"Take \u0026 Give","damage_taken":0,"max_hp_gain":0,"max_hp_loss":0,"event_name":"betterNote:BetterNote","floor":22,"gold_loss":0,"cards_obtained":["Adrenaline"]}],"is_beta":false,"boss_relics":[{"not_picked":["SacredBark","Kintsugi"],"picked":"Snecko Eye"}],"items_purged_floors":[2],"is_endless":false,"potions_floor_spawned":[4,12,18,19,21],"killed_by":"Book of Stabbing","ascension_level":0}}