{"host":"hfvpa4llnnjpeawn","time":1608582881,"event":{"mods":["2.2 Compatiblity","AchievementEnabler","Act Like it!","Aspiration","Bard","BaseMod","Beaked The Cultist","Better Sensory Stone","Better Skull","Better Third Choice","BetterRewards","CapriCore","Conspire","Downfall","Elementarium","Energized Spire","Hubris","Infinite Spire","Jorbs\u0027s Wanderer Trilogy","Lobotomy","LobotomyExtend","Minty Spire (QoL Compilation)","Replay The Spire","Shade Mod","Spicy Shops","StSLib","The Bladedancer","The Factory","The Gatherer","The Jungle","Waifu the Spire","Wandering Minibosses"],"gold_per_floor":[113,128,80,80,96,126,126,126,126,140,150,150,60,77,77,182,182,196,304,304,315,326,359,369,383,383,383,410,410,40,65,65,170,120,137,137,137,137],"floor_reached":37,"playtime":1936,"items_purged":["Amnesia"],"score":433,"play_id":"03d8256d-62c9-4e6f-8c99-318dda8e2bf2","local_time":"20201221153441","is_ascension_mode":true,"campfire_choices":[{"floor":8,"key":"REST"},{"data":"Venomology","floor":12,"key":"SMITH"},{"data":"Deadly Poison","floor":15,"key":"SMITH"},{"floor":27,"key":"REST"},{"floor":32,"key":"REST"}],"circlet_count":0,"master_deck":["Strike_G+1","Strike_G","Strike_G","Strike_G+1","Strike_G","Defend_G","Defend_G","Defend_G","Defend_G","Defend_G","Survivor","Neutralize","Glass Knife","Blade Dance","Masterful Stab","PiercingWail","Regret","Dagger Spray","Venomology+1","Cloak And Dagger","Deadly Poison+1","A Thousand Cuts","hubris:Fate","Prepared+1","conspire:DoublingDagger","Accuracy+1","Caltrops","Toxin Wave","Poisoned Stab+1","Spreading Infection","Parasite","Noxious Fumes","hubris:SlightOfHand","Blade Dance","Poison Darts","Blade Dance","Noxious Fumes","Blade Dance+1","Atom Bomb","Strike_G","Replay:Fractal Strike","Deadly Poison+1"],"relics":["Ring of the Snake","Replay:Bottled Steam","Mango","Whetstone","Vampiric Spirits","beaked:SacredDeck","Vajra","hubris:TinFlute","infinitespire:CheckeredPen","Onion Ring","Snake Skull","Orrery","PreservedInsect","energizedSpire:HugeHouse"],"acts_visited":["Exordium","Exordium","TheBeyond"],"potions_floor_usage":[2,6,14,14,16,23,23,23,25,25,28,31],"damage_taken":[{"damage":1,"enemies":"Cultist","floor":1,"turns":3},{"damage":9,"enemies":"Jaw Worm","floor":2,"turns":2},{"damage":0,"enemies":"Small Slimes","floor":5,"turns":3},{"damage":29,"enemies":"Lagavulin","floor":6,"turns":6},{"damage":0,"enemies":"Red Slaver","floor":10,"turns":1},{"damage":3,"enemies":"Lots of Slimes","floor":11,"turns":2},{"damage":2,"enemies":"Exordium Thugs","floor":14,"turns":3},{"damage":67,"enemies":"Slime Boss","floor":16,"turns":11},{"damage":11,"enemies":"Elementarium:MUD_AND_TAR_GOLEMS","floor":18,"turns":5},{"damage":0,"enemies":"Elementarium:2_ELEMENTALS","floor":21,"turns":3},{"damage":10,"enemies":"Elementarium:STONE_GOLEMS","floor":22,"turns":5},{"damage":29,"enemies":"Elementarium:FIRE_NOBILITY","floor":23,"turns":8},{"damage":24,"enemies":"Elementarium:Hydrostalker","floor":24,"turns":5},{"damage":14,"enemies":"Elementarium:3_ELEMENTALS","floor":25,"turns":3},{"damage":26,"enemies":"Elementarium:ElementalPortal","floor":28,"turns":5},{"damage":0,"enemies":"Nightmare","floor":31,"turns":1},{"damage":0,"enemies":"Elementarium:PHOENIXES","floor":33,"turns":1},{"damage":55,"enemies":"3 Shapes","floor":35,"turns":4}],"seed_played":"5203013163819803048","potions_obtained":[{"floor":1,"key":"SteroidPotion"},{"floor":2,"key":"AttackPotion"},{"floor":10,"key":"champ:CounterPotion"},{"floor":18,"key":"SteroidPotion"},{"floor":21,"key":"PowerPotion"},{"floor":23,"key":"CunningPotion"}],"is_trial":false,"path_per_floor":["M","M","$","?","M","E","?","R","T","M","M","R","$","M","R","B",null,"M","?","AVR","M","M","E","M","M","T","R","E","?","$","NM","R","B",null,"M","AVR","?"],"character_chosen":"THE_SILENT","items_purchased":["PiercingWail","Vampiric Spirits","Snake Skull","Noxious Fumes","Orrery"],"campfire_rested":3,"item_purchase_floors":[3,13,30,30,30],"current_hp_per_floor":[69,60,60,60,60,45,45,70,70,70,67,67,67,70,70,5,84,73,45,45,53,45,31,15,9,9,34,10,10,10,10,35,35,79,24,24,0,0],"gold":137,"neow_bonus":"THREE_RARE_CARDS","is_daily":false,"chose_seed":false,"campfire_upgraded":2,"win_rate":0.0,"timestamp":1608582881,"path_taken":["M","?","$","?","M","E","?","R","T","?","M","R","$","?","R","BOSS","M","?","AVR","M","?","E","M","M","T","R","E","?","$","NM","R","BOSS","M","AVR","?"],"items_purchased_type":["Card","Relic","Relic","Card","Relic"],"build_version":"2020-12-13","purchased_purges":1,"victory":false,"max_hp_per_floor":[70,70,70,70,70,84,84,84,84,84,84,84,84,84,84,84,84,84,84,84,84,84,84,84,84,84,84,84,84,84,84,84,84,79,79,79,79,79],"card_choices":[{"not_picked":["Burst","Wraith Form v2"],"picked":"Glass Knife","floor":0},{"not_picked":["Flying Knee","conspire:DoublingDagger"],"picked":"Blade Dance","floor":1},{"not_picked":["Dagger Spray","Flechettes"],"picked":"Masterful Stab","floor":2},{"not_picked":["Outmaneuver","Choke"],"picked":"Dagger Spray","floor":5},{"not_picked":["Heel Hook","conspire:DoublingDagger"],"picked":"A Thousand Cuts","floor":6},{"not_picked":["Calculated Gamble","Deflect"],"picked":"Cloak And Dagger","floor":10},{"not_picked":["Cloak And Dagger","Acrobatics","PiercingWail"],"picked":"SKIP","floor":11},{"not_picked":["Leg Sweep","PiercingWail"],"picked":"Deadly Poison","floor":14},{"not_picked":["ReplayTheSpireMod:From All Sides","Venomology"],"picked":"A Thousand Cuts","floor":16},{"not_picked":["hubris:SlightOfHand","Footwork"],"picked":"Prepared+1","floor":18},{"not_picked":["Slice","ReplayTheSpireMod:Shiv Toss+1"],"picked":"conspire:DoublingDagger","floor":21},{"not_picked":["Setup","Tactician","Outmaneuver"],"picked":"SKIP","floor":22},{"not_picked":["hubris:TrickCloak+1","Acrobatics"],"picked":"Accuracy+1","floor":23},{"not_picked":["Outmaneuver+1","Dagger Spray"],"picked":"Caltrops","floor":24},{"not_picked":["Sneak Up","Endless Agony"],"picked":"Toxin Wave","floor":25},{"not_picked":["Corpse Explosion","Fluid Movement"],"picked":"Poisoned Stab+1","floor":28},{"not_picked":["Replay:Fractal Strike","ReplayTheSpireMod:Echoes of Time"],"picked":"infinitespire:SealOfDarkness+","floor":29},{"not_picked":["Underhanded Strike","Sneak Up"],"picked":"hubris:SlightOfHand","floor":30},{"not_picked":["Underhanded Strike","Deflect+1"],"picked":"Blade Dance","floor":30},{"not_picked":["Slice","Deadly Poison"],"picked":"Poison Darts","floor":30},{"not_picked":["Underhanded Strike+1","Deadly Poison"],"picked":"Blade Dance","floor":30},{"not_picked":["Prepared+1","Bane"],"picked":"Noxious Fumes","floor":30},{"not_picked":["Acrobatics","hubris:SlightOfHand"],"picked":"Blade Dance+1","floor":31},{"not_picked":["Unload","Tools of the Trade"],"picked":"Atom Bomb","floor":33},{"not_picked":["Backstab","Flying Knee+1"],"picked":"Deadly Poison+1","floor":35}],"player_experience":302548,"relics_obtained":[{"floor":6,"key":"Mango"},{"floor":9,"key":"Whetstone"},{"floor":23,"key":"hubris:TinFlute"},{"floor":26,"key":"infinitespire:CheckeredPen"},{"floor":28,"key":"Onion Ring"},{"floor":31,"key":"PreservedInsect"}],"event_choices":[{"damage_healed":0,"gold_gain":0,"player_choice":"Box","damage_taken":0,"relics_obtained":["Replay:Bottled Steam"],"max_hp_gain":0,"max_hp_loss":0,"event_name":"Big Fish","floor":4,"gold_loss":0,"cards_obtained":["Regret"]},{"damage_healed":0,"gold_gain":0,"cards_transformed":["A Thousand Cuts"],"player_choice":"Transformed","damage_taken":0,"max_hp_gain":0,"max_hp_loss":0,"event_name":"Transmorgrifier","floor":7,"gold_loss":0,"cards_obtained":["Venomology"]},{"damage_healed":0,"gold_gain":108,"player_choice":"GO RE ","damage_taken":31,"relics_obtained":["Vajra"],"max_hp_gain":0,"max_hp_loss":0,"event_name":"betterSkull:BetterSkull","floor":19,"gold_loss":0,"cards_upgraded":[]}],"is_beta":false,"boss_relics":[{"not_picked":["Runic Pyramid","infinitespire:Cupcake"],"picked":"beaked:SacredDeck"},{"not_picked":["Velvet Choker","energizedSpire:MagnifyingGlass"],"picked":"energizedSpire:HugeHouse"}],"items_purged_floors":[36],"is_endless":true,"potions_floor_spawned":[1,2,10,18,21,23,35],"ascension_level":2}}