{"host":"njruw0b0uprlitpx","time":1608522472,"event":{"mods":["2.2 Compatiblity","BaseMod","Better Altar","Better Match","Better Note","Better Sensory Stone","Better Skull","Better Third Choice","Block Reminder","Colored Map","Colored Powertips","Downfall","Energized Spire","Jedi Mod","Keyboard Shortcuts","Minty Spire (QoL Compilation)","Quick Restart","Relic Stats","Replay The Spire","SacredBarkPlus","Spicy Shops","StSLib","SuperFastMode"],"gold_per_floor":[109,109,127,127,5,5,49,63,63,96,3,28,28,47,47,171,171,171,171],"floor_reached":18,"playtime":566,"items_purged":[],"score":264,"play_id":"c26fd57a-55cb-47d9-9d78-75899840e502","local_time":"20201220214752","is_ascension_mode":true,"campfire_choices":[{"floor":6.0,"key":"REST"},{"data":"Establishment","floor":13.0,"key":"SMITH"},{"data":"LikeWater","floor":13.0,"key":"SMITH"},{"data":"Protect","floor":15.0,"key":"SMITH"},{"data":"Halt","floor":15.0,"key":"SMITH"}],"circlet_count":0,"master_deck":["Strike_P","Strike_P","Strike_P","Defend_P","Defend_P","Defend_P","Eruption+1","Vigilance","Halt+1","LikeWater+1","ClearTheMind","InnerPeace","FollowUp","Parasite","JustLucky+1","TalkToTheHand+1","Protect+1","Establishment+1","Replay:Hum","Omniscience"],"relics":["PureWater","SacredBark","Empty Cage","Cursed Key","Golden Idol","Replay:Arrowhead","Gremlin Horn","Replay:Bottled Steam","Molten Egg 2","Cursed Key"],"acts_visited":["Exordium","TheCity"],"potions_floor_usage":[],"damage_taken":[{"damage":0.0,"enemies":"Small Slimes","floor":1.0,"turns":3.0},{"damage":0.0,"enemies":"Jaw Worm","floor":3.0,"turns":3.0},{"damage":4.0,"enemies":"Lagavulin","floor":7.0,"turns":7.0},{"damage":0.0,"enemies":"Cultist","floor":8.0,"turns":3.0},{"damage":0.0,"enemies":"Gremlin Nob","floor":10.0,"turns":2.0},{"damage":0.0,"enemies":"Exordium Wildlife","floor":12.0,"turns":4.0},{"damage":3.0,"enemies":"Blue Slaver","floor":14.0,"turns":5.0},{"damage":27,"enemies":"Slime Boss","floor":16,"turns":7},{"damage":74,"enemies":"3 Byrds","floor":18,"turns":5}],"seed_played":"-2392569625612202522","potions_obtained":[{"floor":1.0,"key":"Milkshake"},{"floor":7.0,"key":"jedi:StrikingPotion"},{"floor":12.0,"key":"sneckomod:MuddlingPotion"},{"floor":14.0,"key":"SpeedPotion"}],"is_trial":false,"path_per_floor":["M","?","M","?","$","R","E","M","T","E","$","M","R","M","R","B",null,"M"],"character_chosen":"WATCHER","items_purchased":["ClearTheMind","Replay:Arrowhead","TalkToTheHand+1","Protect"],"campfire_rested":1,"item_purchase_floors":[5,5,11,11],"current_hp_per_floor":[72,54,54,54,54,72,68,68,68,68,68,68,68,65,65,38,72,0,0],"gold":171,"neow_bonus":"DOUBLE_BOSS_RELIC","is_daily":false,"chose_seed":false,"campfire_upgraded":4,"win_rate":0.0,"timestamp":1608522472,"path_taken":["M","?","M","?","$","R","E","M","T","E","$","?","R","M","R","BOSS","M"],"items_purchased_type":["Card","Relic","Card","Card"],"build_version":"2020-12-13","purchased_purges":0,"victory":false,"max_hp_per_floor":[72,72,72,72,72,72,72,72,72,72,72,72,72,72,72,72,72,72,72],"relic_stats":{"Gremlin Horn":[3,3],"counters":[9,39],"Golden Idol":57,"Cursed Key":1,"obtain_stats":[{"Gremlin Horn":7,"Golden Idol":2,"SacredBark":0,"Molten Egg 2":10,"PureWater":0,"Empty Cage":0,"Cursed Key":0,"Replay:Arrowhead":5,"Replay:Bottled Steam":9,"Runic Pyramid":17},{"Gremlin Horn":3,"Golden Idol":1,"SacredBark":0,"Molten Egg 2":5,"PureWater":0,"Empty Cage":0,"Cursed Key":0,"Replay:Arrowhead":2,"Replay:Bottled Steam":4,"Runic Pyramid":8},{"Gremlin Horn":13,"Golden Idol":3,"SacredBark":0,"Molten Egg 2":18,"PureWater":0,"Empty Cage":0,"Cursed Key":0,"Replay:Arrowhead":6,"Replay:Bottled Steam":16,"Runic Pyramid":34}]},"card_choices":[{"not_picked":["CarveReality","SandsOfTime"],"picked":"Halt","floor":1.0},{"not_picked":["WreathOfFlame","Consecrate"],"picked":"LikeWater","floor":3.0},{"not_picked":["WheelKick","Replay:ManipulateFuture"],"picked":"InnerPeace","floor":7.0},{"not_picked":["JustLucky","Study"],"picked":"FollowUp","floor":8.0},{"not_picked":["PathToVictory","Study"],"picked":"JustLucky+1","floor":10.0},{"not_picked":["Prostrate","Crescendo"],"picked":"Establishment","floor":12.0},{"not_picked":["JustLucky+1","PathToVictory"],"picked":"Replay:Hum","floor":14.0},{"not_picked":["Replay:LoomingThreat","Wish"],"picked":"Omniscience","floor":16}],"player_experience":1385202,"relics_obtained":[{"floor":7.0,"key":"Gremlin Horn"},{"floor":9.0,"key":"Replay:Bottled Steam"},{"floor":10.0,"key":"Molten Egg 2"}],"event_choices":[{"damage_healed":0.0,"max_hp_gain":0.0,"max_hp_loss":0.0,"gold_gain":0.0,"event_name":"Golden Idol","player_choice":"Take Damage","floor":2.0,"gold_loss":0.0,"damage_taken":18.0,"relics_obtained":["Golden Idol"]},{"damage_healed":0.0,"max_hp_gain":0.0,"max_hp_loss":0.0,"gold_gain":0.0,"event_name":"Living Wall","player_choice":"Grow","floor":4.0,"gold_loss":0.0,"damage_taken":0.0,"cards_upgraded":["Eruption"]}],"is_beta":false,"boss_relics":[{"not_picked":["Replay:Drink Me","Coffee Dripper"],"picked":"Runic Pyramid"}],"items_purged_floors":[],"is_endless":false,"potions_floor_spawned":[1,7,12,14],"killed_by":"3 Byrds","ascension_level":4}}