{"host":"dndimm0zu2cyprm4","time":1608546253,"event":{"mods":["BaseMod","BetterRewards","Colored Map","Downfall","Marisa£®ÏF”Í°°ƒß¿Ì…≥£©","Minty Spire (QoL Compilation)","Remilia£®¿Ÿ√◊¿Ú—«£©","Replay The Spire","Shop Mod","StSLib","The Construct","The Cursed","The Runesmith","The Servant 0.9.4"],"gold_per_floor":[115,115,115,65,81,115,115,130,156,186,18,30,30,41,41,137,137,147,166,166,166,21,21,55,55,55],"floor_reached":25,"playtime":1586,"items_purged":[],"score":254,"play_id":"b4992f63-1301-4a02-890d-10c05a6974ff","local_time":"20201221182413","is_ascension_mode":false,"campfire_choices":[{"data":"Runesmith:PoweredAnvil","floor":7,"key":"SMITH"},{"data":"Runesmith:Repurpose","floor":13,"key":"SMITH"},{"data":"Runesmith:Defend_RS","floor":15,"key":"PURGE"},{"data":"Runesmith:Discharge","floor":23,"key":"SMITH"}],"circlet_count":0,"master_deck":["Runesmith:Strike_RS","Runesmith:Strike_RS","Runesmith:Strike_RS","Runesmith:Defend_RS","Runesmith:Defend_RS","Runesmith:Defend_RS","Runesmith:CraftFirestone","Runesmith:Fortify","Runesmith:PoweredAnvil+1","Runesmith:Repurpose+1","Runesmith:CraftProtectio","Runesmith:Discharge+1","Runesmith:CraftMagma","Runesmith:RuneHurl","Runesmith:RunicBlueprint","Runesmith:OneForEveryone","Runesmith:ReplicatingBarrier","Runesmith:ElementalConversion"],"relics":["Runesmith:BrokenRuby","NeowsBlessing","Simple Rune","Dream Catcher","Replay:Kaleidoscope","Strange Spoon","Replay:Bronze Core","ReplayTheSpireMod:Ring of Collecting","Ring of Panic","Runesmith:EmergencyProvisions","Bag of Marbles"],"acts_visited":["Exordium","TheCity"],"potions_floor_usage":[16,16,16,24],"damage_taken":[{"damage":0,"enemies":"Small Slimes","floor":1,"turns":2},{"damage":0,"enemies":"2 Louse","floor":5,"turns":1},{"damage":0,"enemies":"3 Sentries","floor":6,"turns":3},{"damage":0,"enemies":"Jaw Worm","floor":8,"turns":4},{"damage":7,"enemies":"Lagavulin","floor":10,"turns":8},{"damage":3,"enemies":"3 Louse","floor":12,"turns":3},{"damage":12,"enemies":"Looter","floor":14,"turns":4},{"damage":14,"enemies":"Fading Forest","floor":16,"turns":11},{"damage":25,"enemies":"3 Byrds","floor":18,"turns":7},{"damage":3,"enemies":"Chosen","floor":19,"turns":5},{"damage":31,"enemies":"Slavers","floor":24,"turns":7},{"damage":14,"enemies":"Snake Plant","floor":25,"turns":2}],"seed_played":"1635987312468722616","potions_obtained":[{"floor":5,"key":"Strength Potion"},{"floor":6,"key":"Dexterity Potion"},{"floor":10,"key":"Explosive Potion"},{"floor":18,"key":"BlessingOfTheForge"}],"is_trial":false,"path_per_floor":["M","?","?","?","M","E","R","M","T","E","$","M","R","M","R_BF","B",null,"M","M","?","?","$","R","E","M"],"character_chosen":"RUNESMITH_CLASS","items_purchased":["Strange Spoon","Runesmith:RuneHurl","Runesmith:EmergencyProvisions"],"campfire_rested":0,"item_purchase_floors":[11,11,22],"current_hp_per_floor":[70,70,70,70,70,70,70,70,70,63,63,60,60,48,48,44,70,45,42,42,42,42,42,11,0,0],"gold":55,"neow_bonus":"THREE_ENEMY_KILL","is_daily":false,"chose_seed":false,"campfire_upgraded":3,"win_rate":0.0,"timestamp":1608546253,"path_taken":["M","?","?","?","?","E","R","M","T","E","$","M","R","M","R_BF","BOSS","M","M","?","?","$","R","E","M"],"items_purchased_type":["Relic","Card","Relic"],"build_version":"2020-12-13","purchased_purges":0,"victory":false,"max_hp_per_floor":[70,70,70,70,70,70,70,70,70,70,70,70,70,70,70,70,70,70,70,70,70,70,70,70,70,70],"card_choices":[{"not_picked":["Runesmith:UnstableHammer","Runesmith:ChiselStab"],"picked":"Runesmith:PoweredAnvil","floor":1},{"not_picked":["Runesmith:FieryHammer","Runesmith:ShiftingStrike"],"picked":"Runesmith:Repurpose","floor":5},{"not_picked":["Runesmith:ChiselStab","Runesmith:Empowerment"],"picked":"Runesmith:CraftProtectio","floor":6},{"not_picked":["Runesmith:Retool","Runesmith:Overpower"],"picked":"Runesmith:Discharge","floor":8},{"not_picked":["Runesmith:MakeshiftArmor","Runesmith:Repurpose"],"picked":"Runesmith:CraftMagma","floor":10},{"not_picked":["Runesmith:Repurpose","Runesmith:HammerThrow"],"picked":"Runesmith:RunicBlueprint","floor":12},{"not_picked":["Runesmith:EnergizedChisel","Runesmith:CraftMagma"],"picked":"Runesmith:OneForEveryone","floor":14},{"not_picked":["Runesmith:LastStand","Runesmith:DuctTape"],"picked":"Runesmith:ReplicatingBarrier","floor":16},{"not_picked":["Runesmith:Retool","Runesmith:Repurpose"],"picked":"Runesmith:ElementalConversion","floor":18},{"not_picked":["Runesmith:RuneHurl+1","Runesmith:Grindstone","Runesmith:Prism+1"],"picked":"SKIP","floor":19},{"not_picked":["Runesmith:ReplicatingBarrier","Runesmith:CraftProtectio","Runesmith:EnergizedChisel"],"picked":"SKIP","floor":24}],"player_experience":100869,"relics_obtained":[{"floor":6,"key":"Simple Rune"},{"floor":9,"key":"Dream Catcher"},{"floor":10,"key":"Replay:Kaleidoscope"},{"floor":20,"key":"ReplayTheSpireMod:Ring of Collecting"},{"floor":20,"key":"Ring of Panic"},{"floor":24,"key":"Bag of Marbles"}],"event_choices":[{"damage_healed":0,"gold_gain":0,"player_choice":"Ignored","damage_taken":0,"max_hp_gain":0,"max_hp_loss":0,"event_name":"Liars Game","floor":3,"gold_loss":0},{"cards_removed":["Runesmith:Strike_RS"],"damage_healed":0,"gold_gain":0,"player_choice":"Card Removal","damage_taken":0,"max_hp_gain":0,"max_hp_loss":0,"event_name":"The Cleric","floor":4,"gold_loss":50},{"damage_healed":0,"gold_gain":0,"player_choice":"Simplicity","damage_taken":0,"max_hp_gain":0,"max_hp_loss":0,"event_name":"Back to Basics","floor":21,"gold_loss":0,"cards_upgraded":["Runesmith:Strike_RS","Runesmith:Strike_RS","Runesmith:Strike_RS","Runesmith:Defend_RS","Runesmith:Defend_RS","Runesmith:Defend_RS"]}],"is_beta":false,"boss_relics":[{"not_picked":["Kintsugi","Replay:Ancient Bell"],"picked":"Replay:Bronze Core"}],"items_purged_floors":[],"is_endless":false,"potions_floor_spawned":[5,6,10,12,18],"killed_by":"Snake Plant","ascension_level":0}}