{"host":"a1bw7lw6d0kskskg","time":1608511444,"event":{"mods":["AchievementEnabler","BaseMod","Better Note","Better Skull","Block Reminder","Colored Map","Colored Powertips","Koishi","Minty Spire (QoL Compilation)","Quick Restart","Rare Cards Sparkle","Relic Stats","StSLib","The IronCluck","Waifu the Spire","everything is the same but u backflip on backflip","slay the spire mod where everything is the same but ironclad has a cowboy hat"],"gold_per_floor":[111,124,135,135,152,152,152,152],"floor_reached":7,"playtime":546,"items_purged":[],"score":52,"play_id":"81bd877d-8bc9-4a1f-b052-9c85a0559410","local_time":"20201221014404","is_ascension_mode":true,"campfire_choices":[],"circlet_count":0,"master_deck":["Strike_G","Strike_G","Strike_G","Strike_G","Defend_G","Defend_G","Defend_G","Defend_G","Survivor","Neutralize","Reflex","Concentrate","Cloak And Dagger","Finisher"],"relics":["Ring of the Snake","Pear"],"acts_visited":["Exordium"],"potions_floor_usage":[7],"damage_taken":[{"damage":0,"enemies":"Cultist","floor":1,"turns":4},{"damage":0,"enemies":"Small Slimes","floor":2,"turns":3},{"damage":16,"enemies":"Jaw Worm","floor":3,"turns":8},{"damage":3,"enemies":"3 Louse","floor":5,"turns":4},{"damage":77,"enemies":"3 Sentries","floor":7,"turns":22}],"seed_played":"-4497559701078733474","potions_obtained":[{"floor":3,"key":"Regen Potion"}],"is_trial":false,"path_per_floor":["M","M","M","?","M","?","E"],"character_chosen":"THE_SILENT","items_purchased":[],"campfire_rested":0,"item_purchase_floors":[],"current_hp_per_floor":[49,49,33,40,37,63,1,1],"gold":152,"neow_bonus":"REMOVE_TWO","is_daily":false,"chose_seed":false,"campfire_upgraded":0,"win_rate":0.0,"timestamp":1608511444,"path_taken":["M","?","M","?","M","?","E"],"items_purchased_type":[],"build_version":"2020-12-13","purchased_purges":0,"victory":false,"max_hp_per_floor":[70,70,70,80,80,80,80,80],"relic_stats":{"counters":[5,41],"obtain_stats":[{"Pear":4,"Ring of the Snake":0},{"Pear":3,"Ring of the Snake":0},{"Pear":15,"Ring of the Snake":0}],"Ring of the Snake":[5]},"card_choices":[{"not_picked":["Blade Dance","Quick Slash"],"picked":"Reflex","floor":1},{"not_picked":["Distraction","Backflip"],"picked":"Concentrate","floor":2},{"not_picked":["Flying Knee","Accuracy"],"picked":"Cloak And Dagger","floor":3},{"not_picked":["Endless Agony","Bane"],"picked":"Finisher","floor":5}],"player_experience":184228,"relics_obtained":[],"event_choices":[{"damage_healed":0,"gold_gain":0,"player_choice":"Success","damage_taken":3,"relics_obtained":["Pear"],"max_hp_gain":0,"max_hp_loss":0,"event_name":"Scrap Ooze","floor":4,"gold_loss":0},{"damage_healed":26,"gold_gain":0,"player_choice":"Banana","damage_taken":0,"max_hp_gain":0,"max_hp_loss":0,"event_name":"Big Fish","floor":6,"gold_loss":0}],"is_beta":false,"boss_relics":[],"items_purged_floors":[],"is_endless":false,"potions_floor_spawned":[3],"killed_by":"3 Sentries","ascension_level":4}}