{"host":"gkm149kh1ihaqy0o","time":1608525057,"event":{"mods":["AchievementEnabler","BaseMod","Colored Powertips","Googly Eyes","Key Reminder","Minty Spire (QoL Compilation)","Permanent Neow","Quick Restart","Random Character Button","Rare Cards Sparkle","Relic Sorter","Relic Stats","SuperFastMode","Unceasing Turn Reminder","everything is the same but u backflip on backflip"],"gold_per_floor":[111,125,138,138,156,181,200,200,226,45,70,89,114,125,125,222,222,234,244,244,159,183,225,237,280,367,132,132,152,186,198,198,301,301,319,330,53,66,115,144,157,157,157,157,172,172,182,213,213,213],"floor_reached":51,"playtime":2666,"items_purged":["Strike_B","Strike_B","Defend_B"],"score":1188,"play_id":"7b8f63d0-4cc4-4e7e-9357-96475332ae7b","local_time":"20201220223057","is_ascension_mode":true,"campfire_choices":[{"data":"Genetic Algorithm","floor":8,"key":"SMITH"},{"data":"Defragment","floor":15,"key":"SMITH"},{"data":"Turbo","floor":32,"key":"SMITH"},{"floor":44,"key":"REST"},{"data":"Seek","floor":46,"key":"SMITH"},{"data":"Defragment","floor":49,"key":"SMITH"}],"circlet_count":0,"master_deck":["Strike_B","Strike_B","Defend_B","Defend_B","Defend_B","Zap+1","Dualcast+1","Mayhem+1","Ball Lightning","Cold Snap","FTL","Go for the Eyes","Genetic Algorithm+1","BootSequence","Defragment+1","White Noise","Self Repair","Melter","Steam","Meteor Strike","CurseOfTheBell","Beam Cell+1","Conserve Battery+1","RitualDagger","Undo+1","Ghostly","Ghostly","Ghostly","Ghostly","Ghostly","Aggregate+1","Necronomicurse","Defragment+1","Turbo+1","Sunder","Rip and Tear+1","Creative AI","Redo+1","Seek+1","Auto Shields+1","Doom and Gloom+1","Auto Shields+1","Hologram+1","Panache","Dramatic Entrance","Sweeping Beam+1","Rebound+1","Double Energy+1","Glacier"],"relics":["Cracked Core","Ice Cream","War Paint","Akabeko","Regal Pillow","Calling Bell","Bronze Scales","Pantograph","Ginger","MawBank","Lizard Tail","Prayer Wheel","Matryoshka","ClockworkSouvenir","Necronomicon","Gremlin Horn","SlaversCollar","OrangePellets","StoneCalendar","Bag of Marbles","Omamori","Emotion Chip","Mango"],"acts_visited":["Exordium","TheCity","TheBeyond"],"potions_floor_usage":[6,6,16,23,33,33,33,33,38,38,39,48,50],"damage_taken":[{"damage":0,"enemies":"Small Slimes","floor":1,"turns":3},{"damage":1,"enemies":"Cultist","floor":2,"turns":3},{"damage":4,"enemies":"Jaw Worm","floor":3,"turns":3},{"damage":2,"enemies":"Blue Slaver","floor":5,"turns":4},{"damage":6,"enemies":"Lagavulin","floor":6,"turns":5},{"damage":2,"enemies":"2 Fungi Beasts","floor":7,"turns":3},{"damage":7,"enemies":"Gremlin Nob","floor":11,"turns":4},{"damage":0,"enemies":"Large Slime","floor":12,"turns":4},{"damage":5,"enemies":"3 Louse","floor":14,"turns":3},{"damage":0,"enemies":"Slime Boss","floor":16,"turns":9},{"damage":11,"enemies":"3 Byrds","floor":18,"turns":3},{"damage":2,"enemies":"Chosen","floor":19,"turns":4},{"damage":19,"enemies":"Snake Plant","floor":22,"turns":4},{"damage":19,"enemies":"Book of Stabbing","floor":23,"turns":5},{"damage":0,"enemies":"Gremlin Leader","floor":25,"turns":7},{"damage":1,"enemies":"Centurion and Healer","floor":29,"turns":8},{"damage":10,"enemies":"Slavers","floor":30,"turns":6},{"damage":1,"enemies":"Cultist and Chosen","floor":31,"turns":6},{"damage":18,"enemies":"Collector","floor":33,"turns":15},{"damage":21,"enemies":"3 Darklings","floor":35,"turns":7},{"damage":11,"enemies":"3 Shapes","floor":36,"turns":3},{"damage":0,"enemies":"Maw","floor":38,"turns":8},{"damage":0,"enemies":"2 Orb Walkers","floor":39,"turns":2},{"damage":11,"enemies":"Nemesis","floor":40,"turns":5},{"damage":1,"enemies":"Jaw Worm Horde","floor":41,"turns":4},{"damage":0,"enemies":"Sphere and 2 Shapes","floor":45,"turns":3},{"damage":5,"enemies":"Maw","floor":47,"turns":6},{"damage":1,"enemies":"Giant Head","floor":48,"turns":7},{"damage":15,"enemies":"Donu and Deca","floor":50,"turns":7}],"seed_played":"3112512190196676370","potions_obtained":[{"floor":1,"key":"FocusPotion"},{"floor":3,"key":"SkillPotion"},{"floor":7,"key":"FairyPotion"},{"floor":14,"key":"Explosive Potion"},{"floor":18,"key":"PotionOfCapacity"},{"floor":22,"key":"Swift Potion"},{"floor":23,"key":"Block Potion"},{"floor":30,"key":"EntropicBrew"},{"floor":31,"key":"DuplicationPotion"},{"floor":35,"key":"EssenceOfSteel"},{"floor":36,"key":"PowerPotion"},{"floor":41,"key":"Regen Potion"},{"floor":47,"key":"ColorlessPotion"}],"is_trial":false,"path_per_floor":["M","M","M","?","M","E","M","R","T","$","E","M","T","M","R","B",null,"M","M","?","?","M","E","?","E","T","$","?","M","E","M","R","B",null,"M","M","$","M","?","E","M","?","T","R","M","R","M","E","R","B",null],"character_chosen":"DEFECT","items_purchased":["Defragment","White Noise","ClockworkSouvenir","OrangePellets"],"campfire_rested":1,"item_purchase_floors":[10,10,27,37],"current_hp_per_floor":[68,67,63,63,61,55,53,53,53,53,46,53,53,55,55,62,67,63,68,62,62,43,31,31,34,34,34,18,24,21,27,27,23,31,17,13,13,34,34,23,22,12,12,34,34,34,34,48,48,48],"gold":213,"neow_bonus":"RANDOM_COLORLESS_2","is_daily":false,"chose_seed":false,"campfire_upgraded":5,"win_rate":0.0,"timestamp":1608525057,"path_taken":["M","M","M","?","M","E","?","R","T","$","E","M","?","M","R","BOSS","M","?","?","?","M","E","?","E","T","?","?","M","E","M","R","BOSS","M","M","$","M","?","E","M","?","T","R","M","R","M","E","R","BOSS"],"items_purchased_type":["Card","Card","Relic","Relic"],"build_version":"2020-12-13","purchased_purges":3,"victory":true,"max_hp_per_floor":[68,68,68,68,68,68,68,68,68,68,68,68,68,68,68,68,68,68,68,68,68,68,68,34,34,34,34,34,34,34,34,34,34,34,34,34,34,34,34,34,34,34,34,34,34,34,34,48,48,48],"relic_stats":{"Regal Pillow":12,"Gremlin Horn":[22,22],"counters":[29,151],"StoneCalendar":[102],"Ginger":[22],"War Paint":["Zap","Dualcast"],"MawBank":72,"OrangePellets":[0],"Lizard Tail":0,"Emotion Chip":[15,4,0,4,7],"Bronze Scales":[403],"Pantograph":7,"Prayer Wheel":8,"Necronomicon":[26],"obtain_stats":[{"Ice Cream":6,"Regal Pillow":13,"Gremlin Horn":30,"StoneCalendar":39,"Mango":48,"Omamori":43,"Ginger":17,"War Paint":9,"MawBank":21,"Akabeko":11,"ClockworkSouvenir":27,"Calling Bell":17,"SlaversCollar":34,"OrangePellets":37,"Lizard Tail":23,"Emotion Chip":43,"Matryoshka":26,"Bronze Scales":17,"Pantograph":17,"Prayer Wheel":25,"Necronomicon":28,"Bag of Marbles":40,"Cracked Core":0},{"Ice Cream":5,"Regal Pillow":8,"Gremlin Horn":17,"StoneCalendar":23,"Mango":28,"Omamori":25,"Ginger":10,"War Paint":6,"MawBank":12,"Akabeko":7,"ClockworkSouvenir":15,"Calling Bell":10,"SlaversCollar":19,"OrangePellets":21,"Lizard Tail":14,"Emotion Chip":25,"Matryoshka":15,"Bronze Scales":10,"Pantograph":10,"Prayer Wheel":15,"Necronomicon":15,"Bag of Marbles":24,"Cracked Core":0},{"Ice Cream":18,"Regal Pillow":29,"Gremlin Horn":78,"StoneCalendar":119,"Mango":144,"Omamori":128,"Ginger":41,"War Paint":21,"MawBank":48,"Akabeko":25,"ClockworkSouvenir":64,"Calling Bell":41,"SlaversCollar":99,"OrangePellets":109,"Lizard Tail":57,"Emotion Chip":128,"Matryoshka":64,"Bronze Scales":41,"Pantograph":41,"Prayer Wheel":64,"Necronomicon":64,"Bag of Marbles":124,"Cracked Core":0}]},"card_choices":[{"not_picked":["Thinking Ahead","Transmutation"],"picked":"Mayhem","floor":0},{"not_picked":["Gash","Steam"],"picked":"Ball Lightning","floor":1},{"not_picked":["Chaos","Ball Lightning"],"picked":"Cold Snap","floor":2},{"not_picked":["Loop","Static Discharge"],"picked":"FTL","floor":3},{"not_picked":["Reinforced Body","Steam"],"picked":"Go for the Eyes","floor":5},{"not_picked":["Chill","Core Surge"],"picked":"Genetic Algorithm","floor":6},{"not_picked":["Doom and Gloom","Streamline"],"picked":"BootSequence","floor":7},{"not_picked":["Gash","Coolheaded"],"picked":"Self Repair","floor":11},{"not_picked":["Go for the Eyes","Hologram"],"picked":"Melter","floor":12},{"not_picked":["Beam Cell","Coolheaded"],"picked":"Steam","floor":14},{"not_picked":["Amplify","Biased Cognition"],"picked":"Meteor Strike","floor":16},{"not_picked":["Streamline","Darkness+1"],"picked":"Beam Cell+1","floor":18},{"not_picked":["Recycle","Double Energy"],"picked":"Conserve Battery+1","floor":19},{"not_picked":["Scrape","Sweeping Beam"],"picked":"Undo+1","floor":22},{"not_picked":["Go for the Eyes","Recycle+1","Turbo"],"picked":"SKIP","floor":23},{"not_picked":["Go for the Eyes","Reinforced Body"],"picked":"Aggregate+1","floor":25},{"not_picked":["Redo","Steam Power"],"picked":"Defragment","floor":29},{"not_picked":["Reinforced Body","Sweeping Beam+1"],"picked":"Turbo","floor":29},{"not_picked":["Heatsinks","Machine Learning"],"picked":"Sunder","floor":30},{"not_picked":["Gash","BootSequence"],"picked":"Rip and Tear+1","floor":31},{"not_picked":["Conserve Battery+1","Ball Lightning+1","Steam"],"picked":"SKIP","floor":31},{"not_picked":["All For One","Meteor Strike"],"picked":"Creative AI","floor":33},{"not_picked":["Streamline+1","Turbo+1"],"picked":"Redo+1","floor":35},{"not_picked":["Go for the Eyes","Ball Lightning+1"],"picked":"Seek","floor":35},{"not_picked":["Hologram","Coolheaded"],"picked":"Auto Shields+1","floor":36},{"not_picked":["Static Discharge","Reprogram+1","Rip and Tear+1"],"picked":"SKIP","floor":36},{"not_picked":["Leap","Coolheaded"],"picked":"Doom and Gloom+1","floor":38},{"not_picked":["BootSequence+1","Steam+1","Genetic Algorithm"],"picked":"SKIP","floor":38},{"not_picked":["Self Repair","Turbo+1"],"picked":"Auto Shields+1","floor":40},{"not_picked":["Sweeping Beam+1","Leap"],"picked":"Hologram+1","floor":41},{"not_picked":["Self Repair+1","Doom and Gloom","Steam"],"picked":"SKIP","floor":41},{"not_picked":["Madness","Finesse"],"picked":"Panache","floor":42},{"not_picked":["Bandage Up","Forethought"],"picked":"Dramatic Entrance","floor":42},{"not_picked":["Gash+1","Ball Lightning+1"],"picked":"Sweeping Beam+1","floor":45},{"not_picked":["Static Discharge+1","Cold Snap"],"picked":"Rebound+1","floor":45},{"not_picked":["Skim+1","Conserve Battery"],"picked":"Double Energy+1","floor":47},{"not_picked":["Compile Driver+1","Scrape","Conserve Battery+1"],"picked":"SKIP","floor":47},{"not_picked":["Ball Lightning+1","Cold Snap+1"],"picked":"Glacier","floor":48}],"player_experience":598170,"relics_obtained":[{"floor":6,"key":"Ice Cream"},{"floor":9,"key":"War Paint"},{"floor":11,"key":"Akabeko"},{"floor":13,"key":"Regal Pillow"},{"floor":17,"key":"Bronze Scales"},{"floor":17,"key":"Pantograph"},{"floor":17,"key":"Ginger"},{"floor":23,"key":"Lizard Tail"},{"floor":25,"key":"Prayer Wheel"},{"floor":26,"key":"Matryoshka"},{"floor":28,"key":"Necronomicon"},{"floor":30,"key":"Gremlin Horn"},{"floor":39,"key":"StoneCalendar"},{"floor":40,"key":"Bag of Marbles"},{"floor":43,"key":"Omamori"},{"floor":43,"key":"Emotion Chip"},{"floor":48,"key":"Mango"}],"event_choices":[{"damage_healed":0,"gold_gain":0,"player_choice":"Upgraded","damage_taken":0,"max_hp_gain":0,"max_hp_loss":0,"event_name":"Upgrade Shrine","floor":4,"gold_loss":0,"cards_upgraded":["Mayhem"]},{"damage_healed":0,"gold_gain":0,"player_choice":"Joined the Cult","damage_taken":6,"max_hp_gain":0,"max_hp_loss":0,"event_name":"Nest","floor":20,"gold_loss":0,"cards_obtained":["RitualDagger"]},{"damage_healed":0,"gold_gain":0,"player_choice":"Obtained Relic","damage_taken":0,"relics_obtained":["MawBank"],"max_hp_gain":0,"max_hp_loss":0,"event_name":"Addict","floor":21,"gold_loss":85},{"damage_healed":0,"gold_gain":0,"player_choice":"Became a Ghost","damage_taken":0,"max_hp_gain":0,"max_hp_loss":34,"event_name":"Ghosts","floor":24,"gold_loss":0,"cards_obtained":["Ghostly","Ghostly","Ghostly","Ghostly","Ghostly"]},{"damage_healed":0,"gold_gain":0,"player_choice":"Obtained Book","damage_taken":16,"max_hp_gain":0,"max_hp_loss":0,"event_name":"Cursed Tome","floor":28,"gold_loss":0},{"damage_healed":0,"gold_gain":0,"player_choice":"Fight","damage_taken":0,"max_hp_gain":0,"max_hp_loss":0,"event_name":"Mysterious Sphere","floor":39,"gold_loss":0},{"damage_healed":0,"gold_gain":0,"player_choice":"Memory 3","damage_taken":10,"max_hp_gain":0,"max_hp_loss":0,"event_name":"SensoryStone","floor":42,"gold_loss":0}],"is_beta":false,"boss_relics":[{"not_picked":["SacredBark","Empty Cage"],"picked":"Calling Bell"},{"not_picked":["Black Star","Inserter"],"picked":"SlaversCollar"}],"items_purged_floors":[10,27,37],"is_endless":false,"potions_floor_spawned":[1,3,7,14,18,22,23,30,31,35,36,41,47],"ascension_level":7}}