{"host":"5fasz840ryq7obdf","time":1608570262,"event":{"mods":["AchievementEnabler","BaseMod","Bestiary","Better Altar","Better Skull","Better Third Choice","BetterRewards","Block Reminder","Colored Powertips","Curses Come First","Minty Spire (QoL Compilation)","Quick Restart","Relic Stats","Shop Mod","Spicy Shops","StSLib"],"gold_per_floor":[117,117,117,137,162,162,162],"floor_reached":6,"playtime":496,"items_purged":["Defend_G"],"score":72,"play_id":"f3f183c8-c5c9-431c-a2bf-bd390044b7ee","local_time":"20201221170422","is_ascension_mode":true,"campfire_choices":[],"circlet_count":0,"master_deck":["AscendersBane","Strike_G","Strike_G","Strike_G","Strike_G","Strike_G","Defend_G","Defend_G","Defend_G","Defend_G","Survivor","Neutralize","Well Laid Plans","Backflip","Prepared","Sadistic Nature","Footwork","Blur","Setup","Backflip","Calculated Gamble","Footwork"],"relics":["Ring of the Snake","Nunchaku","Golden Idol"],"acts_visited":["Exordium"],"potions_floor_usage":[6],"damage_taken":[{"damage":3,"enemies":"Cultist","floor":1,"turns":5},{"damage":3,"enemies":"2 Louse","floor":4,"turns":4},{"damage":16,"enemies":"Small Slimes","floor":5,"turns":6},{"damage":29,"enemies":"Gremlin Nob","floor":6,"turns":3}],"seed_played":"-6714823440542588646","potions_obtained":[{"floor":5,"key":"AttackPotion"}],"is_trial":false,"path_per_floor":["M","?","?","M","M","E"],"character_chosen":"THE_SILENT","items_purchased":["Well Laid Plans","Backflip","Prepared","Nunchaku","Sadistic Nature","Footwork","Blur"],"campfire_rested":0,"item_purchase_floors":[0,0,0,0,0,0,0],"current_hp_per_floor":[25,47,47,44,28,0,0],"gold":162,"neow_bonus":"","is_daily":false,"chose_seed":false,"campfire_upgraded":0,"win_rate":0.0,"timestamp":1608570262,"path_taken":["M","?","?","M","M","E"],"items_purchased_type":["Card","Card","Card","Relic","Card","Card","Card"],"build_version":"2020-12-13","purchased_purges":1,"victory":false,"max_hp_per_floor":[66,66,60,60,60,60,60],"relic_stats":{"Nunchaku":[3],"counters":[26,110],"Golden Idol":9,"obtain_stats":[{"Regal Pillow":8,"Pear":30,"Happy Flower":0,"Golden Idol":3,"CeramicFish":0,"Oddly Smooth Stone":24,"Eternal Feather":9,"Pen Nib":0,"Juzu Bracelet":0,"Letter Opener":0,"Paper Crane":3,"Odd Mushroom":7,"Question Card":26,"Mercury Hourglass":6,"Sozu":17,"Nunchaku":0,"Shovel":6,"DollysMirror":3,"Ninja Scroll":0,"Red Mask":21,"Membership Card":0,"Unceasing Top":0,"Ring of the Snake":0,"Meat on the Bone":0},{"Regal Pillow":11,"Pear":21,"Happy Flower":5,"Golden Idol":23,"CeramicFish":0,"Oddly Smooth Stone":17,"Eternal Feather":11,"Pen Nib":5,"Juzu Bracelet":0,"Letter Opener":5,"Paper Crane":1,"Odd Mushroom":10,"Question Card":18,"Mercury Hourglass":9,"Sozu":14,"Nunchaku":22,"Shovel":3,"DollysMirror":1,"Ninja Scroll":5,"Red Mask":17,"Membership Card":0,"Unceasing Top":0,"Ring of the Snake":0,"Meat on the Bone":0},{"Regal Pillow":54,"Pear":84,"Happy Flower":35,"Golden Idol":97,"CeramicFish":0,"Oddly Smooth Stone":73,"Eternal Feather":54,"Pen Nib":35,"Juzu Bracelet":0,"Letter Opener":35,"Paper Crane":7,"Odd Mushroom":52,"Question Card":75,"Mercury Hourglass":49,"Sozu":66,"Nunchaku":92,"Shovel":26,"DollysMirror":7,"Ninja Scroll":35,"Red Mask":73,"Membership Card":0,"Unceasing Top":0,"Ring of the Snake":0,"Meat on the Bone":0}],"Ring of the Snake":[52]},"card_choices":[{"not_picked":["Riddle With Holes","Deflect"],"picked":"Backflip","floor":1},{"not_picked":["Reflex","Well Laid Plans"],"picked":"Calculated Gamble","floor":4},{"not_picked":["Outmaneuver","Underhanded Strike"],"picked":"Footwork","floor":5}],"player_experience":897982,"relics_obtained":[],"event_choices":[{"damage_healed":22,"gold_gain":0,"player_choice":"Banana","damage_taken":0,"max_hp_gain":0,"max_hp_loss":0,"event_name":"Big Fish","floor":2,"gold_loss":0},{"damage_healed":0,"gold_gain":0,"player_choice":"Lose Max HP","damage_taken":0,"relics_obtained":["Golden Idol"],"max_hp_gain":0,"max_hp_loss":6,"event_name":"Golden Idol","floor":3,"gold_loss":0}],"is_beta":false,"boss_relics":[],"items_purged_floors":[0],"is_endless":false,"potions_floor_spawned":[5],"killed_by":"Gremlin Nob","ascension_level":20}}