{"host":"1z4hbl9vfqrhg136","time":1608589997,"event":{"mods":["BaseMod","Minty Spire (QoL Compilation)"],"gold_per_floor":[115,115,129,54,74,108,125,125,125,125,135,135,210,237,237,310,310,328,243,243,74,91,91,91],"floor_reached":23,"playtime":1194,"items_purged":[],"score":398,"play_id":"a8354105-70cd-4a1c-ab20-1db9c2674c14","local_time":"20201221223317","is_ascension_mode":true,"campfire_choices":[{"floor":10,"key":"REST"},{"floor":12,"key":"REST"},{"floor":15,"key":"REST"}],"circlet_count":0,"master_deck":["AscendersBane","Strike_G","Strike_G","Strike_G","Defend_G","Defend_G","Defend_G","Defend_G","Defend_G","Survivor","Neutralize","Noxious Fumes","Flying Knee","Noxious Fumes","Bane","Malaise","Bane","Dash","Burst","After Image","Cloak And Dagger","PiercingWail","Caltrops","Dagger Spray+1","Sucker Punch+1"],"relics":["Ring of the Snake","Blood Vial","Toy Ornithopter","Mercury Hourglass","HoveringKite","Molten Egg 2","Enchiridion"],"acts_visited":["Exordium","TheCity"],"potions_floor_usage":[14,16,22],"damage_taken":[{"damage":7,"enemies":"Small Slimes","floor":1,"turns":3},{"damage":7,"enemies":"Jaw Worm","floor":3,"turns":4},{"damage":1,"enemies":"2 Louse","floor":5,"turns":5},{"damage":31,"enemies":"Lagavulin","floor":6,"turns":7},{"damage":7,"enemies":"Large Slime","floor":7,"turns":6},{"damage":22,"enemies":"Exordium Wildlife","floor":11,"turns":6},{"damage":16,"enemies":"3 Sentries","floor":14,"turns":6},{"damage":1,"enemies":"The Guardian","floor":16,"turns":10},{"damage":26,"enemies":"Spheric Guardian","floor":18,"turns":6},{"damage":12,"enemies":"Chosen","floor":22,"turns":7},{"damage":12,"enemies":"Book of Stabbing","floor":23,"turns":2}],"seed_played":"-827730027845263707","potions_obtained":[{"floor":3,"key":"BlessingOfTheForge"},{"floor":11,"key":"BlessingOfTheForge"},{"floor":14,"key":"Ancient Potion"},{"floor":18,"key":"Energy Potion"}],"is_trial":false,"path_per_floor":["M","?","M","?","M","E","M","?","T","R","M","R","?","E","R","B",null,"M","?","?","$","M","E"],"character_chosen":"THE_SILENT","items_purchased":["PiercingWail","Caltrops","Dagger Spray+1"],"campfire_rested":3,"item_purchase_floors":[21,21,21],"current_hp_per_floor":[52,52,45,45,44,13,8,8,8,27,7,26,15,6,25,31,57,33,33,12,12,7,0,0],"gold":91,"neow_bonus":"THREE_CARDS","is_daily":false,"chose_seed":false,"campfire_upgraded":0,"win_rate":0.0,"timestamp":1608589997,"path_taken":["M","?","M","?","M","E","M","?","T","R","?","R","?","E","R","BOSS","M","?","?","$","M","E"],"items_purchased_type":["Card","Card","Card"],"build_version":"2020-12-13","purchased_purges":0,"victory":false,"max_hp_per_floor":[66,66,66,66,66,66,66,66,66,66,66,66,66,66,66,66,66,66,66,66,66,66,66,66],"card_choices":[{"not_picked":["Deflect","Blade Dance"],"picked":"Noxious Fumes","floor":0},{"not_picked":["Sucker Punch","All Out Attack"],"picked":"Flying Knee","floor":1},{"not_picked":["Deflect","Expertise"],"picked":"Noxious Fumes","floor":3},{"not_picked":["Backstab","Blade Dance"],"picked":"Bane","floor":5},{"not_picked":["Outmaneuver","Concentrate"],"picked":"Malaise","floor":6},{"not_picked":["Dodge and Roll","Sucker Punch"],"picked":"Bane","floor":7},{"not_picked":["Slice","PiercingWail"],"picked":"Dash","floor":11},{"not_picked":["Backflip","Quick Slash"],"picked":"Burst","floor":14},{"not_picked":["Adrenaline","Die Die Die"],"picked":"After Image","floor":16},{"not_picked":["Endless Agony","Expertise"],"picked":"Cloak And Dagger","floor":18},{"not_picked":["Outmaneuver","Dagger Spray+1"],"picked":"Sucker Punch+1","floor":22}],"player_experience":1845138,"relics_obtained":[{"floor":6,"key":"Blood Vial"},{"floor":9,"key":"Toy Ornithopter"},{"floor":14,"key":"Mercury Hourglass"},{"floor":20,"key":"Enchiridion"}],"event_choices":[{"damage_healed":0,"gold_gain":0,"player_choice":"Ignored","damage_taken":0,"max_hp_gain":0,"max_hp_loss":0,"event_name":"Shining Light","floor":2,"gold_loss":0},{"cards_removed":["Strike_G"],"damage_healed":0,"gold_gain":0,"player_choice":"Card Removal","damage_taken":0,"max_hp_gain":0,"max_hp_loss":0,"event_name":"The Cleric","floor":4,"gold_loss":75},{"cards_removed":["Strike_G"],"damage_healed":0,"gold_gain":0,"player_choice":"Forget","damage_taken":0,"max_hp_gain":0,"max_hp_loss":0,"event_name":"Living Wall","floor":8,"gold_loss":0},{"damage_healed":0,"gold_gain":75,"player_choice":"Gather Gold","damage_taken":11,"max_hp_gain":0,"max_hp_loss":0,"event_name":"World of Goop","floor":13,"gold_loss":0},{"damage_healed":0,"gold_gain":0,"player_choice":"Obtained Relic","damage_taken":0,"relics_obtained":["Molten Egg 2"],"max_hp_gain":0,"max_hp_loss":0,"event_name":"Addict","floor":19,"gold_loss":85},{"damage_healed":0,"gold_gain":0,"player_choice":"Obtained Book","damage_taken":21,"max_hp_gain":0,"max_hp_loss":0,"event_name":"Cursed Tome","floor":20,"gold_loss":0}],"is_beta":false,"boss_relics":[{"not_picked":["Runic Dome","Tiny House"],"picked":"HoveringKite"}],"items_purged_floors":[],"is_endless":false,"potions_floor_spawned":[3,11,14,18],"killed_by":"Book of Stabbing","ascension_level":20}}