{"host":"o4pit0n7y0vm2e4t","time":1608590361,"event":{"mods":["Aspiration","BaseMod","Better Altar","Better Match","Better Note","Better Sensory Stone","Better Skull","Better Third Choice","Colored Map","Conspire","Downfall","Friendly Minions","Googly Eyes","Halation","Hermit","HexUI Lib","Hubris","Minty Spire (QoL Compilation)","RatMod","Replay The Spire","Robot Space Explorer","Spikes Relics","StSLib","The Hierophant","The Jungle","The Necromancer"],"gold_per_floor":[116,136,136,58,75,101,101,113,113,113,113],"floor_reached":10,"playtime":307,"items_purged":[],"score":95,"play_id":"4a523132-3c54-4cc3-bc15-800cb061014e","local_time":"20201221173921","is_ascension_mode":true,"campfire_choices":[{"floor":7,"key":"REST"}],"circlet_count":0,"master_deck":["Strike_B","Strike_B","Strike_B","Strike_B","Defend_B","Defend_B","Defend_B","Defend_B","Zap","Dualcast","Genetic Algorithm","Self Repair","Loop","Leap","hubris:Ukulele"],"relics":["Cracked Core","NeowsBlessing","Matryoshka","Vajra","Replay:Bottled Steam"],"acts_visited":["Exordium"],"potions_floor_usage":[],"damage_taken":[{"damage":0,"enemies":"Small Slimes","floor":1,"turns":1},{"damage":0,"enemies":"Cultist","floor":2,"turns":1},{"damage":0,"enemies":"2 Louse","floor":5,"turns":1},{"damage":54,"enemies":"3 Sentries","floor":6,"turns":10},{"damage":34,"enemies":"Exordium Thugs","floor":8,"turns":6},{"damage":16,"enemies":"Lagavulin","floor":10,"turns":5}],"seed_played":"-133470976464859211","potions_obtained":[{"floor":2,"key":"DuplicationPotion"}],"is_trial":false,"path_per_floor":["M","M","?","$","M","E","R","M","T","E"],"character_chosen":"DEFECT","items_purchased":["Self Repair"],"campfire_rested":1,"item_purchase_floors":[4],"current_hp_per_floor":[68,68,68,68,68,21,43,16,16,0,0],"gold":113,"neow_bonus":"THREE_ENEMY_KILL","is_daily":false,"chose_seed":false,"campfire_upgraded":0,"win_rate":0.0,"timestamp":1608590361,"path_taken":["M","M","?","$","?","E","R","M","T","E"],"items_purchased_type":["Card"],"build_version":"2020-12-13","purchased_purges":0,"victory":false,"max_hp_per_floor":[75,75,75,75,75,75,75,75,75,75,75],"card_choices":[{"not_picked":["Sweeping Beam","Gash","Go for the Eyes"],"picked":"SKIP","floor":1},{"not_picked":["Sweeping Beam","BasicCrystalCard"],"picked":"Genetic Algorithm","floor":2},{"not_picked":["Hologram","Heatsinks"],"picked":"Loop","floor":5},{"not_picked":["Amplify","Undo"],"picked":"Leap","floor":6},{"not_picked":["Self Repair","Reprogram"],"picked":"hubris:Ukulele","floor":8}],"player_experience":218477,"relics_obtained":[{"floor":6,"key":"Matryoshka"},{"floor":9,"key":"Vajra"},{"floor":9,"key":"Replay:Bottled Steam"}],"event_choices":[{"damage_healed":0,"gold_gain":0,"player_choice":"Bought 0 Potions","damage_taken":0,"max_hp_gain":0,"max_hp_loss":0,"event_name":"The Woman in Blue","floor":3,"gold_loss":0}],"is_beta":false,"boss_relics":[],"items_purged_floors":[],"is_endless":false,"potions_floor_spawned":[2],"killed_by":"Lagavulin","ascension_level":8}}