{"host":"63o2iqaaus9jfjk5","time":1608509617,"event":{"mods":["AchievementEnabler","BaseMod","Better Altar","Better Match","Better Note","Better Sensory Stone","Better Skull","Better Third Choice","Better-Laid Plans","Displayed Cursed Tome","Downfall","Minty Spire (QoL Compilation)","RNG Fix","Replay The Spire","StSLib"],"gold_per_floor":[119,119,119,132,132,132,11,11,38,67,67,78,91,106,106,204,204,222,182,182,196,211,211,211,211],"floor_reached":24,"playtime":1528,"items_purged":[],"score":196,"play_id":"129f09b4-7539-40da-911e-fa82f1300cd5","local_time":"20201220181337","is_ascension_mode":false,"campfire_choices":[{"data":"Infernal Blade","floor":6,"key":"SMITH"},{"floor":11,"key":"REST"},{"floor":15,"key":"REST"},{"floor":23,"key":"REST"}],"circlet_count":0,"master_deck":["Strike_R","Strike_R","Strike_R","Strike_R","Strike_R","Defend_R","Defend_R","Defend_R","Defend_R","Bash","Infernal Blade+1","Anger","Pain","Defy Death","Regret","expansioncontent:DarkVoid","Dark Embrace","ReplayTheSpireMod:Strike From Hell","ReplayTheSpireMod:Muscle Training","Seeing Red","Life Link","Demon Form","Cleave","Abandon+1","Uppercut"],"relics":["Burning Blood","WarpedTongs","Bag of Marbles","ReplayTheSpireMod:Lightbulb","Boot","Ring of Chaos"],"acts_visited":["Exordium","TheCity"],"potions_floor_usage":[22],"damage_taken":[{"damage":1,"enemies":"Cultist","floor":1,"turns":4},{"damage":12,"enemies":"Jaw Worm","floor":4,"turns":3},{"damage":12,"enemies":"Gremlin Nob","floor":10,"turns":3},{"damage":13,"enemies":"Small Slimes","floor":12,"turns":2},{"damage":27,"enemies":"Red Slaver","floor":13,"turns":5},{"damage":4,"enemies":"2 Fungi Beasts","floor":14,"turns":3},{"damage":91,"enemies":"The Guardian","floor":16,"turns":10},{"damage":36,"enemies":"Chosen","floor":18,"turns":5},{"damage":23,"enemies":"3 Byrds","floor":21,"turns":4},{"damage":23,"enemies":"Snecko","floor":22,"turns":4},{"damage":40,"enemies":"Sentry and Sphere","floor":24,"turns":4}],"seed_played":"6762600080469301776","potions_obtained":[{"floor":10,"key":"FairyPotion"},{"floor":19,"key":"DuplicationPotion"},{"floor":19,"key":"Venom Potion"},{"floor":19,"key":"Cursed Concoction"}],"is_trial":false,"path_per_floor":["M","?","?","M","?","R","$","?","T","E","R","M","M","M","R","B",null,"M","?","?","M","M","R","M"],"character_chosen":"IRONCLAD","items_purchased":["expansioncontent:DarkVoid","Dark Embrace"],"campfire_rested":3,"item_purchase_floors":[7,7],"current_hp_per_floor":[80,80,80,74,74,74,74,74,74,68,80,73,52,54,78,18,80,50,50,50,33,16,40,0,0],"gold":211,"neow_bonus":"THREE_CARDS","is_daily":false,"chose_seed":false,"campfire_upgraded":1,"win_rate":0.0,"timestamp":1608509617,"path_taken":["M","?","?","M","?","R","$","?","T","E","R","M","M","?","R","BOSS","M","?","?","M","M","R","?"],"items_purchased_type":["Card","Card"],"build_version":"2020-12-13","purchased_purges":0,"victory":false,"max_hp_per_floor":[80,80,80,80,80,80,80,80,80,80,80,80,80,80,80,80,80,80,80,80,80,80,80,80,80],"card_choices":[{"not_picked":["Abandon","Heavy Blade"],"picked":"Infernal Blade","floor":0},{"not_picked":["Clothesline","Headbutt"],"picked":"Anger","floor":1},{"not_picked":["Life Link","ReplayTheSpireMod:Limb From Limb"],"picked":"Defy Death","floor":4},{"not_picked":["Flex","Berserk"],"picked":"ReplayTheSpireMod:Strike From Hell","floor":10},{"not_picked":["Pommel Strike","Wild Strike"],"picked":"ReplayTheSpireMod:Muscle Training","floor":12},{"not_picked":["Armaments","Wild Strike"],"picked":"Seeing Red","floor":13},{"not_picked":["Thunderclap","Anger"],"picked":"Life Link","floor":14},{"not_picked":["Berserk","Barricade"],"picked":"Demon Form","floor":16},{"not_picked":["Body Slam","True Grit"],"picked":"Cleave","floor":18},{"not_picked":["Hemokinesis","Uppercut"],"picked":"Abandon+1","floor":21},{"not_picked":["Clothesline","Infernal Blade+1"],"picked":"Uppercut","floor":22}],"player_experience":92022,"relics_obtained":[{"floor":9,"key":"ReplayTheSpireMod:Lightbulb"},{"floor":10,"key":"Boot"}],"event_choices":[{"damage_healed":0,"gold_gain":0,"player_choice":"Ignored","damage_taken":0,"max_hp_gain":0,"max_hp_loss":0,"event_name":"Transmorgrifier","floor":2,"gold_loss":0},{"damage_healed":0,"gold_gain":0,"player_choice":"Rummage","damage_taken":0,"relics_obtained":["WarpedTongs"],"max_hp_gain":0,"max_hp_loss":0,"event_name":"Accursed Blacksmith","floor":3,"gold_loss":0,"cards_obtained":["Pain"]},{"damage_healed":0,"gold_gain":0,"player_choice":"Box","damage_taken":0,"relics_obtained":["Bag of Marbles"],"max_hp_gain":0,"max_hp_loss":0,"event_name":"Big Fish","floor":5,"gold_loss":0,"cards_obtained":["Regret"]},{"cards_removed":["Infernal Blade"],"damage_healed":0,"gold_gain":0,"player_choice":"Give","damage_taken":0,"max_hp_gain":0,"max_hp_loss":0,"event_name":"betterNote:BetterNote","floor":8,"gold_loss":0,"cards_obtained":["JustLucky"]},{"damage_healed":0,"gold_gain":0,"player_choice":"Bought 3 Potions","damage_taken":0,"max_hp_gain":0,"max_hp_loss":0,"event_name":"The Woman in Blue","floor":19,"gold_loss":0},{"damage_healed":0,"gold_gain":0,"player_choice":"Ignored","damage_taken":0,"max_hp_gain":0,"max_hp_loss":0,"event_name":"Vampires","floor":20,"gold_loss":0}],"is_beta":false,"boss_relics":[{"not_picked":["Fusion Hammer","Tiny House"],"picked":"Ring of Chaos"}],"items_purged_floors":[],"is_endless":false,"potions_floor_spawned":[10,21],"killed_by":"Sentry and Sphere","ascension_level":0}}