{"host":"hp4podz600orhpf6","time":1608526652,"event":{"mods":["AlwaysNeverKeys","BaseMod","Better Match","Better Note","Block Reminder","DeckTracker","Hermit","Minty Spire (QoL Compilation)","Quick Restart","StSLib","The Cursed","The Hayseed"],"gold_per_floor":[115,127,144,156,231,231,566,566,566,598,598,615,628,628,628,628,628],"floor_reached":16,"playtime":839,"items_purged":[],"score":146,"play_id":"90497496-83af-4c01-a9ae-1f578625466b","local_time":"20201220235732","is_ascension_mode":true,"campfire_choices":[{"data":"Whirlwind","floor":6.0,"key":"SMITH"},{"floor":8,"key":"REST"},{"floor":15,"key":"REST"}],"circlet_count":0,"master_deck":["Strike_R","Strike_R","Strike_R","Strike_R","Strike_R","Defend_R","Defend_R","Defend_R","Defend_R","Bash","Offering+1","Battle Trance","Whirlwind+1","Combust","Shrug It Off","Rampage","Blood for Blood","True Grit","True Grit"],"relics":["Burning Blood","Old Coin","Champion Belt","Charon\u0027s Ashes"],"acts_visited":["Exordium"],"potions_floor_usage":[16],"damage_taken":[{"damage":12.0,"enemies":"Small Slimes","floor":1.0,"turns":2.0},{"damage":0.0,"enemies":"2 Louse","floor":2.0,"turns":1.0},{"damage":12.0,"enemies":"Cultist","floor":3.0,"turns":3.0},{"damage":6.0,"enemies":"Exordium Wildlife","floor":4.0,"turns":2.0},{"damage":43,"enemies":"Lagavulin","floor":7,"turns":6},{"damage":26,"enemies":"Gremlin Nob","floor":10,"turns":4},{"damage":1,"enemies":"2 Fungi Beasts","floor":12,"turns":3},{"damage":8,"enemies":"Red Slaver","floor":13,"turns":2},{"damage":33,"enemies":"Hexaghost","floor":16,"turns":9}],"seed_played":"7447906640562752822","potions_obtained":[{"floor":1.0,"key":"Fire Potion"},{"floor":3.0,"key":"LiquidMemories"},{"floor":10,"key":"Explosive Potion"},{"floor":13,"key":"DistilledChaos"}],"is_trial":false,"path_per_floor":["M","M","M","M","?","R","E","R","T","E","?","M","M","?","R","B"],"character_chosen":"IRONCLAD","items_purchased":[],"campfire_rested":2,"item_purchase_floors":[],"current_hp_per_floor":[66,72,66,66,55,55,18,42,42,22,22,27,25,25,49,16,16],"gold":628,"neow_bonus":"ONE_RANDOM_RARE_CARD","is_daily":false,"chose_seed":false,"campfire_upgraded":1,"win_rate":0.0,"timestamp":1608526652,"path_taken":["M","M","M","M","?","R","E","R","T","E","?","M","?","?","R","BOSS"],"items_purchased_type":[],"build_version":"2020-12-13","purchased_purges":0,"victory":false,"max_hp_per_floor":[80,80,80,80,80,80,80,80,80,80,80,80,80,80,80,80,80],"card_choices":[{"not_picked":["Dark Embrace","Flex"],"picked":"Battle Trance","floor":1.0},{"not_picked":["Anger","Perfected Strike"],"picked":"Whirlwind","floor":2.0},{"not_picked":["Wild Strike","Clash"],"picked":"Combust","floor":3.0},{"not_picked":["Combust","Twin Strike"],"picked":"Shrug It Off","floor":4.0},{"not_picked":["Rage","Flex"],"picked":"Rampage","floor":7},{"not_picked":["Uppercut","Clothesline"],"picked":"Blood for Blood","floor":10},{"not_picked":["Disarm","Exhume"],"picked":"True Grit","floor":12},{"not_picked":["Shrug It Off","Heavy Blade"],"picked":"True Grit","floor":13}],"player_experience":645312,"relics_obtained":[{"floor":7,"key":"Old Coin"},{"floor":9,"key":"Champion Belt"},{"floor":10,"key":"Charon\u0027s Ashes"}],"event_choices":[{"damage_healed":0.0,"max_hp_gain":0.0,"max_hp_loss":0.0,"gold_gain":75.0,"event_name":"World of Goop","player_choice":"Gather Gold","floor":5.0,"gold_loss":0.0,"damage_taken":11.0},{"damage_healed":0,"gold_gain":0,"player_choice":"Upgraded","damage_taken":0,"max_hp_gain":0,"max_hp_loss":0,"event_name":"Upgrade Shrine","floor":11,"gold_loss":0,"cards_upgraded":["Offering"]},{"damage_healed":0,"gold_gain":0,"player_choice":"Ignored","damage_taken":0,"max_hp_gain":0,"max_hp_loss":0,"event_name":"Golden Idol","floor":14,"gold_loss":0}],"is_beta":false,"boss_relics":[],"items_purged_floors":[],"is_endless":false,"potions_floor_spawned":[1,3,10,13],"killed_by":"Hexaghost","ascension_level":6}}