{"host":"9d9dhukr2jywmy0f","time":1608554973,"event":{"mods":["2.2 Compatiblity","Alarm Clock","BaseMod","Bestiary","Block Reminder","Colored Map","Colored Powertips","Curses Come First","DeckTracker","Displayed Cursed Tome","Highlight Path","Key Reminder","Keyboard Shortcuts","Minty Spire (QoL Compilation)","MonsterHotkey","Potion Indicator Mod","Quick Restart","Rare Cards Sparkle","Relic Sorter","Relic Stats","Spire Birthday Party","StSLib","Synergy Search","Unceasing Turn Reminder","Unknown Chances"],"gold_per_floor":[144,189,234,279,324,426,438,495,507,519,626,129,174,219,219,519,519,564,164,209,254,299,299,389,389,414,563,653,703,748,126,126,426,426,471,58,108,62,107,197,242,292,317,362,562,607,657,747,747,747],"floor_reached":51,"playtime":3804,"items_purged":["Juggernaut","Demon Form","Bludgeon","Fiend Fire"],"score":1028,"play_id":"ca6cce9b-f17e-4836-99cb-7c41da0e7f05","local_time":"20201221204933","daily_mods":["Shiny","Vintage","Midas"],"is_ascension_mode":false,"campfire_choices":[{"floor":10.0,"key":"REST"},{"floor":15.0,"key":"REST"},{"floor":23.0,"key":"REST"},{"floor":25.0,"key":"REST"},{"floor":32.0,"key":"REST"},{"floor":49,"key":"REST"}],"circlet_count":0,"master_deck":["Double Tap","Feed","Limit Break","Corruption","Barricade","Berserk","Impervious","Brutality","Reaper","Exhume+1","Offering","Immolate","Dark Embrace","Feel No Pain","Offering+1","Body Slam+1","Havoc+1","Inflame+1","Entrench+1","Havoc+1","Burning Pact+1","Seeing Red+1","Body Slam+1","Madness+1","Havoc+1","Armaments+1","Pommel Strike+1"],"relics":["Burning Blood","Pen Nib","Tiny Chest","Singing Bowl","MawBank","StoneCalendar","SsserpentHead","Anchor","Bag of Preparation","Torii","Strange Spoon","Molten Egg 2","PreservedInsect","Bronze Scales","Black Star","Juzu Bracelet","Blood Vial","DollysMirror","Ornamental Fan","Paper Frog","Frozen Egg 2","MealTicket","Toxic Egg 2","Art of War","Mummified Hand","Strawberry","Mercury Hourglass","Regal Pillow","Happy Flower","Oddly Smooth Stone","Philosopher\u0027s Stone","Meat on the Bone","Omamori","Orichalcum","Charon\u0027s Ashes","Centennial Puzzle","War Paint","Vajra","Prayer Wheel","Bottled Lightning","White Beast Statue","Gremlin Horn","Dream Catcher"],"acts_visited":["Exordium","TheCity","TheBeyond"],"potions_floor_usage":[50],"damage_taken":[{"damage":6.0,"enemies":"Jaw Worm","floor":1.0,"turns":3.0},{"damage":19.0,"enemies":"Cultist","floor":2.0,"turns":4.0},{"damage":6.0,"enemies":"Small Slimes","floor":3.0,"turns":1.0},{"damage":28.0,"enemies":"Exordium Thugs","floor":4.0,"turns":3.0},{"damage":26.0,"enemies":"Looter","floor":5.0,"turns":4.0},{"damage":34.0,"enemies":"3 Sentries","floor":6.0,"turns":3.0},{"damage":15.0,"enemies":"2 Fungi Beasts","floor":8.0,"turns":3.0},{"damage":6.0,"enemies":"3 Louse","floor":11.0,"turns":5.0},{"damage":18.0,"enemies":"Red Slaver","floor":13.0,"turns":5.0},{"damage":28.0,"enemies":"Exordium Thugs","floor":14.0,"turns":4.0},{"damage":33.0,"enemies":"Slime Boss","floor":16.0,"turns":5.0},{"damage":13.0,"enemies":"Shell Parasite","floor":18.0,"turns":5.0},{"damage":18.0,"enemies":"Spheric Guardian","floor":20.0,"turns":3.0},{"damage":25.0,"enemies":"Snake Plant","floor":21.0,"turns":4.0},{"damage":21.0,"enemies":"Centurion and Healer","floor":22.0,"turns":3.0},{"damage":27.0,"enemies":"Book of Stabbing","floor":24.0,"turns":3.0},{"damage":12.0,"enemies":"Slavers","floor":28.0,"turns":2.0},{"damage":26.0,"enemies":"3 Cultists","floor":30.0,"turns":3.0},{"damage":41.0,"enemies":"Champ","floor":33.0,"turns":6.0},{"damage":37.0,"enemies":"3 Darklings","floor":35.0,"turns":2.0},{"damage":6.0,"enemies":"Orb Walker","floor":39.0,"turns":2.0},{"damage":19.0,"enemies":"Giant Head","floor":40.0,"turns":3.0},{"damage":13.0,"enemies":"Spire Growth","floor":41.0,"turns":2.0},{"damage":12,"enemies":"4 Shapes","floor":44,"turns":2},{"damage":18,"enemies":"Mind Bloom Boss Battle","floor":45,"turns":1},{"damage":12,"enemies":"Writhing Mass","floor":46,"turns":1},{"damage":12,"enemies":"Reptomancer","floor":48,"turns":1},{"damage":23,"enemies":"Time Eater","floor":50,"turns":5}],"seed_played":"7329645460642280970","potions_obtained":[{"floor":1.0,"key":"Energy Potion"},{"floor":2.0,"key":"FearPotion"},{"floor":3.0,"key":"ColorlessPotion"},{"floor":11.0,"key":"SkillPotion"},{"floor":16.0,"key":"LiquidMemories"},{"floor":44,"key":"Strength Potion"}],"is_trial":false,"path_per_floor":["M","M","M","M","M","E","?","M","T","R","M","$","M","M","R","B",null,"M","$","M","M","M","R","E","R","T","?","E","T","M","$","R","B",null,"M","$","?","$","M","E","M","?","T","M","?","M","T","E","R","B",null],"character_chosen":"IRONCLAD","items_purchased":["Strange Spoon","Feel No Pain","Molten Egg 2","Blood Vial","DollysMirror","Inflame+1","Entrench+1","Havoc+1","Happy Flower","Oddly Smooth Stone","Burning Pact+1","Seeing Red+1","Body Slam+1","Madness+1","Havoc+1"],"campfire_rested":6,"item_purchase_floors":[12,12,12,19,19,31,31,31,31,31,36,36,36,36,38],"current_hp_per_floor":[83,79,82,63,58,33,33,35,35,65,79,79,82,66,100,75,118,114,114,107,93,83,122,106,133,133,133,137,137,140,152,152,123,157,141,156,152,166,166,155,150,150,150,149,151,163,163,184,187,184],"gold":747,"neow_bonus":"","is_daily":true,"chose_seed":false,"campfire_upgraded":0,"win_rate":0.0,"timestamp":1608554973,"path_taken":["M","M","M","M","M","E","?","M","T","R","?","$","M","M","R","BOSS","M","$","M","M","M","R","E","R","T","?","E","?","M","$","R","BOSS","M","$","?","$","M","E","M","?","T","M","?","M","?","E","R","BOSS"],"items_purchased_type":["Relic","Card","Relic","Relic","Relic","Card","Card","Card","Relic","Relic","Card","Card","Card","Card","Card"],"build_version":"2020-11-30","purchased_purges":4,"victory":true,"max_hp_per_floor":[83,86,89,92,95,98,98,101,101,101,107,107,110,116,116,118,118,121,121,124,127,130,130,133,133,133,133,143,143,152,152,152,157,157,160,160,166,166,166,168,168,168,168,171,177,181,181,185,187,191],"relic_stats":{"Regal Pillow":0,"Singing Bowl":16,"Torii":11,"Gremlin Horn":[0,0],"StoneCalendar":[0],"Bag of Preparation":[42],"Juzu Bracelet":2,"Burning Blood":162,"Blood Vial":20,"SsserpentHead":350,"Centennial Puzzle":[15],"Dream Catcher":1,"Mummified Hand":[95],"Tiny Chest":2,"MealTicket":41,"Prayer Wheel":0,"Happy Flower":[8],"counters":[28,88],"Pen Nib":[13],"PreservedInsect":261,"Charon\u0027s Ashes":[180],"Orichalcum":[0],"War Paint":["Offering","Exhume"],"MawBank":84,"Mercury Hourglass":[111],"Strange Spoon":[107],"Ornamental Fan":[48],"Bronze Scales":[102],"Black Star":4,"Art of War":[3],"obtain_stats":[{"Regal Pillow":30,"Singing Bowl":4,"Torii":11,"Gremlin Horn":48,"Vajra":44,"StoneCalendar":6,"Bag of Preparation":9,"Juzu Bracelet":18,"Burning Blood":0,"Blood Vial":19,"SsserpentHead":7,"Centennial Puzzle":41,"Dream Catcher":48,"DollysMirror":19,"Mummified Hand":28,"Strawberry":28,"Tiny Chest":3,"MealTicket":24,"Philosopher\u0027s Stone":34,"Prayer Wheel":45,"Toxic Egg 2":24,"Paper Frog":21,"Happy Flower":31,"Oddly Smooth Stone":31,"Pen Nib":2,"PreservedInsect":13,"Charon\u0027s Ashes":40,"Omamori":39,"Frozen Egg 2":22,"Orichalcum":40,"War Paint":43,"MawBank":5,"White Beast Statue":47,"Mercury Hourglass":29,"Strange Spoon":12,"Anchor":8,"Ornamental Fan":20,"Bronze Scales":14,"Molten Egg 2":12,"Black Star":17,"Art of War":26,"Bottled Lightning":46,"Meat on the Bone":35},{"Regal Pillow":18,"Singing Bowl":4,"Torii":8,"Gremlin Horn":27,"Vajra":24,"StoneCalendar":6,"Bag of Preparation":7,"Juzu Bracelet":12,"Burning Blood":0,"Blood Vial":12,"SsserpentHead":6,"Centennial Puzzle":23,"Dream Catcher":27,"DollysMirror":12,"Mummified Hand":17,"Strawberry":17,"Tiny Chest":3,"MealTicket":16,"Philosopher\u0027s Stone":19,"Prayer Wheel":25,"Toxic Egg 2":16,"Paper Frog":14,"Happy Flower":18,"Oddly Smooth Stone":18,"Pen Nib":2,"PreservedInsect":9,"Charon\u0027s Ashes":22,"Omamori":21,"Frozen Egg 2":15,"Orichalcum":22,"War Paint":23,"MawBank":5,"White Beast Statue":26,"Mercury Hourglass":17,"Strange Spoon":8,"Anchor":7,"Ornamental Fan":13,"Bronze Scales":10,"Molten Egg 2":8,"Black Star":11,"Art of War":16,"Bottled Lightning":26,"Meat on the Bone":20},{"Regal Pillow":63,"Singing Bowl":11,"Torii":26,"Gremlin Horn":83,"Vajra":80,"StoneCalendar":18,"Bag of Preparation":21,"Juzu Bracelet":45,"Burning Blood":0,"Blood Vial":45,"SsserpentHead":18,"Centennial Puzzle":78,"Dream Catcher":83,"DollysMirror":45,"Mummified Hand":60,"Strawberry":60,"Tiny Chest":8,"MealTicket":58,"Philosopher\u0027s Stone":69,"Prayer Wheel":81,"Toxic Egg 2":58,"Paper Frog":52,"Happy Flower":63,"Oddly Smooth Stone":63,"Pen Nib":7,"PreservedInsect":31,"Charon\u0027s Ashes":76,"Omamori":73,"Frozen Egg 2":55,"Orichalcum":76,"War Paint":78,"MawBank":15,"White Beast Statue":82,"Mercury Hourglass":60,"Strange Spoon":26,"Anchor":21,"Ornamental Fan":48,"Bronze Scales":35,"Molten Egg 2":26,"Black Star":40,"Art of War":58,"Bottled Lightning":82,"Meat on the Bone":71}],"Meat on the Bone":0},"card_choices":[{"not_picked":["Uppercut","Inflame"],"picked":"Dark Embrace","floor":6.0},{"not_picked":["Demon Form","Corruption","Limit Break"],"picked":"Singing Bowl","floor":16.0},{"not_picked":["Reckless Charge+1","Thunderclap+1"],"picked":"Body Slam+1","floor":24.0},{"not_picked":["Rage+1","Clash+1"],"picked":"Havoc+1","floor":28.0},{"not_picked":["Corruption+1","Juggernaut+1","Fiend Fire+1"],"picked":"Singing Bowl","floor":33.0},{"not_picked":["Panache+1","Finesse+1","Secret Weapon+1"],"picked":"Singing Bowl","floor":37.0},{"not_picked":["Secret Weapon+1","Good Instincts+1","Flash of Steel+1"],"picked":"Singing Bowl","floor":37.0},{"not_picked":["Blind+1","Finesse+1","Impatience+1"],"picked":"Singing Bowl","floor":37.0},{"not_picked":["Clash+1","Second Wind+1","Flame Barrier+1"],"picked":"Singing Bowl","floor":40.0},{"not_picked":["Clothesline+1","Flame Barrier+1","Infernal Blade+1"],"picked":"Singing Bowl","floor":45},{"not_picked":["Intimidate+1","Armaments+1"],"picked":"Pommel Strike+1","floor":48},{"not_picked":["Heavy Blade+1","Clothesline+1","Clash+1"],"picked":"Singing Bowl","floor":49}],"player_experience":714868,"relics_obtained":[{"floor":2.0,"key":"Pen Nib"},{"floor":3.0,"key":"Tiny Chest"},{"floor":4.0,"key":"Singing Bowl"},{"floor":5.0,"key":"MawBank"},{"floor":6.0,"key":"StoneCalendar"},{"floor":8.0,"key":"Anchor"},{"floor":9.0,"key":"Bag of Preparation"},{"floor":11.0,"key":"Torii"},{"floor":13.0,"key":"PreservedInsect"},{"floor":14.0,"key":"Bronze Scales"},{"floor":18.0,"key":"Juzu Bracelet"},{"floor":20.0,"key":"Ornamental Fan"},{"floor":21.0,"key":"Paper Frog"},{"floor":22.0,"key":"Frozen Egg 2"},{"floor":24.0,"key":"MealTicket"},{"floor":24.0,"key":"Toxic Egg 2"},{"floor":26.0,"key":"Art of War"},{"floor":28.0,"key":"Mummified Hand"},{"floor":28.0,"key":"Strawberry"},{"floor":29.0,"key":"Mercury Hourglass"},{"floor":30.0,"key":"Regal Pillow"},{"floor":35.0,"key":"Meat on the Bone"},{"floor":39.0,"key":"Omamori"},{"floor":40.0,"key":"Orichalcum"},{"floor":40.0,"key":"Charon\u0027s Ashes"},{"floor":41.0,"key":"Centennial Puzzle"},{"floor":43,"key":"War Paint"},{"floor":44,"key":"Vajra"},{"floor":45,"key":"Prayer Wheel"},{"floor":46,"key":"Bottled Lightning"},{"floor":47,"key":"White Beast Statue"},{"floor":48,"key":"Gremlin Horn"},{"floor":48,"key":"Dream Catcher"}],"event_choices":[{"damage_healed":0.0,"max_hp_gain":0.0,"max_hp_loss":0.0,"gold_gain":0.0,"event_name":"FaceTrader","player_choice":"Trade","floor":7.0,"gold_loss":0.0,"damage_taken":0.0,"relics_obtained":["SsserpentHead"]},{"damage_healed":0.0,"max_hp_gain":0.0,"max_hp_loss":0.0,"gold_gain":99.0,"event_name":"Nest","player_choice":"Stole From Cult","floor":27.0,"gold_loss":0.0,"damage_taken":0.0},{"damage_healed":0.0,"max_hp_gain":0.0,"max_hp_loss":0.0,"gold_gain":0.0,"event_name":"SensoryStone","player_choice":"Memory 3","floor":37.0,"gold_loss":0.0,"damage_taken":10.0},{"damage_healed":0,"gold_gain":0,"player_choice":"1 cards matched","damage_taken":0,"max_hp_gain":0,"max_hp_loss":0,"event_name":"Match and Keep!","floor":42,"gold_loss":0,"cards_obtained":["Armaments"]},{"damage_healed":0,"gold_gain":0,"player_choice":"Fight","damage_taken":0,"max_hp_gain":0,"max_hp_loss":0,"event_name":"MindBloom","floor":45,"gold_loss":0}],"is_beta":false,"boss_relics":[{"not_picked":["Calling Bell","Runic Dome"],"picked":"Black Star"},{"not_picked":["Astrolabe","Runic Pyramid"],"picked":"Philosopher\u0027s Stone"}],"items_purged_floors":[12,19,31,36],"is_endless":false,"potions_floor_spawned":[1,2,3,11,16,18,20,24,28,44,46,48],"ascension_level":0}}