{"host":"k7ydf81uzdnp7fmx","time":1608574890,"event":{"mods":["AchievementEnabler","Act Like it!","BaseMod","Clockwork Mod","Colored Powertips","Grow up Mod","Minty Spire (QoL Compilation)","Relic Stats","Remove Card Discount Mod","Shade Mod","Shop Mod","StSLib","The Animator","The Cursed","The Hierophant","The Necromancer","The Servant 0.9.4"],"gold_per_floor":[118,124,124,134,149,149,160,178,227,228,234,234,266,266,266,366,366,378,401,154,167,212,283,283,325,325,364,364,417,389,513,513,577,577,623,657,0,46,86,116,200,329,329,283,355,426,426,30,30,22],"floor_reached":51,"playtime":3561,"items_purged":[],"score":1369,"play_id":"645827db-8658-45c0-ad3e-13570320338b","local_time":"20201221152130","is_ascension_mode":false,"campfire_choices":[{"data":"hierophant:Punish","floor":6.0,"key":"SMITH"},{"data":"hierophant:ChurchCoffers","floor":12.0,"key":"SMITH"},{"data":"hierophant:ThreeLashes","floor":15.0,"key":"SMITH"},{"data":"hierophant:HammerAndAnvil","floor":24.0,"key":"SMITH"},{"data":"hierophant:ArchangelShield","floor":28.0,"key":"SMITH"},{"data":"hierophant:Zeal","floor":32.0,"key":"SMITH"},{"data":"hierophant:RepressedViolence","floor":47,"key":"SMITH"},{"data":"hierophant:Repentance","floor":49,"key":"SMITH"}],"circlet_count":0,"master_deck":["hierophant:Strike_Hierophant+1","hierophant:Strike_Hierophant","hierophant:Strike_Hierophant+1","hierophant:Punish+1","hierophant:Defend_Hierophant","hierophant:Defend_Hierophant","hierophant:Defend_Hierophant","hierophant:Defend_Hierophant","hierophant:ChurchCoffers+1","DevaForm+1","Demon Form+1","Clockwork:PerfectForm+1","Clockwork:PerfectForm+1","hierophant:ArchangelShield+1","hierophant:ThreeLashes+1","CurseOfTheBell","hierophant:Zeal+1","hierophant:RustyCrate","hierophant:Doubloon","hierophant:Doubloon","hierophant:HammerAndAnvil+1","hierophant:Kindle","hierophant:Repentance+1","hierophant:HolyVerse+1","hierophant:BulkyChest","hierophant:RustyCrate+1","hierophant:Doubloon","hierophant:Doubloon","hierophant:RepressedViolence+1"],"relics":["hierophant:PropheticMaskRelic","Toy Ornithopter","Whetstone","Dream Catcher","Ornamental Fan","Akabeko","Calling Bell","CeramicFish","Mummified Hand","Dead Branch","MerchantsRug","Bronze Scales","Du-Vu Doll","Nunchaku","Ginger","Kunai","SacredBark","Red Mask","Ancient Tea Set","Bag of Marbles","Darkstone Periapt","Lantern","HandDrill","Happy Flower"],"acts_visited":["Exordium","TheCity","TheBeyond"],"potions_floor_usage":[],"damage_taken":[{"damage":8.0,"enemies":"2 Louse","floor":1.0,"turns":4.0},{"damage":13.0,"enemies":"Cultist","floor":2.0,"turns":5.0},{"damage":0.0,"enemies":"Jaw Worm","floor":4.0,"turns":1.0},{"damage":0.0,"enemies":"Lots of Slimes","floor":5.0,"turns":1.0},{"damage":10.0,"enemies":"Lagavulin","floor":7.0,"turns":5.0},{"damage":26.0,"enemies":"Gremlin Gang","floor":8.0,"turns":4.0},{"damage":2.0,"enemies":"Blue Slaver","floor":10.0,"turns":4.0},{"damage":0.0,"enemies":"Looter","floor":11.0,"turns":1.0},{"damage":14.0,"enemies":"Gremlin Nob","floor":13.0,"turns":3.0},{"damage":0.0,"enemies":"Slime Boss","floor":16.0,"turns":3.0},{"damage":0.0,"enemies":"2 Thieves","floor":18.0,"turns":2.0},{"damage":0.0,"enemies":"Spheric Guardian","floor":19.0,"turns":1.0},{"damage":0.0,"enemies":"Cultist and Chosen","floor":21.0,"turns":3.0},{"damage":7.0,"enemies":"Snake Plant","floor":22.0,"turns":2.0},{"damage":0.0,"enemies":"Slavers","floor":23.0,"turns":3.0},{"damage":0.0,"enemies":"Chosen and Byrds","floor":25.0,"turns":1.0},{"damage":12.0,"enemies":"Centurion and Healer","floor":27.0,"turns":3.0},{"damage":13.0,"enemies":"Book of Stabbing","floor":29.0,"turns":4.0},{"damage":0.0,"enemies":"3 Cultists","floor":30.0,"turns":3.0},{"damage":9.0,"enemies":"Colosseum Slavers","floor":31.0,"turns":2.0},{"damage":7.0,"enemies":"Colosseum Nobs","floor":31.0,"turns":4.0},{"damage":4,"enemies":"Collector","floor":33,"turns":3},{"damage":26,"enemies":"3 Shapes","floor":35,"turns":3},{"damage":0,"enemies":"3 Darklings","floor":36,"turns":3},{"damage":0,"enemies":"Jaw Worm Horde","floor":38,"turns":2},{"damage":0,"enemies":"Spire Growth","floor":39,"turns":2},{"damage":30,"enemies":"Reptomancer","floor":40,"turns":5},{"damage":0,"enemies":"Sphere and 2 Shapes","floor":41,"turns":2},{"damage":19,"enemies":"Giant Head","floor":42,"turns":5},{"damage":14,"enemies":"Transient","floor":44,"turns":5},{"damage":8,"enemies":"4 Shapes","floor":45,"turns":4},{"damage":16,"enemies":"Maw","floor":46,"turns":5},{"damage":108,"enemies":"Awakened One","floor":50,"turns":10}],"seed_played":"-6028090621222410332","potions_obtained":[{"floor":2.0,"key":"Explosive Potion"},{"floor":5.0,"key":"Energy Potion"},{"floor":7.0,"key":"Swift Potion"},{"floor":16.0,"key":"Block Potion"},{"floor":22.0,"key":"Regen Potion"},{"floor":29.0,"key":"Fruit Juice"},{"floor":38,"key":"Swift Potion"}],"is_trial":false,"path_per_floor":["M","M","?","M","M","R","E","M","T","M","M","R","E","?","R","B",null,"M","M","$","M","M","E","R","M","T","M","R","E","M","?","R","B",null,"M","M","?","M","M","E","M","E","T","M","M","M","R","$","R","B",null],"character_chosen":"HIEROPHANT","items_purchased":["MerchantsRug","Fruit Juice","hierophant:RustyCrate","Lantern","HandDrill","Happy Flower"],"campfire_rested":0,"item_purchase_floors":[20,20,20,48,48,48],"current_hp_per_floor":[87,84,94,104,114,124,124,108,118,126,136,146,142,152,162,172,255,265,275,290,300,303,313,323,333,343,341,351,358,368,362,372,378,435,419,429,439,449,459,439,449,440,450,446,448,442,452,462,472,374],"gold":22,"neow_bonus":"RANDOM_COMMON_RELIC","is_daily":false,"chose_seed":false,"campfire_upgraded":8,"win_rate":0.0,"timestamp":1608574890,"path_taken":["M","M","?","M","?","R","E","M","T","M","M","R","E","?","R","BOSS","M","M","$","M","?","E","R","M","T","M","R","E","?","?","R","BOSS","M","M","?","M","M","E","M","E","T","M","M","M","R","$","R","BOSS"],"items_purchased_type":["Relic","Potion","Card","Relic","Relic","Relic"],"build_version":"2020-12-13","purchased_purges":0,"victory":true,"max_hp_per_floor":[95,105,115,125,135,145,155,165,175,185,195,205,215,225,235,245,255,265,275,290,300,310,320,330,340,350,360,370,385,395,405,415,425,435,445,455,465,475,485,495,505,515,525,535,545,555,565,575,585,595],"relic_stats":{"Darkstone Periapt":0,"Happy Flower":[3],"counters":[33,108],"CeramicFish":117,"Dead Branch":[6],"Whetstone":["hierophant:Strike_Hierophant","hierophant:Strike_Hierophant"],"Ginger":[5],"Dream Catcher":0,"Nunchaku":[13],"Ornamental Fan":[136],"Mummified Hand":[359],"Bronze Scales":[159],"HandDrill":[0],"Kunai":[19],"obtain_stats":[{"Darkstone Periapt":43,"MerchantsRug":20,"Lantern":48,"Happy Flower":48,"hierophant:PropheticMaskRelic":0,"CeramicFish":17,"Dead Branch":17,"SacredBark":34,"Whetstone":7,"Ginger":31,"Ancient Tea Set":40,"Akabeko":14,"Calling Bell":17,"Du-Vu Doll":26,"Dream Catcher":9,"Nunchaku":29,"Ornamental Fan":13,"Mummified Hand":17,"Bronze Scales":23,"Red Mask":37,"Bag of Marbles":42,"HandDrill":48,"Kunai":31,"Toy Ornithopter":0},{"Darkstone Periapt":29,"MerchantsRug":12,"Lantern":32,"Happy Flower":32,"hierophant:PropheticMaskRelic":0,"CeramicFish":10,"Dead Branch":10,"SacredBark":22,"Whetstone":5,"Ginger":21,"Ancient Tea Set":27,"Akabeko":9,"Calling Bell":10,"Du-Vu Doll":16,"Dream Catcher":6,"Nunchaku":18,"Ornamental Fan":9,"Mummified Hand":10,"Bronze Scales":15,"Red Mask":24,"Bag of Marbles":29,"HandDrill":32,"Kunai":21,"Toy Ornithopter":0},{"Darkstone Periapt":84,"MerchantsRug":34,"Lantern":98,"Happy Flower":98,"hierophant:PropheticMaskRelic":0,"CeramicFish":31,"Dead Branch":31,"SacredBark":62,"Whetstone":16,"Ginger":59,"Ancient Tea Set":77,"Akabeko":28,"Calling Bell":31,"Du-Vu Doll":43,"Dream Catcher":20,"Nunchaku":50,"Ornamental Fan":28,"Mummified Hand":31,"Bronze Scales":42,"Red Mask":68,"Bag of Marbles":84,"HandDrill":98,"Kunai":59,"Toy Ornithopter":0}],"Toy Ornithopter":5},"card_choices":[{"not_picked":["hierophant:Smite","hierophant:Upheaval","hierophant:AuricBeam"],"picked":"SKIP","floor":1.0},{"not_picked":["hierophant:Flagellation","hierophant:Shelter"],"picked":"hierophant:ArchangelShield","floor":2.0},{"not_picked":["hierophant:Shelter","hierophant:TollTheBells","hierophant:Exaltation"],"picked":"SKIP","floor":4.0},{"not_picked":["hierophant:CoinFling","hierophant:OrnateBuckler","hierophant:Shelter"],"picked":"SKIP","floor":5.0},{"not_picked":["hierophant:DivineIntervention","hierophant:SealAway","hierophant:Glossolalia"],"picked":"SKIP","floor":7.0},{"not_picked":["hierophant:RepressedViolence","hierophant:Purify","hierophant:SealAway"],"picked":"SKIP","floor":8.0},{"not_picked":["hierophant:HammerAndAnvil","hierophant:Dazzle","hierophant:HolyVerse"],"picked":"SKIP","floor":10.0},{"not_picked":["hierophant:Flagellation","hierophant:Glossolalia","hierophant:Refuge"],"picked":"SKIP","floor":11.0},{"not_picked":["hierophant:Invocation","hierophant:Bribe"],"picked":"hierophant:ThreeLashes","floor":13.0},{"not_picked":["hierophant:Zeal","hierophant:Racketeering","hierophant:FlamingChariot+1"],"picked":"SKIP","floor":18.0},{"not_picked":["hierophant:Remorse","hierophant:Bribe"],"picked":"hierophant:Zeal","floor":19.0},{"not_picked":["hierophant:MorningPrayer","hierophant:Dazzle","hierophant:HammerAndAnvil"],"picked":"SKIP","floor":21.0},{"not_picked":["hierophant:HammerAndAnvil","hierophant:AuricShield","hierophant:Smite"],"picked":"SKIP","floor":22.0},{"not_picked":["hierophant:Chorus","hierophant:CoinFling"],"picked":"hierophant:HammerAndAnvil","floor":23.0},{"not_picked":["hierophant:RecallFunds","hierophant:Bribe","hierophant:Rebuild"],"picked":"SKIP","floor":25.0},{"not_picked":["hierophant:Encroach","hierophant:SealAway","hierophant:Doubloon+1"],"picked":"SKIP","floor":27.0},{"not_picked":["hierophant:FaithHealing","hierophant:TollTheBells","hierophant:Refuge"],"picked":"SKIP","floor":29.0},{"not_picked":["hierophant:Sermon+1","hierophant:AuricBeam+1","hierophant:SealAway"],"picked":"SKIP","floor":30.0},{"not_picked":["hierophant:Determination","hierophant:Invocation"],"picked":"hierophant:Kindle","floor":33},{"not_picked":["hierophant:AuricBeam+1","hierophant:FlamingChariot+1"],"picked":"hierophant:Repentance","floor":35},{"not_picked":["hierophant:PristineSoul+1","hierophant:Doubloon","hierophant:RustyCrate"],"picked":"SKIP","floor":36},{"not_picked":["hierophant:CursedGold","hierophant:Chorus"],"picked":"hierophant:HolyVerse+1","floor":38},{"not_picked":["hierophant:OrnateBuckler","hierophant:SecretStash","hierophant:Sermon+1"],"picked":"SKIP","floor":39},{"not_picked":["hierophant:Doomsaying","hierophant:AuricShield+1"],"picked":"hierophant:BulkyChest","floor":40},{"not_picked":["hierophant:OrnateBuckler","hierophant:ThreeLashes+1","hierophant:Martyrdom+1"],"picked":"SKIP","floor":41},{"not_picked":["hierophant:DisplayOfPower+1","hierophant:AuricForm","hierophant:Sermon+1"],"picked":"SKIP","floor":42},{"not_picked":["hierophant:Prophecy+1","hierophant:OrnateJavelin"],"picked":"hierophant:RustyCrate+1","floor":44},{"not_picked":["hierophant:PristineSoul+1","hierophant:Encroach+1","hierophant:FlamingChariot+1"],"picked":"SKIP","floor":45},{"not_picked":["hierophant:FieryStrike","hierophant:Shelter"],"picked":"hierophant:RepressedViolence","floor":46}],"player_experience":171033,"relics_obtained":[{"floor":7.0,"key":"Whetstone"},{"floor":9.0,"key":"Dream Catcher"},{"floor":13.0,"key":"Ornamental Fan"},{"floor":17.0,"key":"CeramicFish"},{"floor":17.0,"key":"Mummified Hand"},{"floor":17.0,"key":"Dead Branch"},{"floor":23.0,"key":"Bronze Scales"},{"floor":26.0,"key":"Du-Vu Doll"},{"floor":29.0,"key":"Nunchaku"},{"floor":31.0,"key":"Ginger"},{"floor":31.0,"key":"Kunai"},{"floor":40,"key":"Ancient Tea Set"},{"floor":42,"key":"Bag of Marbles"},{"floor":43,"key":"Darkstone Periapt"}],"event_choices":[{"cards_removed":["hierophant:Strike_Hierophant"],"damage_healed":0.0,"max_hp_gain":0.0,"max_hp_loss":0.0,"gold_gain":0.0,"event_name":"Purifier","player_choice":"Purged","floor":3.0,"gold_loss":0.0,"damage_taken":0.0},{"damage_healed":0.0,"max_hp_gain":0.0,"max_hp_loss":0.0,"gold_gain":0.0,"event_name":"WeMeetAgain","player_choice":"Gave Potion","floor":14.0,"gold_loss":0.0,"damage_taken":0.0,"relics_obtained":["Akabeko"]},{"damage_healed":0.0,"max_hp_gain":0.0,"max_hp_loss":0.0,"gold_gain":0.0,"event_name":"Colosseum","player_choice":"Fight","floor":31.0,"gold_loss":0.0,"damage_taken":0.0},{"damage_healed":0.0,"max_hp_gain":0.0,"max_hp_loss":0.0,"gold_gain":0.0,"event_name":"Colosseum","player_choice":"Fought Nobs","floor":31.0,"gold_loss":0.0,"damage_taken":0.0},{"damage_healed":0,"gold_gain":0,"player_choice":"Paid","damage_taken":0,"relics_obtained":["Red Mask"],"max_hp_gain":0,"max_hp_loss":0,"event_name":"Tomb of Lord Red Mask","floor":37,"gold_loss":657}],"is_beta":false,"boss_relics":[{"not_picked":["Coffee Dripper","Philosopher\u0027s Stone"],"picked":"Calling Bell"},{"not_picked":["Fusion Hammer","Snecko Eye"],"picked":"SacredBark"}],"items_purged_floors":[],"is_endless":false,"potions_floor_spawned":[2,5,7,8,10,16,19,22,23,27,29,38,40,42,45],"ascension_level":0}}