{"host":"vd5put2n5b3t1prw","time":1608518918,"event":{"mods":["2.2 Compatiblity","AchievementEnabler","BaseMod","Better Altar","Better Match","Better Note","Better Sensory Stone","Better Silent Start","Better Skull","Better Third Choice","Better Vampires","Better-Laid Plans","BetterRewards","Block Reminder","Card Forge","Colored Map","Custom Start","Downfall","Emptier Cage","Marked Mod","Minty Spire (QoL Compilation)","Quick Restart","Random Character Button","Relic Stats","Reorder Act Four","Spicy Shops","StSLib","Transform Curses","Waifu the Spire"],"gold_per_floor":[112,130,130,142,142,181,181,215,215,256,271,287,322,340,340,461,461,461,461],"floor_reached":18,"playtime":1805,"items_purged":["Strike_P","Strike_P","Strike_P"],"score":373,"play_id":"dc020d0c-c75c-4d2b-870a-06c46573360b","local_time":"20201220204838","is_ascension_mode":true,"campfire_choices":[{"data":"Prostrate","floor":7.0,"key":"SMITH"},{"data":"BattleHymn","floor":15,"key":"SMITH"}],"circlet_count":0,"master_deck":["AscendersBane","Defend_P","Defend_P+1","Eruption+1","Vigilance+1","Prostrate+1","LikeWater+1","DevaForm","FlurryOfBlows+1","WindmillStrike+1","LessonLearned+1","Protect+1","FlyingSleeves+1","Tantrum+1","FlyingSleeves+1","Establishment+1","FlurryOfBlows+1","BattleHymn+1","Evaluate","Protect"],"relics":["PureWater","Hammer of Thor","Seething Fire","Anvil of the Gods","The Courier","Mummified Hand","Membership Card","Orrery","Shuriken","Kunai","Whetstone","Molten Egg 2","Pen Nib","Damaru","PreservedInsect","Golden Idol","InkBottle","Eternal Feather","Bag of Preparation","Odd Mushroom","Empty Cage"],"acts_visited":["Exordium","TheCity"],"potions_floor_usage":[16],"damage_taken":[{"damage":0.0,"enemies":"Small Slimes","floor":1.0,"turns":2.0},{"damage":0.0,"enemies":"2 Louse","floor":2.0,"turns":1.0},{"damage":0.0,"enemies":"Jaw Worm","floor":4.0,"turns":1.0},{"damage":1.0,"enemies":"3 Sentries","floor":6.0,"turns":3.0},{"damage":0.0,"enemies":"Gremlin Nob","floor":8.0,"turns":2.0},{"damage":21.0,"enemies":"3 Sentries","floor":10.0,"turns":5.0},{"damage":5,"enemies":"Lots of Slimes","floor":11,"turns":4},{"damage":0,"enemies":"Blue Slaver","floor":12,"turns":1},{"damage":0,"enemies":"The Mushroom Lair","floor":13,"turns":2},{"damage":2,"enemies":"3 Louse","floor":14,"turns":2},{"damage":23,"enemies":"Hexaghost","floor":16,"turns":4},{"damage":0,"enemies":"2 Thieves","floor":18,"turns":1}],"seed_played":"5326083313769118549","potions_obtained":[{"floor":2.0,"key":"LiquidMemories"},{"floor":8.0,"key":"FairyPotion"},{"floor":10.0,"key":"Weak Potion"},{"floor":13,"key":"Swift Potion"}],"is_trial":false,"path_per_floor":["M","M","?","M","?","E","R","E","T","E","M","M","?","M","R","B",null,"M"],"character_chosen":"WATCHER","items_purchased":["Prostrate","Membership Card","LikeWater","Orrery","Shuriken","Kunai","Whetstone","Molten Egg 2","Protect","Pen Nib","Damaru","PreservedInsect","FlyingSleeves+1","Tantrum+1","FlyingSleeves+1"],"campfire_rested":0,"item_purchase_floors":[0,0,0,0,0,0,0,0,0,0,0,0,0,0,0],"current_hp_per_floor":[65,65,70,70,70,69,69,69,69,48,43,43,43,41,53,30,61,61,61],"gold":461,"neow_bonus":"","is_daily":false,"chose_seed":false,"campfire_upgraded":2,"win_rate":0.0,"timestamp":1608518918,"path_taken":["M","M","?","M","?","E","R","E","T","E","M","M","?","M","R","BOSS","M"],"items_purchased_type":["Card","Relic","Card","Relic","Relic","Relic","Relic","Relic","Card","Relic","Relic","Relic","Card","Card","Card"],"build_version":"2020-12-13","purchased_purges":3,"victory":false,"max_hp_per_floor":[72,72,77,77,71,71,71,71,71,71,71,71,71,71,71,71,71,71,71],"relic_stats":{"counters":[13,30],"Mummified Hand":[31],"Shuriken":[12],"Golden Idol":64,"Eternal Feather":12,"Pen Nib":[7],"PreservedInsect":91,"Bag of Preparation":[12],"Kunai":[12],"Whetstone":["Eruption","FlurryOfBlows"],"obtain_stats":[{"Ice Cream":0,"Calipers":0,"Gremlin Horn":0,"Hammer of Thor":0,"Ginger":0,"Whetstone":0,"Lizard Tail":0,"Sundial":0,"Prayer Wheel":0,"Kunai":0,"Toxic Egg 2":0,"Girya":0,"Dead Branch":0,"Eternal Feather":9,"Pen Nib":0,"Question Card":0,"Du-Vu Doll":0,"Anvil of the Gods":0,"Shuriken":0,"Bird Faced Urn":0,"Molten Egg 2":0,"Unceasing Top":0,"Pocketwatch":0,"Lantern":0,"Torii":0,"StoneCalendar":0,"Mango":0,"CloakClasp":0,"Incense Burner":0,"Juzu Bracelet":0,"Bag of Preparation":10,"Empty Cage":17,"Frozen Eye":0,"Shovel":0,"Mummified Hand":0,"Gambling Chip":0,"WingedGreaves":0,"InkBottle":6,"NeowsBlessing":0,"Golden Idol":5,"Circlet":0,"Damaru":0,"Thread and Needle":0,"PreservedInsect":0,"The Courier":0,"Omamori":0,"Seething Fire":0,"Frozen Egg 2":0,"Odd Mushroom":13,"GoldenEye":0,"CaptainsWheel":0,"Orrery":0,"Turnip":0,"Membership Card":0,"PureWater":0,"FossilizedHelix":0,"TungstenRod":0},{"Ice Cream":0,"Calipers":0,"Gremlin Horn":0,"Hammer of Thor":0,"Ginger":0,"Whetstone":1,"Lizard Tail":0,"Sundial":0,"Prayer Wheel":0,"Kunai":1,"Toxic Egg 2":0,"Girya":0,"Dead Branch":0,"Eternal Feather":6,"Pen Nib":0,"Question Card":0,"Du-Vu Doll":0,"Anvil of the Gods":0,"Shuriken":1,"Bird Faced Urn":0,"Molten Egg 2":0,"Unceasing Top":0,"Pocketwatch":0,"Lantern":0,"Torii":0,"StoneCalendar":0,"Mango":0,"CloakClasp":0,"Incense Burner":0,"Juzu Bracelet":0,"Bag of Preparation":7,"Empty Cage":12,"Frozen Eye":0,"Shovel":0,"Mummified Hand":0,"Gambling Chip":0,"WingedGreaves":0,"InkBottle":5,"NeowsBlessing":0,"Golden Idol":4,"Circlet":0,"Damaru":0,"Thread and Needle":0,"PreservedInsect":0,"The Courier":0,"Omamori":0,"Seething Fire":0,"Frozen Egg 2":0,"Odd Mushroom":10,"GoldenEye":0,"CaptainsWheel":0,"Orrery":1,"Turnip":0,"Membership Card":0,"PureWater":0,"FossilizedHelix":0,"TungstenRod":0},{"Ice Cream":0,"Calipers":0,"Gremlin Horn":0,"Hammer of Thor":0,"Ginger":0,"Whetstone":2,"Lizard Tail":0,"Sundial":0,"Prayer Wheel":0,"Kunai":2,"Toxic Egg 2":0,"Girya":0,"Dead Branch":0,"Eternal Feather":11,"Pen Nib":0,"Question Card":0,"Du-Vu Doll":0,"Anvil of the Gods":0,"Shuriken":2,"Bird Faced Urn":0,"Molten Egg 2":0,"Unceasing Top":0,"Pocketwatch":0,"Lantern":0,"Torii":0,"StoneCalendar":0,"Mango":0,"CloakClasp":0,"Incense Burner":0,"Juzu Bracelet":0,"Bag of Preparation":16,"Empty Cage":29,"Frozen Eye":0,"Shovel":0,"Mummified Hand":0,"Gambling Chip":0,"WingedGreaves":0,"InkBottle":9,"NeowsBlessing":0,"Golden Idol":6,"Circlet":0,"Damaru":0,"Thread and Needle":0,"PreservedInsect":0,"The Courier":0,"Omamori":0,"Seething Fire":0,"Frozen Egg 2":0,"Odd Mushroom":23,"GoldenEye":0,"CaptainsWheel":0,"Orrery":2,"Turnip":0,"Membership Card":0,"PureWater":0,"FossilizedHelix":0,"TungstenRod":0}],"InkBottle":[9]},"card_choices":[{"not_picked":["DeceiveReality","Wallop"],"picked":"DevaForm","floor":0.0},{"not_picked":["Swivel","CutThroughFate"],"picked":"FlurryOfBlows","floor":0.0},{"not_picked":["FlyingSleeves","PathToVictory"],"picked":"WindmillStrike","floor":0.0},{"not_picked":["ClearTheMind","Weave"],"picked":"LessonLearned","floor":0.0},{"not_picked":["FollowUp+1","ClearTheMind"],"picked":"FlurryOfBlows+1","floor":1.0},{"not_picked":["MarkedMod:FirstStrike","Study","Consecrate+1"],"picked":"SKIP","floor":2.0},{"not_picked":["Halt","WheelKick+1","Swivel"],"picked":"SKIP","floor":4.0},{"not_picked":["EmptyBody","Indignation","WheelKick+1"],"picked":"SKIP","floor":6.0},{"not_picked":["Wish","ForeignInfluence","Adaptation"],"picked":"SKIP","floor":8.0},{"not_picked":["WheelKick+1","Perseverance"],"picked":"BattleHymn","floor":10.0},{"not_picked":["Conclude+1","MarkedMod:GracefulMovements","Halt"],"picked":"SKIP","floor":11},{"not_picked":["Halt","PathToVictory"],"picked":"Evaluate","floor":12},{"not_picked":["Pray","FollowUp+1"],"picked":"Protect","floor":13},{"not_picked":["EmptyBody","Fasting2","MarkedMod:FirstStrike"],"picked":"SKIP","floor":14}],"player_experience":300198,"relics_obtained":[{"floor":6.0,"key":"InkBottle"},{"floor":8.0,"key":"Mummified Hand"},{"floor":9.0,"key":"Eternal Feather"},{"floor":10.0,"key":"Bag of Preparation"},{"floor":13,"key":"Odd Mushroom"}],"event_choices":[{"damage_healed":0.0,"max_hp_gain":5.0,"max_hp_loss":0.0,"gold_gain":0.0,"event_name":"Big Fish","player_choice":"Donut","floor":3.0,"gold_loss":0.0,"damage_taken":0.0},{"damage_healed":0.0,"max_hp_gain":0.0,"max_hp_loss":6.0,"gold_gain":0.0,"event_name":"Golden Idol","player_choice":"Lose Max HP","floor":5.0,"gold_loss":0.0,"damage_taken":0.0,"relics_obtained":["Golden Idol"]},{"damage_healed":0,"gold_gain":0,"player_choice":"Fought Mushrooms","damage_taken":0,"max_hp_gain":0,"max_hp_loss":0,"event_name":"Mushrooms","floor":13,"gold_loss":0}],"is_beta":false,"boss_relics":[{"not_picked":["Black Star","SlaversCollar"],"picked":"Empty Cage"}],"items_purged_floors":[0,0,0],"is_endless":false,"potions_floor_spawned":[2,8,10,13,14],"killed_by":"2 Thieves","ascension_level":10}}