{"host":"363c1o4m0ew2jbar","time":1608531031,"event":{"mods":["AchievementEnabler","BaseMod","Better Note","Downfall","Hubris","Minty Spire (QoL Compilation)","StSLib"],"gold_per_floor":[99,99,199,230,57,57,57,74,90,121,140,159,159,259,277,277,277],"floor_reached":16,"playtime":784,"items_purged":[],"score":121,"play_id":"04e0f785-0d13-483f-b0ab-08d1e52a1e0c","local_time":"20201220201031","is_ascension_mode":true,"campfire_choices":[{"data":"sneckomod:SnekBite","floor":1,"key":"SMITH"},{"floor":6,"key":"REST"}],"circlet_count":0,"master_deck":["sneckomod:Strike","sneckomod:Defend","sneckomod:Defend","sneckomod:Defend","sneckomod:TailWhip","sneckomod:SnekBite+1","sneckomod:Unknown","sneckomod:Unknown","sneckomod:WideSting","sneckomod:UnknownExhaust","sneckomod:CheapStock","expansioncontent:DonusPower+1","sneckomod:UnknownUncommonPower","sneckomod:SlitherStrike","sneckomod:UnknownStrength","sneckomod:UnknownClassSLIMEBOUND","sneckomod:SerpentIdol","sneckomod:UnknownEthereal","sneckomod:QuickMove","sneckomod:UnknownDexterity"],"relics":["sneckomod:SneckoSoul","Prayer Wheel","downfall:ShatteredFragment","Pantograph","Pear","Mummified Hand"],"acts_visited":["Exordium"],"potions_floor_usage":[10,14],"damage_taken":[{"damage":30,"enemies":"Lagavulin","floor":4,"turns":6},{"damage":5,"enemies":"downfall:FleeingMerchant","floor":5,"turns":4},{"damage":0,"enemies":"Cultist","floor":8,"turns":2},{"damage":3,"enemies":"Small Slimes","floor":9,"turns":2},{"damage":18,"enemies":"Gremlin Nob","floor":10,"turns":4},{"damage":0,"enemies":"2 Louse","floor":11,"turns":2},{"damage":16,"enemies":"Blue Slaver","floor":12,"turns":3},{"damage":30,"enemies":"downfall:Heads","floor":14,"turns":5},{"damage":13,"enemies":"Large Slime","floor":15,"turns":4},{"damage":56,"enemies":"downfall:Watcher","floor":16,"turns":8}],"seed_played":"-3728558870809098006","potions_obtained":[{"floor":8,"key":"PowerPotion"},{"floor":9,"key":"Strength Potion"},{"floor":11,"key":"FairyPotion"}],"is_trial":false,"path_per_floor":["R","?","?","E","$","R","T","M","M","E","M","M","?","?","M","B"],"character_chosen":"THE_SNECKO","items_purchased":["sneckomod:CheapStock","expansioncontent:DonusPower"],"campfire_rested":1,"item_purchase_floors":[5,5],"current_hp_per_floor":[81,60,60,30,26,50,60,61,66,48,49,33,33,4,24,0,0],"gold":277,"neow_bonus":"ONE_RARE_RELIC","is_daily":false,"chose_seed":false,"campfire_upgraded":1,"win_rate":0.0,"timestamp":1608531031,"path_taken":["R","?","?","E","$","R","T","M","?","E","?","M","?","?","M","BOSS"],"items_purchased_type":["Card","Card"],"build_version":"2020-12-13","purchased_purges":0,"victory":false,"max_hp_per_floor":[81,81,81,81,82,82,92,93,94,94,95,95,95,96,97,97,97],"card_choices":[{"not_picked":["sneckomod:RainOfDice","sneckomod:Nope"],"picked":"sneckomod:WideSting","floor":4},{"not_picked":["sneckomod:UnknownStrike","sneckomod:QuickBite"],"picked":"sneckomod:UnknownExhaust","floor":5},{"not_picked":["sneckomod:DiceCrush","sneckomod:DiceBlock"],"picked":"sneckomod:UnknownUncommonPower","floor":8},{"not_picked":["sneckomod:Unknown1Cost","sneckomod:UnknownStrike","sneckomod:IronFang"],"picked":"SKIP","floor":8},{"not_picked":["sneckomod:SoulCleanse","sneckomod:Unknown1Cost"],"picked":"sneckomod:SlitherStrike","floor":9},{"not_picked":["sneckomod:UnknownVulnerable","sneckomod:IronFang"],"picked":"sneckomod:UnknownStrength","floor":9},{"not_picked":["sneckomod:UnknownClassGREEN","sneckomod:UnknownVulnerable","sneckomod:SoulExchange"],"picked":"SKIP","floor":10},{"not_picked":["sneckomod:ImprovisedAttack","sneckomod:SoulRoll"],"picked":"sneckomod:UnknownClassSLIMEBOUND","floor":11},{"not_picked":["sneckomod:UnknownVulnerable","sneckomod:DiceCrush","sneckomod:Nope"],"picked":"SKIP","floor":11},{"not_picked":["sneckomod:UnknownWeak","sneckomod:UnknownVulnerable","sneckomod:RainOfDice"],"picked":"SKIP","floor":12},{"not_picked":["sneckomod:MixItUp","sneckomod:UnknownClassGREEN","sneckomod:QuickBite"],"picked":"SKIP","floor":12},{"not_picked":["sneckomod:UnknownVulnerable","sneckomod:Unknown1Cost"],"picked":"sneckomod:QuickMove","floor":14},{"not_picked":["sneckomod:Unknown1Cost","sneckomod:WideSting"],"picked":"sneckomod:UnknownDexterity","floor":15},{"not_picked":["sneckomod:SoulDraw","sneckomod:RainOfDice","sneckomod:QuickBite"],"picked":"SKIP","floor":15},{"not_picked":["sneckomod:SlitherStrike","sneckomod:UnknownVulnerable","sneckomod:Unknown1Cost"],"picked":"SKIP","floor":15}],"player_experience":1132802,"relics_obtained":[{"floor":4,"key":"Pantograph"},{"floor":7,"key":"Pear"},{"floor":10,"key":"Mummified Hand"}],"event_choices":[],"is_beta":false,"boss_relics":[],"items_purged_floors":[],"is_endless":false,"potions_floor_spawned":[8,9,11],"killed_by":"downfall:Watcher","ascension_level":2}}