{"host":"y89x8uui45kcjy42","time":1608523517,"event":{"mods":["2.2 Compatiblity","BaseMod","CapriCore","Colored Map","Colored Powertips","Custom Start","Friendly Minions","Highlight Path","Keyboard Shortcuts","Minty Spire (QoL Compilation)","Relic Stats","Slay the Relics Exporter","StSLib","SuperFastMode","Waifu the Spire"],"gold_per_floor":[115,135,135,148,168,168,168],"floor_reached":6,"playtime":158,"items_purged":[],"score":76,"play_id":"d547327a-8940-4f5a-ac10-6da19a3a83fd","local_time":"20201221130517","is_ascension_mode":true,"campfire_choices":[],"circlet_count":0,"master_deck":["AscendersBane","Strike_B","Strike_B","Strike_B","Strike_B","Defend_B","Defend_B","Defend_B","Defend_B","Zap+1","Dualcast","Coolheaded","Blizzard","Cold Snap"],"relics":["Cracked Core","Girya"],"acts_visited":["Exordium"],"potions_floor_usage":[6,6],"damage_taken":[{"damage":2,"enemies":"Jaw Worm","floor":1,"turns":4},{"damage":1,"enemies":"Cultist","floor":2,"turns":3},{"damage":5,"enemies":"Small Slimes","floor":4,"turns":4},{"damage":39,"enemies":"Exordium Thugs","floor":5,"turns":6},{"damage":17,"enemies":"Lagavulin","floor":6,"turns":4}],"seed_played":"2079037396941548131","potions_obtained":[{"floor":2,"key":"Swift Potion"},{"floor":4,"key":"Strength Potion"}],"is_trial":false,"path_per_floor":["M","M","?","M","M","E"],"character_chosen":"DEFECT","items_purchased":[],"campfire_rested":0,"item_purchase_floors":[],"current_hp_per_floor":[62,61,61,56,17,0,0],"gold":168,"neow_bonus":"ONE_RARE_RELIC","is_daily":false,"chose_seed":false,"campfire_upgraded":0,"win_rate":0.0,"timestamp":1608523517,"path_taken":["M","M","?","M","?","E"],"items_purchased_type":[],"build_version":"2020-12-13","purchased_purges":0,"victory":false,"max_hp_per_floor":[64,64,64,64,64,64,64],"relic_stats":{"counters":[5,21],"obtain_stats":[{"Girya":0,"Cracked Core":0},{"Girya":0,"Cracked Core":0},{"Girya":0,"Cracked Core":0}]},"card_choices":[{"not_picked":["Compile Driver","Steam Power"],"picked":"Coolheaded","floor":1},{"not_picked":["Redo","Compile Driver"],"picked":"Blizzard","floor":2},{"not_picked":["Skim","Turbo","Sweeping Beam"],"picked":"SKIP","floor":4},{"not_picked":["Blizzard","Skim"],"picked":"Cold Snap","floor":5}],"player_experience":508343,"relics_obtained":[],"event_choices":[{"damage_healed":0,"gold_gain":0,"player_choice":"Upgraded","damage_taken":0,"max_hp_gain":0,"max_hp_loss":0,"event_name":"Upgrade Shrine","floor":3,"gold_loss":0,"cards_upgraded":["Zap"]}],"is_beta":false,"boss_relics":[],"items_purged_floors":[],"is_endless":false,"potions_floor_spawned":[2,4],"killed_by":"Lagavulin","ascension_level":20}}