{"host":"dhv3u8yhd2rnugsp","time":1608591359,"event":{"mods":["BaseMod","Block Reminder","Colored Map","Googly Eyes","Highlight Path","Minty Spire (QoL Compilation)","Permanent Neow","Quick Restart","Random Character Button","StSLib"],"gold_per_floor":[109,184,26,42,55,55,75,75,75,75,108,108,108,120,120,192,192,206,206,216,6,26,26,51,86,154,189,220,220,236,251,251,251,251],"floor_reached":33,"playtime":1895,"items_purged":["Strike_G"],"score":566,"play_id":"1efd6cf2-9988-4e55-a46b-a410b6dc4292","local_time":"20201221165559","is_ascension_mode":true,"campfire_choices":[{"data":"Catalyst","floor":6,"key":"SMITH"},{"data":"Deadly Poison","floor":8,"key":"SMITH"},{"floor":10,"key":"REST"},{"data":"Glass Knife","floor":12,"key":"SMITH"},{"data":"Neutralize","floor":15,"key":"SMITH"},{"data":"Footwork","floor":23,"key":"SMITH"},{"floor":29,"key":"REST"},{"data":"Skewer","floor":32,"key":"SMITH"}],"circlet_count":0,"master_deck":["AscendersBane","Strike_G","Strike_G","Strike_G","Strike_G","Defend_G","Defend_G","Defend_G","Defend_G","Defend_G","Survivor","Neutralize+1","Deadly Poison+1","Catalyst+1","Backflip","Glass Knife+1","Adrenaline","Backflip","Prepared+1","Footwork+1","Skewer+1","Acrobatics","Blur"],"relics":["Ring of the Snake","Torii","Letter Opener","Tiny Chest","Philosopher\u0027s Stone","Nloth\u0027s Gift","Lee\u0027s Waffle","Lantern","Bottled Lightning","Red Mask","Boot"],"acts_visited":["Exordium","TheCity"],"potions_floor_usage":[7,7,18,25,25,31],"damage_taken":[{"damage":8,"enemies":"Jaw Worm","floor":1,"turns":7},{"damage":1,"enemies":"2 Louse","floor":4,"turns":4},{"damage":0,"enemies":"Cultist","floor":5,"turns":4},{"damage":2,"enemies":"The Mushroom Lair","floor":7,"turns":5},{"damage":18,"enemies":"3 Sentries","floor":11,"turns":11},{"damage":0,"enemies":"2 Fungi Beasts","floor":14,"turns":4},{"damage":8,"enemies":"The Guardian","floor":16,"turns":8},{"damage":1,"enemies":"2 Thieves","floor":18,"turns":3},{"damage":0,"enemies":"Chosen","floor":20,"turns":3},{"damage":0,"enemies":"Centurion and Healer","floor":22,"turns":6},{"damage":27,"enemies":"Gremlin Leader","floor":25,"turns":7},{"damage":24,"enemies":"Masked Bandits","floor":27,"turns":6},{"damage":12,"enemies":"Book of Stabbing","floor":28,"turns":6},{"damage":8,"enemies":"Shelled Parasite and Fungi","floor":30,"turns":5},{"damage":1,"enemies":"3 Cultists","floor":31,"turns":4},{"damage":35,"enemies":"Automaton","floor":33,"turns":8}],"seed_played":"422450731986784416","potions_obtained":[{"floor":4,"key":"Explosive Potion"},{"floor":5,"key":"Dexterity Potion"},{"floor":11,"key":"SteroidPotion"},{"floor":20,"key":"Strength Potion"},{"floor":22,"key":"Energy Potion"},{"floor":28,"key":"Fire Potion"}],"is_trial":false,"path_per_floor":["M","?","$","M","M","R","?","R","T","R","E","R","?","M","R","B",null,"M","?","M","$","M","R","T","E","T","?","E","R","M","M","R","B"],"character_chosen":"THE_SILENT","items_purchased":["Catalyst","Footwork","Lee\u0027s Waffle"],"campfire_rested":2,"item_purchase_floors":[3,21,21],"current_hp_per_floor":[36,25,25,24,24,24,22,22,22,41,23,23,28,28,28,20,58,57,57,57,78,78,78,78,51,51,27,15,38,30,29,29,0,0],"gold":251,"neow_bonus":"ONE_RARE_RELIC","is_daily":false,"chose_seed":false,"campfire_upgraded":6,"win_rate":0.0,"timestamp":1608591359,"path_taken":["M","?","$","M","M","R","?","R","T","R","E","R","?","M","R","BOSS","M","?","M","?","M","R","?","E","T","?","E","R","M","M","R","BOSS"],"items_purchased_type":["Card","Card","Relic"],"build_version":"2020-12-13","purchased_purges":1,"victory":false,"max_hp_per_floor":[66,66,66,66,66,66,66,66,66,66,66,66,71,71,71,71,71,71,71,71,78,78,78,78,78,78,78,78,78,78,78,78,78,78],"card_choices":[{"not_picked":["Riddle With Holes","Outmaneuver"],"picked":"Deadly Poison","floor":1},{"not_picked":["Slice","Predator"],"picked":"Backflip","floor":4},{"not_picked":["Underhanded Strike","Acrobatics","Blade Dance"],"picked":"SKIP","floor":5},{"not_picked":["Caltrops","Quick Slash"],"picked":"Glass Knife","floor":11},{"not_picked":["Backflip","Underhanded Strike","Grand Finale"],"picked":"SKIP","floor":14},{"not_picked":["Venomology","A Thousand Cuts"],"picked":"Adrenaline","floor":16},{"not_picked":["Cloak And Dagger","Flying Knee"],"picked":"Backflip","floor":18},{"not_picked":["Bane","Dagger Throw"],"picked":"Prepared+1","floor":20},{"not_picked":["Masterful Stab","Deflect","Outmaneuver"],"picked":"SKIP","floor":22},{"not_picked":["Doppelganger","Phantasmal Killer","Choke"],"picked":"SKIP","floor":25},{"not_picked":["Finisher","Slice"],"picked":"Skewer","floor":28},{"not_picked":["Dagger Throw","Blade Dance+1"],"picked":"Acrobatics","floor":30},{"not_picked":["Blade Dance","Outmaneuver"],"picked":"Blur","floor":31}],"player_experience":1598649,"relics_obtained":[{"floor":7,"key":"Odd Mushroom"},{"floor":9,"key":"Letter Opener"},{"floor":11,"key":"Tiny Chest"},{"floor":25,"key":"Lantern"},{"floor":26,"key":"Bottled Lightning"},{"floor":27,"key":"Red Mask"},{"floor":28,"key":"Boot"}],"event_choices":[{"damage_healed":0,"gold_gain":75,"player_choice":"Gather Gold","damage_taken":11,"max_hp_gain":0,"max_hp_loss":0,"event_name":"World of Goop","floor":2,"gold_loss":0},{"damage_healed":0,"gold_gain":0,"player_choice":"Fought Mushrooms","damage_taken":0,"max_hp_gain":0,"max_hp_loss":0,"event_name":"Mushrooms","floor":7,"gold_loss":0},{"damage_healed":0,"gold_gain":0,"player_choice":"Donut","damage_taken":0,"max_hp_gain":5,"max_hp_loss":0,"event_name":"Big Fish","floor":13,"gold_loss":0},{"damage_healed":0,"gold_gain":0,"player_choice":"Traded Relic","damage_taken":0,"relics_obtained":["Nloth\u0027s Gift"],"max_hp_gain":0,"max_hp_loss":0,"event_name":"N\u0027loth","floor":19,"relics_lost":["Odd Mushroom"],"gold_loss":0},{"damage_healed":0,"gold_gain":0,"player_choice":"Fought Bandits","damage_taken":0,"max_hp_gain":0,"max_hp_loss":0,"event_name":"Masked Bandits","floor":27,"gold_loss":0}],"is_beta":false,"boss_relics":[{"not_picked":["Coffee Dripper","Pandora\u0027s Box"],"picked":"Philosopher\u0027s Stone"}],"items_purged_floors":[3],"is_endless":false,"potions_floor_spawned":[4,5,11,20,22,28],"killed_by":"Automaton","ascension_level":20}}