{"host":"27cnk69rbdk9vsnt","time":1608560800,"event":{"mods":["BaseMod","CatGirl Mod","Ekko","Energized Spire","JesterMod","Mimic Mod","Minty Spire (QoL Compilation)","Shade Mod","Shop Mod","StSLib","The Spell Scribe","Thieving Mod"],"gold_per_floor":[18,18,34,44,44,44,70,46,115,115,115,129,129,146,146,146,146],"floor_reached":16,"playtime":444,"items_purged":[],"score":100,"play_id":"4ba232c1-3d92-4e08-9e45-af312214ff91","local_time":"20201221152640","is_ascension_mode":false,"campfire_choices":[{"data":"jesterMod:Dodge","floor":6,"key":"SMITH"},{"data":"jesterMod:Sickle","floor":13,"key":"SMITH"},{"floor":15,"key":"REST"}],"circlet_count":0,"master_deck":["jesterMod:Strike","jesterMod:Strike","jesterMod:Strike","jesterMod:Sickle+1","jesterMod:Defend","jesterMod:Defend","jesterMod:Defend","jesterMod:Defend","jesterMod:Dodge+1","jesterMod:Finale","jesterMod:ButterKnife+1","jesterMod:ButterKnife+1"],"relics":["jesterMod:JesterCap","Bag of Marbles","Blue Candle","Molten Egg 2","Vajra"],"acts_visited":["Exordium"],"potions_floor_usage":[7,7,16],"damage_taken":[{"damage":0,"enemies":"Jaw Worm","floor":1,"turns":1},{"damage":0,"enemies":"Cultist","floor":3,"turns":2},{"damage":0,"enemies":"2 Louse","floor":4,"turns":2},{"damage":14,"enemies":"Lagavulin","floor":7,"turns":5},{"damage":5,"enemies":"Lots of Slimes","floor":12,"turns":4},{"damage":2,"enemies":"Red Slaver","floor":14,"turns":2},{"damage":36,"enemies":"Slime Boss","floor":16,"turns":3}],"seed_played":"2882329712082979839","potions_obtained":[{"floor":2,"key":"Explosive Potion"},{"floor":2,"key":"LiquidBronze"},{"floor":2,"key":"Block Potion"},{"floor":4,"key":"FairyPotion"},{"floor":7,"key":"LiquidMemories"},{"floor":12,"key":"Energy Potion"},{"floor":14,"key":"Weak Potion"}],"is_trial":false,"path_per_floor":["M","?","M","M","?","R","E","$","T","T","$","M","R","M","R","B"],"character_chosen":"THE_JESTER","items_purchased":["jesterMod:Precipitation"],"campfire_rested":1,"item_purchase_floors":[8],"current_hp_per_floor":[70,70,70,70,70,70,56,36,36,36,16,11,11,9,30,0,0],"gold":146,"neow_bonus":"THREE_RARE_CARDS","is_daily":false,"chose_seed":false,"campfire_upgraded":2,"win_rate":0.0,"timestamp":1608560800,"path_taken":["M","?","M","?","?","R","E","$","T","?","?","M","R","M","R","BOSS"],"items_purchased_type":["Card"],"build_version":"2020-12-13","purchased_purges":0,"victory":false,"max_hp_per_floor":[70,70,70,70,70,70,70,70,70,70,70,70,70,70,70,70,70],"card_choices":[{"not_picked":["jesterMod:Placebo","jesterMod:ExperimentalTreatment"],"picked":"jesterMod:Finale","floor":0},{"not_picked":["jesterMod:Taunt","jesterMod:Tinker"],"picked":"jesterMod:Precipitation","floor":1},{"not_picked":["jesterMod:Twirl","jesterMod:Haste"],"picked":"jesterMod:Pause","floor":3},{"not_picked":["jesterMod:ButterKnife","jesterMod:Twirl"],"picked":"jesterMod:QuickStrike","floor":4},{"not_picked":["jesterMod:TrickyDodge","jesterMod:FlameDance"],"picked":"jesterMod:Disposophobia","floor":7},{"not_picked":["jesterMod:JugglerBlade+1","jesterMod:Mending"],"picked":"jesterMod:ButterKnife+1","floor":12},{"not_picked":["jesterMod:BouncingKnife+1","jesterMod:Rebuff+1"],"picked":"jesterMod:ButterKnife+1","floor":14}],"player_experience":494285,"relics_obtained":[{"floor":7,"key":"Bag of Marbles"},{"floor":9,"key":"Blue Candle"},{"floor":10,"key":"Molten Egg 2"}],"event_choices":[{"damage_healed":0,"gold_gain":0,"player_choice":"Got Potions","damage_taken":0,"max_hp_gain":0,"max_hp_loss":0,"event_name":"Lab","floor":2,"gold_loss":0},{"cards_removed":["jesterMod:Strike"],"damage_healed":0,"gold_gain":0,"player_choice":"Forget","damage_taken":0,"max_hp_gain":0,"max_hp_loss":0,"event_name":"Living Wall","floor":5,"gold_loss":0}],"is_beta":false,"boss_relics":[],"items_purged_floors":[],"is_endless":false,"potions_floor_spawned":[4,7,12,14],"killed_by":"Slime Boss","ascension_level":0}}