{"host":"61r95uy0hn86b9iu","time":1608514426,"event":{"mods":["AchievementEnabler","BaseMod","Better Vampires","BetterRewards","Colored Powertips","Hubris","Minty Spire (QoL Compilation)","Shop Mod","StSLib"],"gold_per_floor":[110,160,178,253,253,280,291,306,383,5,5,5,5,5,5,5,5],"floor_reached":16,"playtime":293,"items_purged":[],"score":246,"play_id":"217c033d-449e-4748-9ed4-fcf606997fed","local_time":"20201220193346","is_ascension_mode":true,"campfire_choices":[{"floor":11,"key":"REST"},{"floor":15,"key":"REST"}],"circlet_count":0,"master_deck":["AscendersBane","Strike_G","Strike_G","Strike_G","Strike_G","Strike_G","Defend_G","Defend_G","Defend_G","Defend_G","Defend_G","Survivor","Neutralize","Bouncing Flask","Cloak And Dagger","Deadly Poison","Blur"],"relics":["Ring of the Snake","NeowsBlessing","Calipers","MerchantsRug","Singing Bowl"],"acts_visited":["Exordium"],"potions_floor_usage":[8,16],"damage_taken":[{"damage":0.0,"enemies":"Small Slimes","floor":1.0,"turns":1.0},{"damage":0,"enemies":"Cultist","floor":3,"turns":1},{"damage":0,"enemies":"Gremlin Nob","floor":6,"turns":1},{"damage":7,"enemies":"2 Louse","floor":7,"turns":2},{"damage":25,"enemies":"Large Slime","floor":8,"turns":8},{"damage":48,"enemies":"Hexaghost","floor":16,"turns":9}],"seed_played":"6392415963097460398","potions_obtained":[{"floor":3,"key":"SteroidPotion"},{"floor":7,"key":"Poison Potion"}],"is_trial":false,"path_per_floor":["M","?","M","?","?","E","M","M","T","$","R","$","?","?","R","B"],"character_chosen":"THE_SILENT","items_purchased":["MerchantsRug","Singing Bowl"],"campfire_rested":2,"item_purchase_floors":[10,10],"current_hp_per_floor":[59,53,53,42,42,42,35,10,10,10,29,29,29,29,48,0,0],"gold":5,"neow_bonus":"THREE_ENEMY_KILL","is_daily":false,"chose_seed":false,"campfire_upgraded":0,"win_rate":0.0,"timestamp":1608514426,"path_taken":["M","?","?","?","?","E","M","M","T","$","R","$","?","?","R","BOSS"],"items_purchased_type":["Relic","Relic"],"build_version":"2020-12-13","purchased_purges":0,"victory":false,"max_hp_per_floor":[66,66,66,66,66,66,66,66,66,66,66,66,66,66,66,66,66],"card_choices":[{"not_picked":["Flying Knee","Acrobatics","hubris:Sniper"],"picked":"SKIP","floor":1.0},{"not_picked":["All Out Attack","Dodge and Roll"],"picked":"Bouncing Flask","floor":3},{"not_picked":["Well Laid Plans","Sucker Punch"],"picked":"Cloak And Dagger","floor":6},{"not_picked":["Blade Dance","Bouncing Flask"],"picked":"Deadly Poison","floor":7},{"not_picked":["Dodge and Roll","Underhanded Strike"],"picked":"Blur","floor":8}],"player_experience":3202559,"relics_obtained":[{"floor":6,"key":"Calipers"},{"floor":9,"key":"StrikeDummy"}],"event_choices":[{"damage_healed":0,"gold_gain":50,"player_choice":"Touch","damage_taken":6,"max_hp_gain":0,"max_hp_loss":0,"event_name":"FaceTrader","floor":2,"gold_loss":0},{"damage_healed":0,"gold_gain":75,"player_choice":"Gather Gold","damage_taken":11,"max_hp_gain":0,"max_hp_loss":0,"event_name":"World of Goop","floor":4,"gold_loss":0},{"damage_healed":0,"gold_gain":0,"player_choice":"Ignored","damage_taken":0,"max_hp_gain":0,"max_hp_loss":0,"event_name":"Shining Light","floor":5,"gold_loss":0},{"damage_healed":0,"gold_gain":0,"player_choice":"Ignored","damage_taken":0,"max_hp_gain":0,"max_hp_loss":0,"event_name":"Liars Game","floor":13,"gold_loss":0},{"damage_healed":0,"gold_gain":0,"player_choice":"Ignored","damage_taken":0,"max_hp_gain":0,"max_hp_loss":0,"event_name":"Golden Wing","floor":14,"gold_loss":0}],"is_beta":false,"boss_relics":[],"items_purged_floors":[],"is_endless":false,"potions_floor_spawned":[3,7],"killed_by":"Hexaghost","ascension_level":20}}