{"host":"rboopjqmv70p1gpw","time":1608564962,"event":{"mods":["Act Like it!","BaseMod","CapriCore","Colored Map","Emptier Cage","Friendly Minions","Gensokyo","Gold Saver","Minty Spire (QoL Compilation)","Quick Restart","READ ME - Guardian Mod","Spicy Shops","StSLib","The Alterego","Transform Curses","Waifu the Spire","WarShipGirlsR/战舰少女R mod","[IsaacMod]以撒尖塔","【东方二次创作】八云紫mod"],"gold_per_floor":[113,123,23,73,88,117,128,162,162,173,133,133,215,240,240,328,328,335,335],"floor_reached":18,"playtime":775,"items_purged":["Defend_B","Strike_B","Defend_B"],"score":426,"play_id":"d586b4a0-6592-4048-bf0b-586bd0e26f32","local_time":"20201221233602","is_ascension_mode":true,"campfire_choices":[{"data":"Hello World","floor":15,"key":"SMITH"}],"circlet_count":0,"master_deck":["AscendersBane","Defend_B","Zap+1","Dualcast+1","Gash","Sweeping Beam","Machine Learning","Beam Cell","Double Energy","Gash","Hello World+1","Reboot","ElectricPowerLearning+1","Rip and Tear+1","Creative AI+1"],"relics":["Cracked Core","HushsDoor","NeowsBlessing","Damocles","Whetstone","Smiling Mask","Sundial","Letter Opener","War Paint","HornCleat","Tiny Chest","TheBean","Strawberry","Happy Flower","Art of War","SalivaCoin","PreservedInsect","Turnip","Astrolabe","Damocles","SatanicBible","GuppysHead"],"acts_visited":["Exordium","TheCity"],"potions_floor_usage":[14,16],"damage_taken":[{"damage":0.0,"enemies":"Small Slimes","floor":1.0,"turns":1.0},{"damage":0.0,"enemies":"Cultist","floor":2.0,"turns":1.0},{"damage":0.0,"enemies":"Hiden Room Battle","floor":4.0,"turns":1.0},{"damage":11.0,"enemies":"2 Louse","floor":5.0,"turns":2.0},{"damage":6.0,"enemies":"3 Sentries","floor":6.0,"turns":5.0},{"damage":6.0,"enemies":"Looter","floor":7.0,"turns":2.0},{"damage":0.0,"enemies":"Gremlin Nob","floor":8.0,"turns":3.0},{"damage":3.0,"enemies":"Blue Slaver","floor":10.0,"turns":2.0},{"damage":0,"enemies":"Lagavulin","floor":14,"turns":5},{"damage":12,"enemies":"Hexaghost","floor":16,"turns":6},{"damage":0,"enemies":"3 Byrds","floor":18,"turns":1}],"seed_played":"6681482078280549282","potions_obtained":[{"floor":5.0,"key":"EssenceOfSteel"},{"floor":6.0,"key":"Fruit Juice"},{"floor":8.0,"key":"SteroidPotion"},{"floor":10.0,"key":"Dexterity Potion"}],"is_trial":false,"path_per_floor":["M","M","$","?","M","E","M","E","T","M","?","?","?","E","R","B",null,"M"],"character_chosen":"DEFECT","items_purchased":["Damocles","SatanicBible","GuppysHead"],"campfire_rested":0,"item_purchase_floors":[17,17,17],"current_hp_per_floor":[64,64,64,64,53,47,48,48,48,50,50,50,39,39,39,27,43,0,0],"gold":335,"neow_bonus":"THREE_ENEMY_KILL","is_daily":false,"chose_seed":false,"campfire_upgraded":1,"win_rate":0.0,"timestamp":1608564962,"path_taken":["M","M","$","?","M","E","M","E","T","M","?","?","?","E","R","BOSS","M"],"items_purchased_type":["Relic","Relic","Relic"],"build_version":"2020-12-13","purchased_purges":3,"victory":false,"max_hp_per_floor":[71,71,71,71,71,71,78,78,78,83,83,83,83,83,83,83,48,48,48],"card_choices":[{"not_picked":[],"picked":"Bomb","floor":0.0},{"not_picked":["Capacitor","Heatsinks"],"picked":"Gash","floor":1.0},{"not_picked":["Barrage","Sunder","Recycle"],"picked":"SKIP","floor":2.0},{"not_picked":["Go for the Eyes","Barrage"],"picked":"Sweeping Beam","floor":4.0},{"not_picked":["Sunder","Go for the Eyes"],"picked":"Machine Learning","floor":5.0},{"not_picked":["Sunder","Recycle"],"picked":"Beam Cell","floor":6.0},{"not_picked":["Streamline","Conserve Battery"],"picked":"Double Energy","floor":7.0},{"not_picked":["Leap","Loop"],"picked":"Gash","floor":8.0},{"not_picked":["Leap","Cold Snap","Stack"],"picked":"SKIP","floor":10.0},{"not_picked":["Redo","Defragment","Hologram"],"picked":"SKIP","floor":14},{"not_picked":["ElectricPowerLearning","Hyperbeam"],"picked":"Reboot","floor":16}],"player_experience":273345,"relics_obtained":[{"floor":1.0,"key":"Whetstone"},{"floor":2.0,"key":"Smiling Mask"},{"floor":4.0,"key":"Sundial"},{"floor":4.0,"key":"Letter Opener"},{"floor":4.0,"key":"War Paint"},{"floor":5.0,"key":"HornCleat"},{"floor":6.0,"key":"Tiny Chest"},{"floor":6.0,"key":"TheBean"},{"floor":7.0,"key":"Strawberry"},{"floor":8.0,"key":"Happy Flower"},{"floor":8.0,"key":"Art of War"},{"floor":10.0,"key":"SalivaCoin"},{"floor":14,"key":"PreservedInsect"},{"floor":14,"key":"Turnip"}],"event_choices":[{"damage_healed":0.0,"max_hp_gain":0.0,"max_hp_loss":0.0,"gold_gain":0.0,"event_name":"HidenRoomEvent","player_choice":"Fight","floor":4.0,"gold_loss":0.0,"damage_taken":0.0},{"damage_healed":0.0,"max_hp_gain":0.0,"max_hp_loss":0.0,"gold_gain":0.0,"cards_transformed":["Strike_B"],"event_name":"Living Wall","player_choice":"Change","floor":12.0,"gold_loss":0.0,"damage_taken":0.0,"cards_obtained":["Hello World"]},{"damage_healed":0.0,"max_hp_gain":0.0,"max_hp_loss":0.0,"gold_gain":75.0,"event_name":"World of Goop","player_choice":"Gather Gold","floor":13.0,"gold_loss":0.0,"damage_taken":11.0}],"is_beta":false,"boss_relics":[{"not_picked":["Pandora\u0027s Box","Runic Pyramid"],"picked":"Astrolabe"},{"not_picked":[]}],"items_purged_floors":[3,3,17],"is_endless":false,"potions_floor_spawned":[5,6,8,10],"killed_by":"3 Byrds","ascension_level":17}}