{"host":"gkm149kh1ihaqy0o","time":1608515404,"event":{"mods":["AchievementEnabler","BaseMod","Colored Powertips","Googly Eyes","Key Reminder","Minty Spire (QoL Compilation)","Permanent Neow","Quick Restart","Random Character Button","Rare Cards Sparkle","Relic Sorter","Relic Stats","SuperFastMode","Unceasing Turn Reminder","everything is the same but u backflip on backflip"],"gold_per_floor":[144,189,234,279,324,336,438,495,507,519,621,633,735,792,804,1116,1128,1185,1242,1146,1203,1260,1362,1419,1476,1513,1525,1582,1639,1741,1753,1765,2077,2089,2146,1168,1168,499,544,634,679,679,704,749,758,803,902,902,902,902],"floor_reached":51,"playtime":1863,"items_purged":[],"score":1100,"play_id":"cd803b8c-07f8-4a02-8fb6-a735f4753416","local_time":"20201220195004","daily_mods":["Shiny","Vintage","Midas"],"is_ascension_mode":false,"campfire_choices":[{"floor":6,"key":"REST"},{"floor":10,"key":"REST"},{"floor":15,"key":"REST"},{"floor":32,"key":"REST"},{"floor":42,"key":"REST"},{"floor":49,"key":"REST"}],"circlet_count":0,"master_deck":["Double Tap+1","Demon Form+1","Bludgeon+1","Feed+1","Limit Break+1","Corruption+1","Barricade+1","Fiend Fire+1","Berserk+1","Impervious+1","Juggernaut+1","Brutality+1","Reaper+1","Exhume+1","Offering+1","Immolate+1","Uppercut+1","Seeing Red+1","Bludgeon+1","RitualDagger+1","Armaments+1","Brutality+1","Body Slam+1","Heavy Blade+1","Madness+1","Inflame+1","Seeing Red+1","Blind+1","Demon Form+1","Combust+1","Flame Barrier+1","Limit Break+1","Clothesline+1"],"relics":["Burning Blood","Bottled Flame","Pen Nib","Tiny Chest","Singing Bowl","MawBank","StoneCalendar","Anchor","Bag of Preparation","Torii","NlothsMask","PreservedInsect","Bronze Scales","Black Star","Juzu Bracelet","Ornamental Fan","Paper Frog","Frozen Egg 2","MealTicket","Toxic Egg 2","Mummified Hand","Art of War","Strawberry","Mercury Hourglass","Omamori","Orichalcum","Charon\u0027s Ashes","Meat on the Bone","Philosopher\u0027s Stone","Centennial Puzzle","Molten Egg 2","Letter Opener","Strange Spoon","DollysMirror","StrikeDummy","Blood Vial","War Paint","Bottled Lightning","White Beast Statue","Vajra","Dream Catcher","CeramicFish","Lantern","Gremlin Horn","Toy Ornithopter","Mark of the Bloom"],"acts_visited":["Exordium","TheCity","TheBeyond"],"potions_floor_usage":[2,4,4,13,22,28,28,33,50,50,50,50,50],"damage_taken":[{"damage":6,"enemies":"Jaw Worm","floor":1,"turns":1},{"damage":1,"enemies":"Cultist","floor":2,"turns":2},{"damage":7,"enemies":"Small Slimes","floor":3,"turns":3},{"damage":19,"enemies":"Exordium Thugs","floor":4,"turns":4},{"damage":22,"enemies":"Looter","floor":5,"turns":3},{"damage":15,"enemies":"3 Sentries","floor":7,"turns":2},{"damage":18,"enemies":"2 Fungi Beasts","floor":8,"turns":2},{"damage":12,"enemies":"Gremlin Nob","floor":11,"turns":2},{"damage":13,"enemies":"Lagavulin","floor":13,"turns":2},{"damage":0,"enemies":"3 Louse","floor":14,"turns":2},{"damage":6,"enemies":"Slime Boss","floor":16,"turns":3},{"damage":0,"enemies":"Shell Parasite","floor":18,"turns":2},{"damage":16,"enemies":"Spheric Guardian","floor":19,"turns":3},{"damage":0,"enemies":"Snake Plant","floor":21,"turns":2},{"damage":9,"enemies":"Centurion and Healer","floor":22,"turns":4},{"damage":12,"enemies":"Book of Stabbing","floor":23,"turns":4},{"damage":25,"enemies":"3 Cultists","floor":24,"turns":3},{"damage":14,"enemies":"Sentry and Sphere","floor":25,"turns":3},{"damage":29,"enemies":"Shelled Parasite and Fungi","floor":28,"turns":4},{"damage":13,"enemies":"3 Cultists","floor":29,"turns":2},{"damage":15,"enemies":"Slavers","floor":30,"turns":2},{"damage":18,"enemies":"Champ","floor":33,"turns":5},{"damage":2,"enemies":"3 Darklings","floor":35,"turns":2},{"damage":6,"enemies":"Orb Walker","floor":39,"turns":1},{"damage":2,"enemies":"Giant Head","floor":40,"turns":3},{"damage":7,"enemies":"Spire Growth","floor":41,"turns":2},{"damage":8,"enemies":"4 Shapes","floor":44,"turns":2},{"damage":10,"enemies":"Writhing Mass","floor":46,"turns":2},{"damage":7,"enemies":"Reptomancer","floor":47,"turns":2},{"damage":42,"enemies":"Time Eater","floor":50,"turns":5}],"seed_played":"7329645460642280970","potions_obtained":[{"floor":1,"key":"Energy Potion"},{"floor":2,"key":"FearPotion"},{"floor":3,"key":"ColorlessPotion"},{"floor":11,"key":"SkillPotion"},{"floor":13,"key":"BloodPotion"},{"floor":19,"key":"FearPotion"},{"floor":23,"key":"Swift Potion"},{"floor":28,"key":"Strength Potion"},{"floor":30,"key":"FairyPotion"},{"floor":46,"key":"Dexterity Potion"},{"floor":47,"key":"EntropicBrew"}],"is_trial":false,"path_per_floor":["M","M","M","M","M","R","E","M","T","R","E","?","E","M","R","B",null,"M","M","?","M","M","E","M","M","T","?","M","M","E","T","R","B",null,"M","$","?","$","M","E","M","R","T","M","?","M","E","?","R","B",null],"character_chosen":"IRONCLAD","items_purchased":["Molten Egg 2","Letter Opener","Strange Spoon","Body Slam+1","Heavy Blade+1","Madness+1","Dexterity Potion","Inflame+1","Seeing Red+1","DollysMirror","Combust+1","Dexterity Potion","StrikeDummy","Blood Vial"],"campfire_rested":6,"item_purchase_floors":[36,36,36,36,36,36,36,36,36,38,38,38,38,38],"current_hp_per_floor":[80,80,83,74,70,83,74,74,74,83,80,80,78,87,91,91,91,91,81,81,87,94,96,83,88,88,82,91,84,78,78,109,97,109,109,109,103,113,113,113,112,113,113,114,114,116,115,115,115,73],"gold":902,"neow_bonus":"","is_daily":true,"chose_seed":false,"campfire_upgraded":0,"win_rate":0.0,"timestamp":1608515404,"path_taken":["M","M","M","M","M","R","E","M","T","R","E","?","E","M","R","BOSS","M","M","?","M","M","E","M","M","T","?","M","M","E","?","R","BOSS","M","$","?","$","M","E","M","R","T","M","?","M","E","?","R","BOSS"],"items_purchased_type":["Relic","Relic","Relic","Card","Card","Card","Potion","Card","Card","Relic","Card","Potion","Relic","Relic"],"build_version":"2020-12-13","purchased_purges":0,"victory":true,"max_hp_per_floor":[80,80,83,83,83,83,83,83,83,83,86,86,88,91,91,91,91,91,91,91,91,94,96,96,103,103,103,106,106,109,109,109,109,109,109,109,113,113,113,113,113,113,113,116,116,116,116,116,118,118],"relic_stats":{"Mark of the Bloom":69,"Singing Bowl":10,"Torii":18,"Gremlin Horn":[0,0],"CeramicFish":18,"StoneCalendar":[0],"Bag of Preparation":[46],"Juzu Bracelet":2,"Burning Blood":137,"Blood Vial":2,"Centennial Puzzle":[21],"Dream Catcher":1,"Mummified Hand":[123],"Tiny Chest":1,"MealTicket":10,"counters":[30,78],"Pen Nib":[13],"PreservedInsect":266,"Charon\u0027s Ashes":[112],"Letter Opener":[47],"Orichalcum":[24],"War Paint":["Exhume","Double Tap"],"MawBank":372,"Mercury Hourglass":[123],"Strange Spoon":[21],"Ornamental Fan":[44],"Bronze Scales":[109],"Black Star":4,"Art of War":[2],"obtain_stats":[{"Lantern":46,"Mark of the Bloom":48,"Singing Bowl":4,"Torii":11,"Gremlin Horn":47,"CeramicFish":44,"Vajra":41,"StoneCalendar":7,"Bag of Preparation":9,"Juzu Bracelet":18,"Burning Blood":0,"Blood Vial":38,"Centennial Puzzle":35,"Dream Catcher":43,"Mummified Hand":23,"DollysMirror":38,"Strawberry":25,"Tiny Chest":3,"MealTicket":22,"Philosopher\u0027s Stone":34,"Toxic Egg 2":23,"Paper Frog":20,"Pen Nib":2,"PreservedInsect":13,"Charon\u0027s Ashes":30,"Omamori":29,"Letter Opener":36,"Frozen Egg 2":21,"Orichalcum":30,"War Paint":39,"MawBank":5,"White Beast Statue":40,"Mercury Hourglass":28,"Strange Spoon":36,"Bottled Flame":1,"Anchor":8,"Ornamental Fan":19,"Bronze Scales":14,"Molten Egg 2":36,"Black Star":17,"Art of War":24,"Bottled Lightning":40,"StrikeDummy":38,"Toy Ornithopter":47,"NlothsMask":12,"Meat on the Bone":31},{"Lantern":28,"Mark of the Bloom":29,"Singing Bowl":4,"Torii":8,"Gremlin Horn":29,"CeramicFish":27,"Vajra":26,"StoneCalendar":6,"Bag of Preparation":7,"Juzu Bracelet":12,"Burning Blood":0,"Blood Vial":23,"Centennial Puzzle":23,"Dream Catcher":26,"Mummified Hand":16,"DollysMirror":23,"Strawberry":18,"Tiny Chest":3,"MealTicket":15,"Philosopher\u0027s Stone":22,"Toxic Egg 2":16,"Paper Frog":13,"Pen Nib":2,"PreservedInsect":9,"Charon\u0027s Ashes":21,"Omamori":20,"Letter Opener":23,"Frozen Egg 2":14,"Orichalcum":21,"War Paint":24,"MawBank":5,"White Beast Statue":25,"Mercury Hourglass":19,"Strange Spoon":23,"Bottled Flame":1,"Anchor":7,"Ornamental Fan":13,"Bronze Scales":10,"Molten Egg 2":23,"Black Star":11,"Art of War":17,"Bottled Lightning":25,"StrikeDummy":23,"Toy Ornithopter":29,"NlothsMask":8,"Meat on the Bone":21},{"Lantern":71,"Mark of the Bloom":73,"Singing Bowl":10,"Torii":19,"Gremlin Horn":73,"CeramicFish":69,"Vajra":67,"StoneCalendar":15,"Bag of Preparation":17,"Juzu Bracelet":28,"Burning Blood":0,"Blood Vial":61,"Centennial Puzzle":61,"Dream Catcher":67,"Mummified Hand":41,"DollysMirror":61,"Strawberry":47,"Tiny Chest":6,"MealTicket":37,"Philosopher\u0027s Stone":59,"Toxic Egg 2":41,"Paper Frog":31,"Pen Nib":3,"PreservedInsect":21,"Charon\u0027s Ashes":54,"Omamori":52,"Letter Opener":61,"Frozen Egg 2":33,"Orichalcum":54,"War Paint":62,"MawBank":13,"White Beast Statue":65,"Mercury Hourglass":51,"Strange Spoon":61,"Bottled Flame":1,"Anchor":17,"Ornamental Fan":31,"Bronze Scales":23,"Molten Egg 2":61,"Black Star":26,"Art of War":44,"Bottled Lightning":65,"StrikeDummy":61,"Toy Ornithopter":73,"NlothsMask":19,"Meat on the Bone":54}],"Toy Ornithopter":0,"Meat on the Bone":0},"card_choices":[{"not_picked":["Dark Embrace","Inflame"],"picked":"Uppercut","floor":7},{"not_picked":["Clothesline","Sentinel"],"picked":"Seeing Red","floor":11},{"not_picked":["Twin Strike","Wild Strike","Inflame"],"picked":"Singing Bowl","floor":13},{"not_picked":["Exhume","Fiend Fire"],"picked":"Bludgeon","floor":16},{"not_picked":["Carnage+1","Iron Wave","Headbutt"],"picked":"Singing Bowl","floor":23},{"not_picked":["Hemokinesis+1","Headbutt"],"picked":"Armaments+1","floor":30},{"not_picked":["Bludgeon","Reaper"],"picked":"Brutality+1","floor":33},{"not_picked":["Panache+1","Finesse+1","Secret Weapon+1"],"picked":"Singing Bowl","floor":37},{"not_picked":["Secret Weapon+1","Good Instincts+1","Flash of Steel+1"],"picked":"Singing Bowl","floor":37},{"not_picked":["Finesse+1","Impatience+1"],"picked":"Blind+1","floor":37},{"not_picked":["Clash+1","Second Wind+1"],"picked":"Flame Barrier+1","floor":40},{"not_picked":["Reckless Charge+1","Metallicize+1"],"picked":"Clothesline+1","floor":47},{"not_picked":["Headbutt+1","Cleave+1","Intimidate+1"],"picked":"Singing Bowl","floor":49}],"player_experience":596307,"relics_obtained":[{"floor":1,"key":"Bottled Flame"},{"floor":2,"key":"Pen Nib"},{"floor":3,"key":"Tiny Chest"},{"floor":4,"key":"Singing Bowl"},{"floor":5,"key":"MawBank"},{"floor":7,"key":"StoneCalendar"},{"floor":8,"key":"Anchor"},{"floor":9,"key":"Bag of Preparation"},{"floor":11,"key":"Torii"},{"floor":13,"key":"PreservedInsect"},{"floor":14,"key":"Bronze Scales"},{"floor":18,"key":"Juzu Bracelet"},{"floor":19,"key":"Ornamental Fan"},{"floor":21,"key":"Frozen Egg 2"},{"floor":22,"key":"MealTicket"},{"floor":23,"key":"Toxic Egg 2"},{"floor":23,"key":"Mummified Hand"},{"floor":24,"key":"Art of War"},{"floor":25,"key":"Strawberry"},{"floor":28,"key":"Mercury Hourglass"},{"floor":29,"key":"Omamori"},{"floor":30,"key":"Orichalcum"},{"floor":30,"key":"Charon\u0027s Ashes"},{"floor":31,"key":"Meat on the Bone"},{"floor":35,"key":"Centennial Puzzle"},{"floor":39,"key":"War Paint"},{"floor":40,"key":"Bottled Lightning"},{"floor":40,"key":"White Beast Statue"},{"floor":41,"key":"Vajra"},{"floor":43,"key":"Dream Catcher"},{"floor":44,"key":"CeramicFish"},{"floor":46,"key":"Lantern"},{"floor":47,"key":"Gremlin Horn"},{"floor":47,"key":"Toy Ornithopter"}],"event_choices":[{"damage_healed":0,"gold_gain":0,"player_choice":"Trade","damage_taken":0,"relics_obtained":["NlothsMask"],"max_hp_gain":0,"max_hp_loss":0,"event_name":"FaceTrader","floor":12,"gold_loss":0},{"damage_healed":0,"gold_gain":0,"player_choice":"Paid Gold","damage_taken":0,"relics_obtained":["Paper Frog"],"max_hp_gain":0,"max_hp_loss":0,"event_name":"WeMeetAgain","floor":20,"gold_loss":108},{"damage_healed":0,"gold_gain":0,"player_choice":"Joined the Cult","damage_taken":6,"max_hp_gain":0,"max_hp_loss":0,"event_name":"Nest","floor":27,"gold_loss":0,"cards_obtained":["RitualDagger"]},{"damage_healed":0,"gold_gain":0,"player_choice":"Memory 3","damage_taken":10,"max_hp_gain":0,"max_hp_loss":0,"event_name":"SensoryStone","floor":37,"gold_loss":0},{"damage_healed":0,"gold_gain":0,"player_choice":"Copied","damage_taken":0,"max_hp_gain":0,"max_hp_loss":0,"event_name":"Duplicator","floor":45,"gold_loss":0,"cards_obtained":["Limit Break"]},{"damage_healed":0,"gold_gain":0,"player_choice":"Upgrade","damage_taken":0,"relics_obtained":["Mark of the Bloom"],"max_hp_gain":0,"max_hp_loss":0,"event_name":"MindBloom","floor":48,"gold_loss":0,"cards_upgraded":["Demon Form","Bludgeon","Feed","Limit Break","Corruption","Barricade","Fiend Fire","Berserk","Impervious","Juggernaut","Brutality","Reaper","Offering","Immolate","Uppercut","Seeing Red","Bludgeon","RitualDagger"]}],"is_beta":false,"boss_relics":[{"not_picked":["Calling Bell","Runic Dome"],"picked":"Black Star"},{"not_picked":["Astrolabe","Runic Pyramid"],"picked":"Philosopher\u0027s Stone"}],"items_purged_floors":[],"is_endless":false,"potions_floor_spawned":[1,2,3,11,13,19,23,28,30,41,44,46,47],"ascension_level":0}}