{"host":"a9gsz7kv8aebwp1f","time":1608540709,"event":{"mods":["AchievementEnabler","BaseMod","Minty Spire (QoL Compilation)"],"gold_per_floor":[119,294,294,294,24,24,42,42,42,57,75,91,91,166,166,261,261,261,261],"floor_reached":18,"playtime":437,"items_purged":["Doubt"],"score":225,"play_id":"898b8ae9-c128-4158-ba86-5724376fe442","local_time":"20201221175149","is_ascension_mode":true,"campfire_choices":[{"data":"Armaments","floor":6,"key":"SMITH"},{"data":"Body Slam","floor":8,"key":"SMITH"},{"data":"Barricade","floor":13,"key":"SMITH"},{"floor":15,"key":"REST"}],"circlet_count":0,"master_deck":["AscendersBane","Strike_R","Strike_R","Strike_R","Strike_R","Strike_R","Defend_R","Defend_R","Defend_R","Defend_R","Bash+1","Body Slam+1","Armaments+1","True Grit","Cleave","Infernal Blade","Barricade+1","Reaper","CurseOfTheBell"],"relics":["Burning Blood","White Beast Statue","TheAbacus","Pear","Calling Bell","Dream Catcher","Ornamental Fan","Calipers"],"acts_visited":["Exordium","TheCity"],"potions_floor_usage":[],"damage_taken":[{"damage":4,"enemies":"Small Slimes","floor":1,"turns":3},{"damage":12,"enemies":"Jaw Worm","floor":7,"turns":2},{"damage":6,"enemies":"Cultist","floor":10,"turns":3},{"damage":25,"enemies":"Large Slime","floor":11,"turns":6},{"damage":6,"enemies":"Blue Slaver","floor":12,"turns":5},{"damage":39,"enemies":"Hexaghost","floor":16,"turns":11},{"damage":8,"enemies":"Spheric Guardian","floor":18,"turns":3}],"seed_played":"-7087305663921929504","potions_obtained":[{"floor":7,"key":"BlessingOfTheForge"},{"floor":10,"key":"Dexterity Potion"},{"floor":11,"key":"DistilledChaos"},{"floor":12,"key":"CultistPotion"}],"is_trial":false,"path_per_floor":["M","?","T","?","$","R","M","R","T","M","M","M","R","?","R","B",null,"M"],"character_chosen":"IRONCLAD","items_purchased":["TheAbacus","Armaments"],"campfire_rested":1,"item_purchase_floors":[5,5],"current_hp_per_floor":[74,74,74,74,74,74,68,68,78,78,59,59,59,48,75,42,78,70,70],"gold":261,"neow_bonus":"UPGRADE_CARD","is_daily":false,"chose_seed":false,"campfire_upgraded":3,"win_rate":0.0,"timestamp":1608540709,"path_taken":["M","?","?","?","$","R","M","R","T","M","?","M","R","?","R","BOSS","M"],"items_purchased_type":["Relic","Card"],"build_version":"2020-12-13","purchased_purges":1,"victory":false,"max_hp_per_floor":[80,80,80,80,80,80,80,80,90,90,90,90,90,90,90,90,90,90,90],"card_choices":[{"not_picked":["Warcry","True Grit"],"picked":"Body Slam","floor":1},{"not_picked":["Infernal Blade","Wild Strike"],"picked":"True Grit","floor":7},{"not_picked":["Uppercut","Dropkick"],"picked":"Cleave","floor":10},{"not_picked":["Clothesline","Clash"],"picked":"Infernal Blade","floor":11},{"not_picked":["Reckless Charge","Wild Strike"],"picked":"Barricade","floor":12},{"not_picked":["Double Tap","Corruption"],"picked":"Reaper","floor":16}],"player_experience":440782,"relics_obtained":[{"floor":3,"key":"White Beast Statue"},{"floor":9,"key":"Pear"},{"floor":17,"key":"Dream Catcher"},{"floor":17,"key":"Ornamental Fan"},{"floor":17,"key":"Calipers"}],"event_choices":[{"damage_healed":0,"gold_gain":175,"player_choice":"AGREE","damage_taken":0,"max_hp_gain":0,"max_hp_loss":0,"event_name":"Liars Game","floor":2,"gold_loss":0,"cards_obtained":["Doubt"]},{"damage_healed":0,"gold_gain":0,"player_choice":"Bought 0 Potions","damage_taken":0,"max_hp_gain":0,"max_hp_loss":0,"event_name":"The Woman in Blue","floor":4,"gold_loss":0},{"damage_healed":0,"gold_gain":75,"player_choice":"Gather Gold","damage_taken":11,"max_hp_gain":0,"max_hp_loss":0,"event_name":"World of Goop","floor":14,"gold_loss":0}],"is_beta":false,"boss_relics":[{"not_picked":["Sozu","Black Blood"],"picked":"Calling Bell"}],"items_purged_floors":[5],"is_endless":false,"potions_floor_spawned":[7,10,11,12,16],"killed_by":"Spheric Guardian","ascension_level":10}}