{"host":"c1oza4x7xlyuasvd","time":1608552762,"event":{"mods":["ATMod(°¢èªMod)","Act Like it!","BaseMod","Better Vampires","Colored Powertips","Friendly Minions","Gensokyo","Minty Spire (QoL Compilation)","MostiFishMod","Replay The Spire","RumiaBox-Â¶Ã×æ«µÄÉñÃØºÐ×Ó","StSLib","TestMod","Waifu the Spire","¡¾¹¦ÄÜMod¡¿»ìãçÖ®»·ÐÞ¸´²¹¶¡","¡¾ÒÅÎï¿¨ÅÆ¡¿REMEMod"],"gold_per_floor":[116,116,116,116,131,131,157,157,157,169,7,7,20,20,20,94,94,109,109,109,29,39,66,66,66,66,82,99,131,142,142,142,213,213,233,250,250,150,161,193,193,225,225,242,269,281,291,307,307,307,307,307,65,100,100],"floor_reached":56,"playtime":3204,"items_purged":["Strike_R","Strike_R","Defend_R","REME_CurseOfMatryoshka"],"score":3359,"play_id":"b6cbafb3-7c2a-420c-92f6-5a2e2e7df779","local_time":"20201221201242","is_ascension_mode":true,"campfire_choices":[{"data":"Replay:Vibes","floor":6.0,"key":"SMITH"},{"data":"MostiFishMod:Opportunism","floor":8.0,"key":"SMITH"},{"floor":12.0,"key":"DIG"},{"floor":15.0,"key":"DIG"},{"floor":25.0,"key":"DIG"},{"floor":32.0,"key":"DIG"},{"floor":41.0,"key":"DIG"},{"floor":49.0,"key":"RECALL"},{"floor":52.0,"key":"DIG"}],"circlet_count":0,"master_deck":["AscendersBane","Defend_R","Defend_R","MostiFishMod:Opportunism+1","AT_FamilyPortrait+1","MostiFishMod:SparklingWater+1","Replay:Vibes+1","Life Link","MostiFishMod:FlyOverUtopia+1","testmod-Wormhole+1","MostiFishMod:JungleRules+1","AT_EmpoweredMortalDraw+1","Shockwave+1","Recycle","Pray","Delirium","CommonCold","Feed+1","Bloodletting+1","Double Tap+1","Discovery","Flash of Steel","AT_ShrugMaster","testmod-Reverberation+1","Pummel","REME_BuildACard+1"],"relics":["Burning Blood","testmod-TestBox","AT_ATBox","DaveBox","REME_ComplimentaryCards","BrkXgEgg","testmod-ChristmasGift","Question Card","PrismaticShard","Shovel","AT_RedNoBalance","MagicDraw4","Pantograph","Bronze Scales","ImportantClient","Replay:Grab Bag","SlaversCollar","Fusion Hammer","BirthdayGift-Tetrahedron","AT_MortalBlade","Enchiridion","Eternal Feather","AT_ForceNature","Question Card","testmod-Laevatain","Transparent","StrikeDummy","Shuriken","ReplayTheSpireMod:TigerMarble","Ancient Tea Set","testmod-HeartOfStrike","Snack Pack","BargainBundle","Centennial Puzzle"],"acts_visited":["Exordium","TheCity","TheBeyond","TheEnding"],"potions_floor_usage":[],"damage_taken":[{"damage":0.0,"enemies":"2 Louse","floor":1.0,"turns":2.0},{"damage":1.0,"enemies":"Small Slimes","floor":5.0,"turns":7.0},{"damage":0.0,"enemies":"Lagavulin","floor":7.0,"turns":7.0},{"damage":0.0,"enemies":"Jaw Worm","floor":10.0,"turns":1.0},{"damage":4.0,"enemies":"Looter","floor":13.0,"turns":3.0},{"damage":16.0,"enemies":"Fading Forest","floor":16.0,"turns":11.0},{"damage":8.0,"enemies":"Shell Parasite","floor":18.0,"turns":3.0},{"damage":6.0,"enemies":"Chosen","floor":22.0,"turns":2.0},{"damage":10.0,"enemies":"Gremlin Leader","floor":23.0,"turns":2.0},{"damage":2.0,"enemies":"Snake Plant","floor":27.0,"turns":1.0},{"damage":2.0,"enemies":"3 Cultists","floor":28.0,"turns":2.0},{"damage":2.0,"enemies":"Book of Stabbing","floor":29.0,"turns":2.0},{"damage":2.0,"enemies":"Shelled Parasite and Fungi","floor":30.0,"turns":1.0},{"damage":3.0,"enemies":"Automaton","floor":33.0,"turns":2.0},{"damage":10.0,"enemies":"3 Shapes","floor":35.0,"turns":2.0},{"damage":6.0,"enemies":"3 Darklings","floor":36.0,"turns":1.0},{"damage":7.0,"enemies":"Sphere and 2 Shapes","floor":39.0,"turns":1.0},{"damage":9.0,"enemies":"Reptomancer","floor":40.0,"turns":1.0},{"damage":15.0,"enemies":"R_Hoarder","floor":42.0,"turns":2.0},{"damage":11.0,"enemies":"Spire Growth","floor":44.0,"turns":1.0},{"damage":11.0,"enemies":"Reptomancer","floor":45.0,"turns":1.0},{"damage":13.0,"enemies":"Transient","floor":46.0,"turns":1.0},{"damage":11.0,"enemies":"Sphere and 2 Shapes","floor":47.0,"turns":1.0},{"damage":12.0,"enemies":"4 Shapes","floor":48.0,"turns":1.0},{"damage":50.0,"enemies":"Time Eater","floor":50.0,"turns":3.0},{"damage":11.0,"enemies":"Shield and Spear","floor":54.0,"turns":1.0},{"damage":15,"enemies":"The Heart","floor":55,"turns":1}],"seed_played":"-7469388019590666160","potions_obtained":[{"floor":30.0,"key":"Milkshake"},{"floor":33.0,"key":"Adrenaline Potion"},{"floor":44.0,"key":"LiquidMemories"},{"floor":54.0,"key":"Reflective Coating"}],"is_trial":false,"path_per_floor":["M","?","?","?","M","R","E","R","T","M","$","R","M","$","R","B",null,"M","?","?","$","M","E","?","R","T","M","M","E","M","?","R","B",null,"M","M","?","$","M","E","R","E","T","M","E","M","M","M","R","B",null,"R","$","E","B",null],"character_chosen":"IRONCLAD","items_purchased":["MostiFishMod:FlyOverUtopia+1","BargainBundle","AT_ShrugMaster","testmod-Reverberation+1","Pummel"],"campfire_rested":0,"item_purchase_floors":[11,53,53,53,53],"current_hp_per_floor":[60,60,49,42,75,75,75,75,75,60,60,60,51,51,51,75,75,79,58,58,58,69,83,59,68,68,72,81,88,88,88,88,88,88,92,92,92,92,104,108,108,174,174,174,174,178,186,186,186,190,190,190,190,194,194],"gold":100,"neow_bonus":"RANDOM_COLORLESS_2","is_daily":false,"chose_seed":false,"campfire_upgraded":2,"win_rate":0.0,"timestamp":1608552762,"path_taken":["M","?","?","?","?","R","E","R","T","M","$","R","M","$","R","BOSS","M","?","?","?","M","E","?","R","T","?","M","E","M","?","R","BOSS","M","M","?","$","M","E","R","E","T","M","E","M","?","M","R","BOSS","R","$","E","BOSS"],"items_purchased_type":["Card","Relic","Card","Card","Card"],"build_version":"2020-12-13","purchased_purges":4,"victory":true,"max_hp_per_floor":[75,75,75,75,75,75,75,75,75,75,75,75,75,75,75,75,75,79,79,79,79,83,83,88,88,88,88,88,88,88,88,88,88,88,92,92,92,92,104,108,108,174,174,174,174,178,186,186,186,190,190,190,190,194,194],"card_choices":[{"not_picked":["MostiFishMod:Kaleido","testmod-Arrangement"],"picked":"MostiFishMod:SparklingWater","floor":0.0},{"not_picked":["Cleave","AT_IchimonjiDouble","Heavy Blade"],"picked":"SKIP","floor":1.0},{"not_picked":["PiercingWail","Anger","Eviscerate"],"picked":"Replay:Vibes","floor":5.0},{"not_picked":["Body Slam","Poisoned Stab","Conserve Battery","Massacre"],"picked":"SKIP","floor":7.0},{"not_picked":["Pommel Strike","Flame Barrier","Replay:BluntJabs"],"picked":"Life Link","floor":10.0},{"not_picked":["Heel Hook","Intimidate","Sucker Punch"],"picked":"testmod-Wormhole+1","floor":13.0},{"not_picked":["Mirror Shield+1","All For One+1","HandOfGreed+1"],"picked":"MostiFishMod:JungleRules+1","floor":16.0},{"not_picked":["Headbutt","Beam Cell","Choke","testmod-DeathImprint"],"picked":"SKIP","floor":18.0},{"not_picked":["MostiFishMod:PerfectParry","Fusion+1","ReplayTheSpireMod:Scrap Shanks","Heavy Blade"],"picked":"SKIP","floor":22.0},{"not_picked":["Adaptation","Replay:AtTheReady","Replay:BasicMightCard"],"picked":"Shockwave+1","floor":23.0},{"not_picked":["Blade Dance","Combust","ReplayTheSpireMod:Tripwire","LikeWater"],"picked":"SKIP","floor":27.0},{"not_picked":["LikeWater","ReplayTheSpireMod:Repulse","MostiFishMod:StarLaLaLa+1"],"picked":"Recycle","floor":28.0},{"not_picked":["FlyingSleeves","Carnage+1","Flex","Swift Strike"],"picked":"SKIP","floor":29.0},{"not_picked":["Deadly Poison","Carnage","Stack","Good Instincts"],"picked":"Pray","floor":30.0},{"not_picked":["HandOfGreed+1","REME_BuildACard+1","Hyperbeam+1","MostiFishMod:Nomercy+1"],"picked":"Feed+1","floor":33.0},{"not_picked":["AT_ThunderBolt+1","Streamline","Catalyst+1","Bloodletting+1","Doom and Gloom"],"picked":"SKIP","floor":35.0},{"not_picked":["AT_ThunderBolt+1","Streamline","Catalyst+1","Doom and Gloom"],"picked":"Bloodletting+1","floor":35.0},{"not_picked":["Deflect+1","CrushJoints+1","Cleave","Hidden Blade","Replay:AtTheReady+1"],"picked":"SKIP","floor":36.0},{"not_picked":["Compile Driver","Clash+1","AT_IchimonjiDouble+1","Body Slam"],"picked":"Discovery","floor":39.0},{"not_picked":["AT_IchimonjiDouble","Blur","Skewer","Crescendo","Hidden Blade"],"picked":"SKIP","floor":40.0},{"not_picked":["Deep Breath","AT_ThreeBodyProblem+1","Pray","AT_DivineConfetti+1","Turbo"],"picked":"SKIP","floor":42.0},{"not_picked":["ConjureBlade+1","Cleave","Storm","Underhanded Strike+1","Sneak Up+1"],"picked":"SKIP","floor":44.0},{"not_picked":["Echo Form+1","Nirvana+1","Compile Driver","Warcry+1"],"picked":"Flash of Steel","floor":45.0},{"not_picked":["FlurryOfBlows+1","SashWhip","ReplayTheSpireMod:Limb From Limb+1","Armaments+1","Replay:ManipulateFuture"],"picked":"SKIP","floor":46.0},{"not_picked":["Streamline","Flying Knee","Redo","ForeignInfluence","EmptyBody"],"picked":"SKIP","floor":47.0},{"not_picked":["AT_WindFlip","Thunderclap","Sword Boomerang+1","WreathOfFlame","FearNoEvil"],"picked":"SKIP","floor":48.0},{"not_picked":["ReplayTheSpireMod:Strike From Hell+1","Prostrate","Flex","Conclude"],"picked":"REME_BuildACard+1","floor":54.0}],"player_experience":183734,"relics_obtained":[{"floor":1.0,"key":"Question Card"},{"floor":1.0,"key":"PrismaticShard"},{"floor":7.0,"key":"AT_SilverBalance"},{"floor":9.0,"key":"MagicDraw4"},{"floor":12.0,"key":"Pantograph"},{"floor":15.0,"key":"Bronze Scales"},{"floor":16.0,"key":"ImportantClient"},{"floor":19.0,"key":"Enchiridion"},{"floor":23.0,"key":"Eternal Feather"},{"floor":25.0,"key":"AT_ForceNature"},{"floor":29.0,"key":"Question Card"},{"floor":32.0,"key":"testmod-Laevatain"},{"floor":40.0,"key":"StrikeDummy"},{"floor":41.0,"key":"Shuriken"},{"floor":42.0,"key":"ReplayTheSpireMod:TigerMarble"},{"floor":43.0,"key":"Ancient Tea Set"},{"floor":45.0,"key":"testmod-HeartOfStrike"},{"floor":52.0,"key":"Snack Pack"},{"floor":54.0,"key":"Centennial Puzzle"}],"event_choices":[{"damage_healed":0.0,"max_hp_gain":0.0,"max_hp_loss":0.0,"gold_gain":0.0,"event_name":"Scrap Ooze","player_choice":"Success","floor":3.0,"gold_loss":0.0,"damage_taken":11.0,"relics_obtained":["Shovel"]},{"cards_removed":["Strike_R"],"damage_healed":0.0,"max_hp_gain":0.0,"max_hp_loss":0.0,"gold_gain":0.0,"event_name":"Golden Wing","player_choice":"Card Removal","floor":4.0,"gold_loss":0.0,"damage_taken":7.0},{"damage_healed":0.0,"max_hp_gain":0.0,"max_hp_loss":0.0,"gold_gain":0.0,"event_name":"Cursed Tome","player_choice":"Obtained Book","floor":19.0,"gold_loss":0.0,"damage_taken":21.0},{"cards_removed":["Strike_R"],"damage_healed":0.0,"max_hp_gain":0.0,"max_hp_loss":0.0,"gold_gain":0.0,"event_name":"Back to Basics","player_choice":"Elegance","floor":20.0,"gold_loss":0.0,"damage_taken":0.0},{"damage_healed":0.0,"max_hp_gain":5.0,"max_hp_loss":0.0,"gold_gain":0.0,"event_name":"Forgotten Altar","player_choice":"Shed Blood","floor":24.0,"gold_loss":0.0,"damage_taken":29.0},{"cards_removed":["Bash"],"damage_healed":0.0,"max_hp_gain":0.0,"max_hp_loss":0.0,"gold_gain":0.0,"event_name":"Bonfire Elementals","player_choice":"Offered Basic","floor":31.0,"gold_loss":0.0,"damage_taken":0.0},{"damage_healed":0.0,"max_hp_gain":0.0,"max_hp_loss":0.0,"gold_gain":0.0,"cards_transformed":["Strike_R"],"event_name":"Transmorgrifier","player_choice":"Transformed","floor":37.0,"gold_loss":0.0,"damage_taken":0.0,"cards_obtained":["Double Tap"]}],"is_beta":false,"boss_relics":[{"not_picked":["BloodWine","Ring of Chaos"],"picked":"Replay:Grab Bag"},{"not_picked":["Sozu","ChewingGum"],"picked":"SlaversCollar"},{"not_picked":["Philosopher\u0027s Stone","Cursed Key"],"picked":"Fusion Hammer"},{"not_picked":["testmod-CardMagician","testmod-Prudence"],"picked":"BirthdayGift-Tetrahedron"},{"not_picked":["testmod-EnergyCheck","Tiny House"],"picked":"AT_MortalBlade"},{"not_picked":["Electric Blood","HereWithMe"],"picked":"Transparent"}],"items_purged_floors":[11,21,38,53],"is_endless":false,"potions_floor_spawned":[7,13,22,28,30,33,40,42,44,46,48,54],"ascension_level":16}}