{"host":"c2vrdknshfutmcsq","time":1608563819,"event":{"mods":["BaseMod","Minty Spire (QoL Compilation)"],"gold_per_floor":[112,112,37,55,70,101,101,120,144,155,171,198,222,222,222,295,295,305,305,315,315,328,362,378,378,378,412,428,428,428],"floor_reached":29,"playtime":22716,"items_purged":["Strike_B"],"score":502,"play_id":"952043f2-0be9-4e66-b1bb-934b5e7a29be","local_time":"20201221161659","is_ascension_mode":true,"campfire_choices":[{"floor":15.0,"key":"REST"},{"floor":25.0,"key":"REST"}],"circlet_count":0,"master_deck":["AscendersBane","Strike_B+1","Strike_B+1","Strike_B+1","Defend_B+1","Defend_B+1","Defend_B+1","Defend_B+1","Zap","Dualcast+1","Aggregate","Compile Driver","Sweeping Beam","Electrodynamics","BootSequence","Conserve Battery","Ball Lightning","Barrage","Stack","Core Surge","Conserve Battery","Leap","Barrage","Scrape","Lockon","Multi-Cast","Stack"],"relics":["Cracked Core","NeowsBlessing","Centennial Puzzle","Bronze Scales","Blood Vial","Lantern","Dream Catcher","Busted Crown","Bottled Lightning","Frozen Egg 2","Smiling Mask"],"acts_visited":["Exordium","TheCity"],"potions_floor_usage":[],"damage_taken":[{"damage":0.0,"enemies":"Jaw Worm","floor":1.0,"turns":1.0},{"damage":0.0,"enemies":"Cultist","floor":4.0,"turns":1.0},{"damage":0.0,"enemies":"2 Louse","floor":5.0,"turns":1.0},{"damage":35.0,"enemies":"3 Sentries","floor":6.0,"turns":7.0},{"damage":11.0,"enemies":"Exordium Wildlife","floor":8.0,"turns":3.0},{"damage":0.0,"enemies":"2 Fungi Beasts","floor":10.0,"turns":3.0},{"damage":0.0,"enemies":"Looter","floor":11.0,"turns":2.0},{"damage":13.0,"enemies":"Lagavulin","floor":12.0,"turns":4.0},{"damage":0.0,"enemies":"Gremlin Nob","floor":14.0,"turns":2.0},{"damage":22.0,"enemies":"Hexaghost","floor":16.0,"turns":8.0},{"damage":11.0,"enemies":"2 Thieves","floor":18.0,"turns":3.0},{"damage":4.0,"enemies":"Chosen","floor":20.0,"turns":4.0},{"damage":7.0,"enemies":"Snake Plant","floor":22.0,"turns":4.0},{"damage":28.0,"enemies":"Gremlin Leader","floor":23.0,"turns":6.0},{"damage":0.0,"enemies":"Cultist and Chosen","floor":24.0,"turns":6.0},{"damage":11.0,"enemies":"Slavers","floor":27.0,"turns":3.0},{"damage":8,"enemies":"Centurion and Healer","floor":28,"turns":4},{"damage":0,"enemies":"Snake Plant","floor":29,"turns":2}],"seed_played":"885276432959955444","potions_obtained":[{"floor":4.0,"key":"GamblersBrew"},{"floor":6.0,"key":"SpeedPotion"},{"floor":8.0,"key":"SmokeBomb"},{"floor":16.0,"key":"Fire Potion"},{"floor":24.0,"key":"LiquidMemories"},{"floor":27.0,"key":"GamblersBrew"}],"is_trial":false,"path_per_floor":["M","?","$","M","M","E","?","M","T","M","M","E","T","E","R","B",null,"M","?","M","?","M","E","M","R","T","E","M","M"],"character_chosen":"DEFECT","items_purchased":[],"campfire_rested":2,"item_purchase_floors":[],"current_hp_per_floor":[64,64,64,64,64,29,24,13,13,15,17,6,6,8,29,9,56,47,47,45,45,40,14,16,37,37,28,22,24,24],"gold":428,"neow_bonus":"THREE_ENEMY_KILL","is_daily":false,"chose_seed":false,"campfire_upgraded":0,"win_rate":0.0,"timestamp":1608563819,"path_taken":["M","?","$","?","M","E","?","M","T","M","M","E","?","E","R","BOSS","M","?","M","?","M","E","M","R","T","E","M","?"],"items_purchased_type":[],"build_version":"2020-12-13","purchased_purges":1,"victory":false,"max_hp_per_floor":[71,71,71,71,71,71,71,71,71,71,71,71,71,71,71,71,71,71,71,71,71,71,71,71,71,71,71,71,71,71],"card_choices":[{"not_picked":["Coolheaded","Conserve Battery"],"picked":"Aggregate","floor":1.0},{"not_picked":["Hologram","Cold Snap"],"picked":"Compile Driver","floor":4.0},{"not_picked":["Force Field","Stack"],"picked":"Sweeping Beam","floor":5.0},{"not_picked":["Steam","Leap"],"picked":"Electrodynamics","floor":6.0},{"not_picked":["Sweeping Beam","Conserve Battery"],"picked":"BootSequence","floor":8.0},{"not_picked":["Hello World","Redo"],"picked":"Conserve Battery","floor":10.0},{"not_picked":["Loop","Hologram"],"picked":"Ball Lightning","floor":11.0},{"not_picked":["Steam","Gash"],"picked":"Barrage","floor":12.0},{"not_picked":["Go for the Eyes","Barrage"],"picked":"Stack","floor":15.0},{"not_picked":["Creative AI","Electrodynamics"],"picked":"Core Surge","floor":16.0},{"not_picked":[],"picked":"Hello World","floor":18.0},{"not_picked":[],"picked":"Conserve Battery","floor":20.0},{"not_picked":["Barrage"],"picked":"SKIP","floor":22.0},{"not_picked":[],"picked":"Barrage","floor":23.0},{"not_picked":[],"picked":"Scrape","floor":24.0},{"not_picked":[],"picked":"Lockon","floor":25.0},{"not_picked":[],"picked":"Multi-Cast","floor":27.0},{"not_picked":[],"picked":"Stack","floor":28}],"player_experience":1188306,"relics_obtained":[{"floor":6.0,"key":"Centennial Puzzle"},{"floor":9.0,"key":"Blood Vial"},{"floor":12.0,"key":"Lantern"},{"floor":13.0,"key":"Dream Catcher"},{"floor":23.0,"key":"Bottled Lightning"},{"floor":26.0,"key":"Frozen Egg 2"},{"floor":27.0,"key":"Smiling Mask"}],"event_choices":[{"damage_healed":0.0,"max_hp_gain":0.0,"max_hp_loss":0.0,"gold_gain":0.0,"event_name":"Upgrade Shrine","player_choice":"Upgraded","floor":2.0,"gold_loss":0.0,"damage_taken":0.0,"cards_upgraded":["Dualcast"]},{"damage_healed":0.0,"max_hp_gain":0.0,"max_hp_loss":0.0,"gold_gain":0.0,"event_name":"Scrap Ooze","player_choice":"Success","floor":7.0,"gold_loss":0.0,"damage_taken":5.0,"relics_obtained":["Bronze Scales"]},{"damage_healed":0.0,"max_hp_gain":0.0,"max_hp_loss":0.0,"gold_gain":0.0,"event_name":"Back to Basics","player_choice":"Simplicity","floor":19.0,"gold_loss":0.0,"damage_taken":0.0,"cards_upgraded":["Strike_B","Strike_B","Strike_B","Defend_B","Defend_B","Defend_B","Defend_B"]},{"damage_healed":0.0,"max_hp_gain":0.0,"max_hp_loss":0.0,"gold_gain":0.0,"cards_transformed":["Hello World"],"event_name":"Transmorgrifier","player_choice":"Transformed","floor":21.0,"gold_loss":0.0,"damage_taken":0.0,"cards_obtained":["Leap"]}],"is_beta":false,"boss_relics":[{"not_picked":["SlaversCollar","SacredBark"],"picked":"Busted Crown"}],"items_purged_floors":[3],"is_endless":false,"potions_floor_spawned":[4,6,8,14,16,24,27],"killed_by":"Snake Plant","ascension_level":15}}