{"host":"e87rn453naquue3h","time":1608593527,"event":{"mods":["AchievementEnabler","BaseMod","Downfall","Minty Spire (QoL Compilation)","StSLib"],"gold_per_floor":[99,99,126,51,51,151,232,232,263,263,263,263,280,297,317,418,418,418,450,468,495,495,528,528,453,483,483,883,89,89,189,209,312,312,312,324,356,356,381,381,407,425,425,350,350,350,220,238,251,251,251,276,25,25,25],"floor_reached":56,"playtime":11487,"items_purged":["Pain","Decay","Slimebound:Defend_Slimebound"],"score":1591,"play_id":"b2347d21-12c4-41e6-b938-f71a16c95edd","local_time":"20201221183207","is_ascension_mode":true,"campfire_choices":[{"floor":1,"key":"RECALL"},{"data":"Slimebound:SplitMire","floor":4,"key":"SMITH"},{"data":"Slimebound:Split","floor":8,"key":"SMITH"},{"data":"Slimebound:SplitSpecialist","floor":10,"key":"SMITH"},{"data":"Slimebound:RallyTheTroops","floor":18,"key":"SMITH"},{"data":"1","floor":22,"key":"LIFT"},{"data":"2","floor":25,"key":"LIFT"},{"data":"3","floor":27,"key":"LIFT"},{"data":"Slimebound:TagTeam","floor":35,"key":"SMITH"},{"data":"Slimebound:Equalize","floor":38,"key":"SMITH"},{"data":"Slimebound:MegaLick","floor":40,"key":"SMITH"},{"data":"expansioncontent:ChargeUp","floor":44,"key":"SMITH"},{"data":"expansioncontent:StudyTheSpire","floor":54,"key":"SMITH"}],"circlet_count":0,"master_deck":["Slimebound:Strike_Slimebound","Slimebound:Strike_Slimebound","Slimebound:Defend_Slimebound+1","Slimebound:Defend_Slimebound+1","Slimebound:Split+1","Slimebound:CorrosiveSpit","Slimebound:Nibble+1","Slimebound:SplitMire+1","Slimebound:SplitSpecialist+1","Slimebound:Equalize","Slimebound:RallyTheTroops+1","Slimebound:MegaLick+1","Slimebound:Prepare","Slimebound:RallyTheTroops+1","Slimebound:Equalize+1","Slimebound:MassRepurpose","Slimebound:Recycling","Slimebound:TagTeam+1","Slimebound:SlimeSpikes+1","Slimebound:Replication+1","expansioncontent:ChargeUp+1","Slimebound:TagTeam+1","expansioncontent:StudyTheSpire+1","Slimebound:MinionMaster","Slimebound:Gluttony"],"relics":["Slimebound:AbsorbEndCombat","downfall:HeartsMalice","Bronze Scales","downfall:HeartBlessingRed","Meat on the Bone","Orichalcum","Cursed Key","Girya","Regal Pillow","Lizard Tail","Thread and Needle","downfall:HeartBlessingGreen","Shuriken","Old Coin","Question Card","FossilizedHelix","Singing Bowl","DollysMirror","MutagenicStrength","Slimebound:TarBlob","Peace Pipe","Prayer Wheel","downfall:HeartBlessingBlue","Pen Nib","Pocketwatch"],"acts_visited":["Exordium","TheCity","TheBeyond","TheEnding"],"potions_floor_usage":[16,21,23,23,28,36,39,50,50,55,55],"damage_taken":[{"damage":0,"enemies":"Small Slimes","floor":2,"turns":1},{"damage":0,"enemies":"Lagavulin","floor":3,"turns":1},{"damage":0,"enemies":"3 Sentries","floor":9,"turns":1},{"damage":16,"enemies":"Jaw Worm","floor":13,"turns":2},{"damage":4,"enemies":"2 Louse","floor":14,"turns":2},{"damage":21,"enemies":"Exordium Wildlife","floor":15,"turns":3},{"damage":31,"enemies":"downfall:Ironclad","floor":16,"turns":6},{"damage":29,"enemies":"Book of Stabbing","floor":19,"turns":4},{"damage":18,"enemies":"Spheric Guardian","floor":20,"turns":3},{"damage":30,"enemies":"Slavers","floor":21,"turns":4},{"damage":53,"enemies":"Gremlin Leader","floor":23,"turns":9},{"damage":23,"enemies":"Book of Stabbing","floor":26,"turns":4},{"damage":25,"enemies":"Colosseum Nobs","floor":28,"turns":3},{"damage":23,"enemies":"downfall:FleeingMerchant","floor":29,"turns":4},{"damage":13,"enemies":"downfall:Augmenter","floor":31,"turns":4},{"damage":8,"enemies":"Snake Plant","floor":32,"turns":2},{"damage":20,"enemies":"downfall:Defect","floor":33,"turns":6},{"damage":10,"enemies":"3 Darklings","floor":36,"turns":2},{"damage":67,"enemies":"Nemesis","floor":37,"turns":5},{"damage":18,"enemies":"Reptomancer","floor":39,"turns":4},{"damage":12,"enemies":"3 Shapes","floor":42,"turns":3},{"damage":16,"enemies":"downfall:FleeingMerchant","floor":47,"turns":3},{"damage":18,"enemies":"3 Darklings","floor":48,"turns":3},{"damage":6,"enemies":"Jaw Worm Horde","floor":49,"turns":3},{"damage":0,"enemies":"downfall:Watcher","floor":50,"turns":4},{"damage":68,"enemies":"downfall:CharBossMerchant","floor":52,"turns":7},{"damage":79,"enemies":"downfall:NeowBoss","floor":55,"turns":18}],"seed_played":"-490567631976983525","potions_obtained":[{"floor":9,"key":"Swift Potion"},{"floor":13,"key":"DuplicationPotion"},{"floor":14,"key":"Fire Potion"},{"floor":21,"key":"ColorlessPotion"},{"floor":23,"key":"Guardian:BlockOnCardUsePotion"},{"floor":26,"key":"Energy Potion"},{"floor":28,"key":"SkillPotion"},{"floor":30,"key":"CultistPotion"},{"floor":37,"key":"Dexterity Potion"},{"floor":39,"key":"PowerPotion"}],"is_trial":false,"path_per_floor":["R","M","E","R","?","?","T","R","E","R","?","?","M","M","M","B",null,"R","E","M","E","R","E","T","R","E","R","?","$","?","?","M","B",null,"R","M","E","R","E","R","T","M","?","R","?","?","$","M","M","B",null,"E","$","R","B",null],"character_chosen":"SLIMEBOUND","items_purchased":["FossilizedHelix","Singing Bowl","DollysMirror","Pen Nib","expansioncontent:StudyTheSpire","Dexterity Potion","Slimebound:Gluttony"],"campfire_rested":0,"item_purchase_floors":[29,29,29,47,47,53,53],"current_hp_per_floor":[60,60,60,60,60,60,60,60,60,60,60,65,63,65,64,65,65,65,62,61,61,61,48,48,48,57,57,58,57,57,67,69,69,69,69,69,56,56,71,71,71,75,75,85,85,85,87,89,93,93,93,63,63,63,74],"gold":25,"neow_bonus":"THREE_ENEMY_KILL","is_daily":false,"chose_seed":false,"campfire_upgraded":9,"win_rate":0.0,"timestamp":1608593527,"path_taken":["R","M","E","R","?","?","T","R","E","R","?","?","M","?","M","BOSS","R","E","M","E","R","E","T","R","E","R","?","$","?","?","M","BOSS","R","M","E","R","E","R","T","M","?","R","?","?","$","M","M","BOSS","E","$","R","BOSS"],"items_purchased_type":["Relic","Relic","Relic","Relic","Card","Potion","Card"],"build_version":"2020-12-13","purchased_purges":3,"victory":true,"max_hp_per_floor":[60,60,60,60,60,60,60,60,60,60,60,65,65,65,65,65,65,65,65,65,65,65,65,65,65,65,65,65,65,65,67,69,69,69,69,69,69,69,71,71,71,75,75,85,85,85,87,91,93,93,93,95,95,95,95],"card_choices":[{"not_picked":["Slimebound:Grow","Slimebound:SamplingLick"],"picked":"Slimebound:Nibble","floor":2},{"not_picked":["Slimebound:ViciousTackle","Slimebound:SamplingLick"],"picked":"Slimebound:SplitMire","floor":3},{"not_picked":["Slimebound:Replication","Slimebound:Chomp"],"picked":"Slimebound:SplitSpecialist","floor":9},{"not_picked":["Slimebound:GrowthPunch","Slimebound:Recollect"],"picked":"Slimebound:Equalize","floor":13},{"not_picked":["Slimebound:ComboTackle","Slimebound:GoopSpray","Slimebound:SplitMire"],"picked":"SKIP","floor":14},{"not_picked":["Slimebound:RollThrough","Slimebound:Recollect","Slimebound:FlameTackle"],"picked":"SKIP","floor":15},{"not_picked":["Slimebound:Overexert","Slimebound:Teamwork"],"picked":"Slimebound:RallyTheTroops","floor":16},{"not_picked":["Slimebound:GoopSpray+1","Slimebound:GoopTackle"],"picked":"Slimebound:MegaLick","floor":19},{"not_picked":["Slimebound:MegaLick+1","Slimebound:SplitMire"],"picked":"Slimebound:Prepare","floor":20},{"not_picked":["Slimebound:SplitLeeching","Slimebound:PressTheAttack","Slimebound:FirmFortitude"],"picked":"SKIP","floor":21},{"not_picked":["Slimebound:ComboTackle","Slimebound:LivingWall","Slimebound:PressTheAttack"],"picked":"SKIP","floor":23},{"not_picked":["Slimebound:GrowthPunch+1","Slimebound:Repurpose","Slimebound:LeechEnergy+1"],"picked":"SKIP","floor":26},{"not_picked":["Slimebound:GrowthPunch+1","Slimebound:SplitAcid","Slimebound:GoopSpray","Slimebound:ViciousTackle"],"picked":"SKIP","floor":29},{"not_picked":["J.A.X."],"picked":"Singing Bowl","floor":31},{"not_picked":["Slimebound:SplitMire","Slimebound:SplitAcid","Slimebound:GoopSpray"],"picked":"Slimebound:Equalize","floor":31},{"not_picked":["Slimebound:Teamwork","Slimebound:PressTheAttack","Slimebound:ViciousTackle","Slimebound:RollThrough"],"picked":"Singing Bowl","floor":32},{"not_picked":["Slimebound:DuplicatedForm","Slimebound:SelfFormingGoo","Slimebound:MassRepurpose"],"picked":"Slimebound:TagTeam","floor":33},{"not_picked":["Slimebound:LeechingTouch+1","Slimebound:Dissolve+1","Slimebound:SamplingLick+1"],"picked":"Slimebound:SlimeSpikes+1","floor":36},{"not_picked":["Slimebound:HauntingLick","Slimebound:ViciousTackle","Slimebound:SplitSpecialist"],"picked":"Slimebound:Replication+1","floor":37},{"not_picked":["Slimebound:SplitAcid+1","Slimebound:RollThrough","Slimebound:SplitBruiser","Slimebound:MegaLick"],"picked":"Singing Bowl","floor":39},{"not_picked":["Slimebound:FirmFortitude","Slimebound:Recollect+1","Slimebound:LivingWall","Slimebound:AcidTongue+1"],"picked":"Singing Bowl","floor":42},{"not_picked":["Slimebound:Schlurp","Slimebound:OozeBath","Slimebound:FirmFortitude","Slimebound:Gluttony"],"picked":"Singing Bowl","floor":42},{"not_picked":["expansioncontent:Torchfire","expansioncontent:PolyBeam","expansioncontent:HyperBeam"],"picked":"expansioncontent:ChargeUp","floor":43},{"not_picked":["Slimebound:GoopSpray+1","Slimebound:SpikyOuterGoop+1","Slimebound:FlameTackle+1","Slimebound:SplitMire"],"picked":"Singing Bowl","floor":47},{"not_picked":["Slimebound:SplitSpecialist","Slimebound:LeechingTouch+1","Slimebound:SlimeBarrage+1","Slimebound:LeechEnergy+1"],"picked":"Singing Bowl","floor":48},{"not_picked":["Slimebound:Nibble","Slimebound:GrowthPunch","Slimebound:SplitMire+1","Slimebound:SplitAcid+1"],"picked":"Singing Bowl","floor":48},{"not_picked":["Slimebound:SpikyOuterGoop+1","Slimebound:SlimeSpikes","Slimebound:SplitBruiser","Slimebound:SplitMire"],"picked":"Singing Bowl","floor":49},{"not_picked":["Slimebound:Nibble","Slimebound:LeechEnergy+1","Slimebound:Repurpose"],"picked":"Slimebound:MinionMaster","floor":49},{"not_picked":["Slimebound:PressTheAttack+1","Slimebound:ViciousTackle+1","Slimebound:SplitBruiser+1","Slimebound:Equalize"],"picked":"Singing Bowl","floor":52}],"player_experience":2332996,"relics_obtained":[{"floor":3,"key":"Bronze Scales"},{"floor":7,"key":"Meat on the Bone"},{"floor":9,"key":"Orichalcum"},{"floor":19,"key":"Girya"},{"floor":21,"key":"Regal Pillow"},{"floor":23,"key":"Lizard Tail"},{"floor":24,"key":"Thread and Needle"},{"floor":26,"key":"Shuriken"},{"floor":28,"key":"Old Coin"},{"floor":28,"key":"Question Card"},{"floor":31,"key":"MutagenicStrength"},{"floor":37,"key":"Peace Pipe"},{"floor":39,"key":"Prayer Wheel"},{"floor":52,"key":"Pocketwatch"}],"event_choices":[{"cards_removed":["Regret"],"damage_healed":0,"gold_gain":0,"player_choice":"Card Removal","damage_taken":0,"max_hp_gain":0,"max_hp_loss":0,"event_name":"The Cleric","floor":11,"gold_loss":0},{"damage_healed":0,"gold_gain":0,"player_choice":"Donut","damage_taken":0,"max_hp_gain":5,"max_hp_loss":0,"event_name":"Big Fish","floor":12,"gold_loss":0},{"cards_removed":["Slimebound:Tackle"],"damage_healed":0,"gold_gain":0,"player_choice":"Removed Attack","damage_taken":0,"max_hp_gain":0,"max_hp_loss":0,"event_name":"Falling","floor":45,"gold_loss":0},{"damage_healed":0,"gold_gain":0,"player_choice":"Copied","damage_taken":0,"max_hp_gain":0,"max_hp_loss":0,"event_name":"Duplicator","floor":46,"gold_loss":0,"cards_obtained":["Slimebound:TagTeam"]}],"is_beta":false,"boss_relics":[{"not_picked":["Empty Cage","Ectoplasm"],"picked":"Cursed Key"},{"not_picked":["Runic Dome","Runic Pyramid"],"picked":"Slimebound:TarBlob"}],"items_purged_floors":[29,47,53],"is_endless":false,"potions_floor_spawned":[9,13,14,21,23,26,28,37,39,49],"ascension_level":1}}