{"host":"ukhobh25r4hagtof","time":1608533163,"event":{"mods":["BaseMod","CapriCore","DeckTracker","Lobotomy","LobotomyExtend","Minty Spire (QoL Compilation)","Nova Terra(??·??)","Quick Restart","Railgun Mod","Replay The Spire","StSLib","The Vixen"],"gold_per_floor":[110,110,121,121,48,80,80,97,173,173,173,183,101,117,117,216,216,216,231,241,259,272,272,272,272,272],"floor_reached":25,"playtime":1616,"items_purged":[],"score":203,"play_id":"30b07b57-166b-4524-a5bd-4ccc0cb83d6f","local_time":"20201220224603","is_ascension_mode":false,"campfire_choices":[{"data":"NovaMod:StimPack","floor":7,"key":"SMITH"},{"data":"NovaMod:Chaos","floor":10,"key":"SMITH"},{"data":"NovaMod:RadioactiveSource","floor":23,"key":"SMITH"}],"circlet_count":0,"master_deck":["NovaMod:Basic_Strike_Nova","NovaMod:Basic_Strike_Nova","NovaMod:Basic_Strike_Nova","NovaMod:Basic_Strike_Nova","NovaMod:Basic_Defend_Nova","NovaMod:Basic_Defend_Nova","NovaMod:Basic_Defend_Nova","NovaMod:Basic_Defend_Nova","NovaMod:Snipe+1","NovaMod:PenetratingBlast","NovaMod:MultilayerArmor","NovaMod:StimPack+1","NovaMod:Chaos","NovaMod:InfernalIgniter","NovaMod:Chaos+1","NovaMod:AssaultMode","NovaMod:Chaos","NovaMod:Thor","NovaMod:RadioactiveSource+1","NovaMod:FastGuidance","NovaMod:Snipe+1","NovaMod:MultilayerArmor","NovaMod:SuppressionShells"],"relics":["NovaMod:GhostSuit","LetterFromLob","CultistMask","Lantern","Meat on the Bone","Counterbalance","Runic Pyramid"],"acts_visited":["Exordium","TheCity"],"potions_floor_usage":[8,12,12,16,16,19,20,22],"damage_taken":[{"damage":3,"enemies":"Jaw Worm","floor":1,"turns":4},{"damage":0,"enemies":"2 Louse","floor":3,"turns":1},{"damage":24,"enemies":"3 Sentries","floor":6,"turns":4},{"damage":3,"enemies":"Cultist","floor":8,"turns":2},{"damage":3,"enemies":"Exordium Thugs","floor":12,"turns":2},{"damage":0,"enemies":"3 Louse","floor":14,"turns":1},{"damage":39,"enemies":"Hexaghost","floor":16,"turns":7},{"damage":3,"enemies":"Chosen","floor":19,"turns":4},{"damage":18,"enemies":"Spheric Guardian","floor":20,"turns":4},{"damage":13,"enemies":"Snecko","floor":21,"turns":3},{"damage":29,"enemies":"Cultist and Chosen","floor":22,"turns":5},{"damage":16,"enemies":"Snake Plant","floor":25,"turns":1}],"seed_played":"-6505009439443812730","potions_obtained":[{"floor":1,"key":"Cursed Concoction"},{"floor":6,"key":"Regen Potion"},{"floor":8,"key":"AttackPotion"},{"floor":15,"key":"Dexterity Potion"},{"floor":15,"key":"Reflective Coating"},{"floor":16,"key":"LifebloodPotion"},{"floor":19,"key":"Weak Potion"},{"floor":20,"key":"LiquidBronze"}],"is_trial":false,"path_per_floor":["M","?","M","?","$","E","R","M","T","R","T","M","$","M","R","B",null,"M","M","M","M","M","R","?","M"],"character_chosen":"NOVA","items_purchased":["NovaMod:Chaos","NovaMod:Chaos"],"campfire_rested":0,"item_purchase_floors":[5,13],"current_hp_per_floor":[77,77,77,77,77,53,53,55,55,55,55,52,52,52,52,25,80,80,77,59,46,29,29,14,0,0],"gold":272,"neow_bonus":"UPGRADE_CARD","is_daily":false,"chose_seed":false,"campfire_upgraded":3,"win_rate":0.0,"timestamp":1608533163,"path_taken":["M","?","M","?","$","E","R","?","T","R","?","M","$","M","R","BOSS","M","M","M","M","M","R","?","M"],"items_purchased_type":["Card","Card"],"build_version":"2020-12-13","purchased_purges":0,"victory":false,"max_hp_per_floor":[80,80,80,80,80,80,80,80,80,80,80,80,80,80,80,80,80,80,80,80,80,80,80,85,85,85],"card_choices":[{"not_picked":["NovaMod:PredatorMissile","NovaMod:MechanicalArmor"],"picked":"NovaMod:MultilayerArmor","floor":1},{"not_picked":["NovaMod:Detonation","NovaMod:HoloDecoy"],"picked":"NovaMod:StimPack","floor":3},{"not_picked":["NovaMod:MonomolecularBlade","NovaMod:PsychicShield"],"picked":"NovaMod:InfernalIgniter","floor":6},{"not_picked":["NovaMod:BarrageShooting","NovaMod:MechanicalArmor"],"picked":"NovaMod:Chaos","floor":8},{"not_picked":["NovaMod:RaidArtillery","NovaMod:Thor"],"picked":"NovaMod:AssaultMode","floor":12},{"not_picked":["NovaMod:PsychicShield","NovaMod:SmartServos"],"picked":"NovaMod:Thor","floor":14},{"not_picked":["NovaMod:SabotageDrone","NovaMod:GhostOps"],"picked":"NovaMod:RadioactiveSource","floor":16},{"not_picked":["NovaMod:SuppressionShells","NovaMod:RadiationShooting"],"picked":"NovaMod:FastGuidance","floor":19},{"not_picked":["NovaMod:Upgrade","NovaMod:Pollution"],"picked":"NovaMod:Snipe+1","floor":20},{"not_picked":["NovaMod:PsychicShield","NovaMod:StealthMode"],"picked":"NovaMod:MultilayerArmor","floor":21},{"not_picked":["NovaMod:MonomolecularBlade","NovaMod:MagrailMunitions"],"picked":"NovaMod:SuppressionShells","floor":22}],"player_experience":15216,"relics_obtained":[{"floor":1,"key":"LetterFromLob"},{"floor":6,"key":"Lantern"},{"floor":9,"key":"Meat on the Bone"},{"floor":11,"key":"Counterbalance"}],"event_choices":[{"damage_healed":0,"gold_gain":0,"player_choice":"Ignored","damage_taken":0,"max_hp_gain":0,"max_hp_loss":0,"event_name":"Golden Idol","floor":2,"gold_loss":0},{"damage_healed":0,"gold_gain":0,"player_choice":"Trade","damage_taken":0,"relics_obtained":["CultistMask"],"max_hp_gain":0,"max_hp_loss":0,"event_name":"FaceTrader","floor":4,"gold_loss":0},{"damage_healed":0,"gold_gain":0,"player_choice":"Shed Blood","damage_taken":20,"max_hp_gain":5,"max_hp_loss":0,"event_name":"Forgotten Altar","floor":24,"gold_loss":0}],"is_beta":false,"boss_relics":[{"not_picked":["Kintsugi","Replay:Ancient Bell"],"picked":"Runic Pyramid"}],"items_purged_floors":[],"is_endless":false,"potions_floor_spawned":[1,6,8,16,19,20],"killed_by":"Snake Plant","ascension_level":0}}