{"host":"baymyijz6sxaqj5s","time":1608547418,"event":{"mods":["AchievementEnabler","BaseMod","Colored Map","Colored Powertips","DeckTracker","KOR Keyword Fix","Keyboard Shortcuts","Minty Spire (QoL Compilation)","StSLib","SuperFastMode"],"gold_per_floor":[115,127,142,162,177,177,177,203,203,203,203],"floor_reached":10,"playtime":203,"items_purged":[],"score":60,"play_id":"f368e4ea-8da8-4b18-b760-d3bd46ee13a6","local_time":"20201221194338","is_ascension_mode":false,"campfire_choices":[{"data":"Entrench","floor":6,"key":"SMITH"}],"circlet_count":0,"master_deck":["Strike_R+1","Strike_R","Strike_R","Strike_R","Strike_R","Defend_R","Defend_R","Defend_R","Defend_R","Bash","Pommel Strike","Armaments+1","Entrench+1","Sword Boomerang"],"relics":["Burning Blood","Red Skull","Ornamental Fan"],"acts_visited":["Exordium"],"potions_floor_usage":[4,10],"damage_taken":[{"damage":5,"enemies":"Cultist","floor":1,"turns":5},{"damage":4,"enemies":"2 Louse","floor":2,"turns":3},{"damage":6,"enemies":"Jaw Worm","floor":3,"turns":4},{"damage":5,"enemies":"Red Slaver","floor":4,"turns":5},{"damage":11,"enemies":"2 Fungi Beasts","floor":5,"turns":4},{"damage":25,"enemies":"Lagavulin","floor":10,"turns":6}],"seed_played":"-4637926477783172282","potions_obtained":[{"floor":2,"key":"Energy Potion"},{"floor":3,"key":"Swift Potion"}],"is_trial":false,"path_per_floor":["M","M","M","M","M","R","?","T","T","E"],"character_chosen":"IRONCLAD","items_purchased":[],"campfire_rested":0,"item_purchase_floors":[],"current_hp_per_floor":[88,88,88,88,83,83,65,65,65,40,40],"gold":203,"neow_bonus":"TEN_PERCENT_HP_BONUS","is_daily":false,"chose_seed":false,"campfire_upgraded":1,"win_rate":0.0,"timestamp":1608547418,"path_taken":["M","M","M","M","?","R","?","?","T","E"],"items_purchased_type":[],"build_version":"2020-12-13","purchased_purges":0,"victory":false,"max_hp_per_floor":[88,88,88,88,88,88,88,88,88,88,88],"card_choices":[{"not_picked":["Warcry","Headbutt"],"picked":"Pommel Strike","floor":1},{"not_picked":["Pommel Strike","True Grit"],"picked":"Armaments","floor":2},{"not_picked":["Clothesline","Uppercut"],"picked":"Entrench","floor":3},{"not_picked":["Metallicize","Evolve","Combust"],"picked":"SKIP","floor":4},{"not_picked":["Fiend Fire","Havoc"],"picked":"Sword Boomerang","floor":5}],"player_experience":162931,"relics_obtained":[{"floor":8,"key":"Red Skull"},{"floor":9,"key":"Ornamental Fan"}],"event_choices":[{"damage_healed":0,"gold_gain":0,"player_choice":"Entered Light","damage_taken":18,"max_hp_gain":0,"max_hp_loss":0,"event_name":"Shining Light","floor":7,"gold_loss":0,"cards_upgraded":["Armaments","Strike_R"]}],"is_beta":false,"boss_relics":[],"items_purged_floors":[],"is_endless":false,"potions_floor_spawned":[2,3],"killed_by":"Lagavulin","ascension_level":0}}