{"host":"3j2m8n0ywf988fwb","time":1608544537,"event":{"mods":["2.2 Compatiblity","Act Like it!","Aspiration","BaseMod","Beaked The Cultist","Better Altar","Better Match","Better Note","Better Sensory Stone","Better Skull","Better Third Choice","CCEM","Colored Map","Colored Powertips","Conspire","Energized Spire","GifTheSpireLib","Googly Eyes","Halation","Hallownest","Highlight Path","Hubris","Infinite Spire","Jedi Mod","Marisa????????","Marked Mod","Mimic Mod","Minty Spire (QoL Compilation)","Random Character Button","Relic Stats","Replay The Spire","Robot Space Explorer","Shop Mod","Somnambulant","StSLib","Stuff the Spire","The Bug Knight","The Hierophant","The Marked","The Runesmith","TheFirefly","Unceasing Turn Reminder","everything is the same but u backflip on backflip"],"gold_per_floor":[109,109,109,34,34,51,80,97,149,99,109,109,109,121,121,216,216,234,246,261,275,286,286,286],"floor_reached":23,"playtime":853,"items_purged":["Strike_R"],"score":282,"play_id":"95941f66-73e0-46b2-a281-04c30ffd273c","local_time":"20201221035537","is_ascension_mode":true,"campfire_choices":[{"floor":15,"key":"REST"}],"circlet_count":0,"master_deck":["Strike_R","Defend_R","Defend_R+1","Defend_R+1","Defend_R","Bash","Demon Form","jedi:fear","Replay:Undeath\u0027s Touch","Thunderclap","Metallicize","Corruption","Flex","Flex"],"relics":["Burning Blood","Lantern","CCEMRelics:JestersCrown","ReplayTheSpireMod:Lightbulb","CCEMRelics:GreenEgg"],"acts_visited":["Exordium","TheCity"],"potions_floor_usage":[11,16,23],"damage_taken":[{"damage":5,"enemies":"2 Louse","floor":1,"turns":4},{"damage":7,"enemies":"Jaw Worm","floor":6,"turns":2},{"damage":19,"enemies":"Lagavulin","floor":7,"turns":5},{"damage":0,"enemies":"Small Slimes","floor":8,"turns":3},{"damage":6,"enemies":"Looter","floor":11,"turns":3},{"damage":5,"enemies":"Blue Slaver","floor":14,"turns":3},{"damage":3,"enemies":"Fading Forest","floor":16,"turns":11},{"damage":7,"enemies":"Shell Parasite","floor":18,"turns":4},{"damage":10,"enemies":"Spheric Guardian","floor":19,"turns":4},{"damage":19,"enemies":"3 Cultists","floor":20,"turns":4},{"damage":24,"enemies":"Snake Plant","floor":21,"turns":4},{"damage":2,"enemies":"Snecko","floor":22,"turns":4},{"damage":52,"enemies":"Gremlin Leader","floor":23,"turns":4}],"seed_played":"8204777479966632037","potions_obtained":[{"floor":6,"key":"Explosive Potion"},{"floor":7,"key":"Languid Potion"},{"floor":11,"key":"FearPotion"},{"floor":14,"key":"AttackPotion"},{"floor":18,"key":"SpeedPotion"},{"floor":19,"key":"jedi:tentaclejuice"}],"is_trial":false,"path_per_floor":["M","?","?","$","T","M","E","M","T","?","M","?","T","M","R","B",null,"M","M","M","M","M","E"],"character_chosen":"IRONCLAD","items_purchased":[],"campfire_rested":1,"item_purchase_floors":[],"current_hp_per_floor":[80,80,64,64,64,63,50,56,56,56,56,49,49,50,74,80,80,79,75,62,44,48,0,0],"gold":286,"neow_bonus":"ONE_RANDOM_RARE_CARD","is_daily":false,"chose_seed":false,"campfire_upgraded":0,"win_rate":0.0,"timestamp":1608544537,"path_taken":["M","?","?","?","?","M","E","?","T","?","?","?","?","M","R","BOSS","M","M","M","?","?","E"],"items_purchased_type":[],"build_version":"2020-12-13","purchased_purges":1,"victory":false,"max_hp_per_floor":[80,80,80,80,80,80,80,80,80,80,80,80,80,80,80,80,80,80,80,80,80,80,80,80],"relic_stats":{"counters":[13,55],"obtain_stats":[{"Lantern":5,"CCEMRelics:GreenEgg":17,"ReplayTheSpireMod:Lightbulb":9,"Burning Blood":0,"CCEMRelics:JestersCrown":7},{"Lantern":1,"CCEMRelics:GreenEgg":7,"ReplayTheSpireMod:Lightbulb":4,"Burning Blood":0,"CCEMRelics:JestersCrown":3},{"Lantern":4,"CCEMRelics:GreenEgg":31,"ReplayTheSpireMod:Lightbulb":14,"Burning Blood":0,"CCEMRelics:JestersCrown":11}],"Burning Blood":65},"card_choices":[{"not_picked":["Replay:Undeath\u0027s Touch","Blood for Blood"],"picked":"jedi:fear","floor":1},{"not_picked":["Twin Strike","Armaments"],"picked":"Replay:Undeath\u0027s Touch","floor":6},{"not_picked":["Sentinel","Warcry","StuffTheSpire:Pyroclast"],"picked":"SKIP","floor":7},{"not_picked":["Carnage","Wild Strike","Sentinel"],"picked":"SKIP","floor":8},{"not_picked":["Dropkick","Whirlwind"],"picked":"Thunderclap","floor":11},{"not_picked":["Impervious","hubris:ReadiedAction"],"picked":"Metallicize","floor":14},{"not_picked":["Double Tap","Replay:Many Hands"],"picked":"Corruption","floor":16},{"not_picked":["Twin Strike+1","ReplayTheSpireMod:Strike From Hell"],"picked":"Flex","floor":18},{"not_picked":["Fire Breathing","Clash+1"],"picked":"Flex","floor":19},{"not_picked":["Iron Wave","Pommel Strike","Heavy Blade"],"picked":"SKIP","floor":20},{"not_picked":["StuffTheSpire:BloodClot","Iron Wave","ReplayTheSpireMod:Muscle Training"],"picked":"SKIP","floor":21},{"not_picked":["Heavy Blade+1","Cleave","jedi:unlimitedpower"],"picked":"SKIP","floor":22}],"player_experience":1003564,"relics_obtained":[{"floor":5,"key":"Lantern"},{"floor":7,"key":"CCEMRelics:JestersCrown"},{"floor":9,"key":"ReplayTheSpireMod:Lightbulb"}],"event_choices":[{"damage_healed":80,"gold_gain":0,"player_choice":"Upgrade","damage_taken":16,"max_hp_gain":0,"max_hp_loss":80,"event_name":"betterThird:BetterShining","floor":3,"gold_loss":0,"cards_upgraded":["Defend_R","Defend_R"]},{"cards_removed":["Strike_R"],"damage_healed":0,"gold_gain":0,"player_choice":"Card Removal","damage_taken":0,"max_hp_gain":0,"max_hp_loss":0,"event_name":"The Cleric","floor":10,"gold_loss":50},{"cards_removed":["Strike_R"],"damage_healed":0,"gold_gain":0,"player_choice":"Card Removal","damage_taken":7,"max_hp_gain":0,"max_hp_loss":0,"event_name":"Golden Wing","floor":12,"gold_loss":0}],"is_beta":false,"boss_relics":[{"not_picked":["halation:PlatinumPhoenix","energizedSpire:SpiderWeb"],"picked":"CCEMRelics:GreenEgg"}],"items_purged_floors":[4],"is_endless":false,"potions_floor_spawned":[6,7,11,14,18,19],"killed_by":"Gremlin Leader","ascension_level":3}}