{"host":"9l1t8qfvjw8023k6","time":1608572495,"event":{"mods":["AchievementEnabler","Aspiration","BaseMod","Conspire","Defuse TimeMaze Blight","Energized Spire","GungeonMod","Hubris","Infinite Spire","Jedi Mod","Lobotomy","Minty Spire (QoL Compilation)","Quick Restart","Replay The Spire","Shop Mod","StSLib","The Animator","The Bug Knight","The Construct","The Jungle","The Runesmith","The Servant 0.9.4"],"gold_per_floor":[99,99,111,136,193,193,193,193,193,193,79,106,119,136,136,212,212,230,280,205,231,250,250,250,250,250,250,262,278,292,306,319,319,319,319,319],"floor_reached":35,"playtime":1596,"items_purged":[],"score":700,"play_id":"0c3fe7ea-bf51-4aab-b48a-d60317dc8aa5","local_time":"20201221104135","daily_mods":["Draft","Vintage","Heirloom","Time Dilation","Flight","DeadlyEvents","Elite Swarm","Binary"],"is_ascension_mode":true,"campfire_choices":[{"data":"hubris:Fate","floor":6,"key":"SMITH"},{"data":"Heatsinks","floor":7,"key":"SMITH"},{"data":"Double Energy","floor":8,"key":"SMITH"},{"data":"Turbo","floor":10,"key":"SMITH"},{"data":"Time Bomb","floor":23,"key":"SMITH"},{"data":"Static Discharge","floor":24,"key":"SMITH"},{"data":"ReplayTheSpireMod:GoodbyeWorld","floor":25,"key":"SMITH"},{"data":"Beam Cell","floor":27,"key":"SMITH"},{"floor":33,"key":"REST"}],"circlet_count":0,"master_deck":["AscendersBane","Sweeping Beam","jedi:BurstLightning","Double Energy+1","Beam Cell+1","ReplayTheSpireMod:GoodbyeWorld+1","Force Field","Turbo+1","Streamline","Beam Cell","Time Bomb+1","BasicCrystalCard","Static Discharge+1","Heatsinks+1","jedi:meditation+1","hubris:Fate+1"],"relics":["Unceasing Top","Busted Crown","Turnip","Smiling Mask","Bronze Scales","Incense Burner","infinitespire:Beetle Shell","Akabeko","Bottled Tornado","infinitespire:Cubic Diamond","energizedSpire:NeverEndingSparkler","FossilizedHelix","aspiration:EnhancedActuators","Replay:WaspNest","jedi:paperfaux","DataDisk","DemoMod:ChaffGrenade","PreservedInsect","hubris:ToyBattleship"],"acts_visited":["Exordium","TheCity","TheCity"],"potions_floor_usage":[16,30,32],"damage_taken":[{"damage":6,"enemies":"2 Louse","floor":3,"turns":3},{"damage":0,"enemies":"Lagavulin","floor":12,"turns":4},{"damage":0,"enemies":"Small Slimes","floor":13,"turns":3},{"damage":0,"enemies":"Jaw Worm","floor":14,"turns":1},{"damage":23,"enemies":"Hexaghost","floor":16,"turns":4},{"damage":22,"enemies":"2 Thieves","floor":18,"turns":2},{"damage":0,"enemies":"HollowMod:Nosk","floor":21,"turns":2},{"damage":0,"enemies":"Spheric Guardian","floor":22,"turns":2},{"damage":0,"enemies":"DemoMod:Veteran_shot_gun_kin_and_bullet_kin","floor":28,"turns":2},{"damage":0,"enemies":"DemoMod:4_Bullet_Kins","floor":29,"turns":3},{"damage":0,"enemies":"DemoMod:Veteran_shot_gun_kin_and_blue_shotgun_kin_with_gunsinger","floor":30,"turns":2},{"damage":10,"enemies":"DemoMod:Veteran_shot_gun_kin_and_blue_shotgun_kin","floor":31,"turns":1},{"damage":0,"enemies":"DemoMod:Veteran_shot_gun_kin_and_red_shotgun_kin_with_gunsinger","floor":32,"turns":2},{"damage":59,"enemies":"DemoMod:ResourcefulRat","floor":35,"turns":7}],"seed_played":"7436864684812383848","potions_obtained":[{"floor":12,"key":"jedi:tentaclejuice"},{"floor":22,"key":"Energy Potion"},{"floor":29,"key":"AttackPotion"},{"floor":31,"key":"SpeedPotion"},{"floor":32,"key":"jedi:StrikingPotion"}],"is_trial":true,"path_per_floor":["?","?","M","T","?","R","R","R","T","R","$","E","M","M","R","B",null,"M","?","?","E","M","R","R","R","T","R","M","M","M","M","M","R","B","B"],"character_chosen":"DEFECT","items_purchased":["DemoMod:GnawedKey"],"campfire_rested":1,"item_purchase_floors":[11],"current_hp_per_floor":[64,47,41,41,41,41,41,41,41,41,41,41,41,41,41,18,58,36,36,36,36,36,36,36,36,62,62,62,62,62,52,52,71,54,0,0],"gold":319,"neow_bonus":"","is_daily":false,"chose_seed":false,"campfire_upgraded":8,"win_rate":0.0,"timestamp":1608572495,"path_taken":["?","?","?","?","?","R","R","R","T","R","$","?","M","?","R","BOSS","M","?","?","?","?","R","R","R","T","R","M","M","M","M","M","R","BOSS","BOSS"],"items_purchased_type":["Relic"],"build_version":"2020-12-13","purchased_purges":0,"victory":false,"max_hp_per_floor":[71,71,71,71,71,71,71,71,71,71,71,71,71,71,71,71,71,71,71,71,71,71,71,71,71,71,71,71,71,71,71,71,71,71,71,71],"card_choices":[{"not_picked":["BootSequence","Glacier"],"picked":"Sweeping Beam","floor":0},{"not_picked":["Rebound","Capacitor"],"picked":"Turbo","floor":0},{"not_picked":["Redo","Stack"],"picked":"jedi:BurstLightning","floor":0},{"not_picked":["Panic Button","Cold Snap"],"picked":"Double Energy","floor":0},{"not_picked":["Genetic Algorithm","Scrape"],"picked":"Beam Cell","floor":0},{"not_picked":["ReplayTheSpireMod:Repulse","Rebound"],"picked":"ReplayTheSpireMod:GoodbyeWorld","floor":0},{"not_picked":["Redo","Compile Driver"],"picked":"Leap","floor":0},{"not_picked":["Cold Snap","Steam"],"picked":"Force Field","floor":0},{"not_picked":["Ball Lightning","Conserve Battery"],"picked":"Turbo","floor":0},{"not_picked":["Cold Snap","Compile Driver"],"picked":"Streamline","floor":0},{"not_picked":["Leap","jedi:BurstFrost"],"picked":"Beam Cell","floor":0},{"not_picked":["Rebound","Redo"],"picked":"Time Bomb","floor":0},{"not_picked":["Leap","Ball Lightning"],"picked":"BasicCrystalCard","floor":0},{"not_picked":["Steam Power","jedi:locknload"],"picked":"Static Discharge","floor":0},{"not_picked":["Gash","Hologram"],"picked":"Heatsinks","floor":0},{"not_picked":["infinitespire:Gouge","infinitespire:SevenWalls"],"picked":"hubris:Fate","floor":2}],"player_experience":176068,"relics_obtained":[{"floor":3,"key":"Smiling Mask"},{"floor":4,"key":"Bronze Scales"},{"floor":9,"key":"Incense Burner"},{"floor":12,"key":"infinitespire:Beetle Shell"},{"floor":13,"key":"Akabeko"},{"floor":14,"key":"Bottled Tornado"},{"floor":18,"key":"FossilizedHelix"},{"floor":21,"key":"aspiration:EnhancedActuators"},{"floor":22,"key":"Replay:WaspNest"},{"floor":28,"key":"jedi:paperfaux"},{"floor":29,"key":"DataDisk"},{"floor":30,"key":"DemoMod:ChaffGrenade"},{"floor":31,"key":"PreservedInsect"},{"floor":32,"key":"hubris:ToyBattleship"}],"event_choices":[{"damage_healed":0,"gold_gain":57,"player_choice":"Gained Gold","damage_taken":0,"max_hp_gain":0,"max_hp_loss":0,"event_name":"Golden Wing","floor":5,"gold_loss":0},{"damage_healed":0,"gold_gain":50,"player_choice":"Stole From Cult","damage_taken":0,"max_hp_gain":0,"max_hp_loss":0,"event_name":"Nest","floor":19,"gold_loss":0},{"cards_removed":["Leap"],"damage_healed":0,"gold_gain":0,"player_choice":"Gave Gold","damage_taken":0,"max_hp_gain":0,"max_hp_loss":0,"event_name":"Beggar","floor":20,"gold_loss":75}],"is_beta":false,"boss_relics":[{"not_picked":["hubris:RunicObelisk","conspire:RunicOctahedron"],"picked":"energizedSpire:NeverEndingSparkler"}],"items_purged_floors":[],"is_endless":false,"potions_floor_spawned":[12,22,29,31,32],"killed_by":"DemoMod:ResourcefulRat","ascension_level":20}}