{"host":"6rmw1q50jy0xmvyl","time":1608548964,"event":{"mods":["BaseMod","BetterRewards","Clockwork Mod","Colored Map","Duelist Mod","Minty Spire (QoL Compilation)","Remove Card Discount Mod","StSLib","??????REMEMod"],"gold_per_floor":[140,92,92,111,111,111,111,140,163,163,173,173,185,210,210,284,284,297,297,312,312,61,61,87,87,87],"floor_reached":25,"playtime":2192,"items_purged":["theDuelist:CastleWalls","theDuelist:CastleWalls","theDuelist:Sparks","theDuelist:Sparks","theDuelist:CurseAnubis"],"score":540,"play_id":"605e4273-2932-488b-8a24-57d7b1c848d4","local_time":"20201221120924","is_ascension_mode":true,"campfire_choices":[{"floor":6,"key":"REST"},{"floor":10,"key":"REST"},{"floor":15,"key":"REST"}],"circlet_count":0,"master_deck":["AscendersBane","theDuelist:BeaverWarrior","theDuelist:BeaverWarrior","theDuelist:GiantSoldier","theDuelist:GiantSoldier","theDuelist:ScrapFactory","Rainbow","theDuelist:Ojamagic","theDuelist:ElectromagneticShield","theDuelist:HarpieFeather","theDuelist:PowerKaishin","theDuelist:MillenniumGolem","theDuelist:PowerWall","Madness","theDuelist:MudGolem","theDuelist:SpiralSpearStrike","theDuelist:LightningBlade","theDuelist:PowerKaishin"],"relics":["theDuelist:MillenniumPuzzle","theDuelist:CardPoolRelic","theDuelist:CardPoolBasicRelic","theDuelist:BoosterPackPoolRelic","theDuelist:CardPoolAddRelic","theDuelist:CardPoolMinusRelic","theDuelist:CardPoolSaveRelic","theDuelist:CardPoolOptionsRelic","REME_ComplimentaryCards","Strange Spoon","Pear","theDuelist:MillenniumRod","theDuelist:BoosterExtraAllRaresRelic","theDuelist:MillenniumSymbol","Cables","theDuelist:MillenniumPrayerbook"],"acts_visited":["Exordium","TheCity"],"potions_floor_usage":[8,14,16,16,24],"damage_taken":[{"damage":0,"enemies":"Jaw Worm","floor":1,"turns":5},{"damage":6,"enemies":"Cultist","floor":4,"turns":6},{"damage":27,"enemies":"3 Sentries","floor":8,"turns":9},{"damage":0,"enemies":"Small Slimes","floor":11,"turns":3},{"damage":18,"enemies":"Exordium Thugs","floor":13,"turns":4},{"damage":17,"enemies":"Gremlin Nob","floor":14,"turns":5},{"damage":31,"enemies":"Hexaghost","floor":16,"turns":10},{"damage":1,"enemies":"Chosen","floor":18,"turns":5},{"damage":25,"enemies":"Spheric Guardian","floor":20,"turns":6},{"damage":42,"enemies":"REME_1_Revenger","floor":24,"turns":6},{"damage":26,"enemies":"Shelled Parasite and Fungi","floor":25,"turns":2}],"seed_played":"2504996059469156612","potions_obtained":[{"floor":4,"key":"theDuelist:VoidBottle"},{"floor":11,"key":"theDuelist:SolderPotionB"},{"floor":13,"key":"theDuelist:SolderPotionB"},{"floor":14,"key":"Regen Potion"},{"floor":20,"key":"theDuelist:LavaBottle"}],"is_trial":false,"path_per_floor":["M","$","?","M","?","R","$","E","T","R","M","$","M","E","R","B",null,"M","?","M","?","$","?","E","M"],"character_chosen":"THE_DUELIST","items_purchased":["theDuelist:Ojamagic","Strange Spoon","theDuelist:ElectromagneticShield","theDuelist:HarpieFeather","theDuelist:PowerKaishin","theDuelist:PowerWall","Cables"],"campfire_rested":3,"item_purchase_floors":[0,0,0,0,0,2,22],"current_hp_per_floor":[54,54,54,58,50,74,74,57,57,84,84,84,66,49,76,90,90,89,89,64,64,64,64,22,0,0],"gold":87,"neow_bonus":"","is_daily":false,"chose_seed":false,"campfire_upgraded":0,"win_rate":0.0,"timestamp":1608548964,"path_taken":["M","$","?","?","?","R","?","E","T","R","M","$","M","E","R","BOSS","M","?","?","?","$","?","E","M"],"items_purchased_type":["Card","Relic","Card","Card","Card","Card","Relic"],"build_version":"2020-12-13","purchased_purges":5,"victory":false,"max_hp_per_floor":[80,80,80,80,80,80,80,90,90,90,90,90,90,90,90,90,90,90,90,90,90,90,90,90,90,90],"card_choices":[{"not_picked":["theDuelist:Fissure","theDuelist:GauntletWarrior","theDuelist:WormWarlord","theDuelist:ForbiddenLance"],"picked":"theDuelist:MillenniumGolem","floor":1},{"not_picked":["Deep Breath","PanicButton","Thinking Ahead"],"picked":"Madness","floor":4},{"not_picked":["theDuelist:FuryFire","theDuelist:LightningVortex","theDuelist:RainbowOverdragon","theDuelist:BigFire"],"picked":"theDuelist:MudGolem","floor":8},{"not_picked":["theDuelist:SpellShatteringArrow","theDuelist:GravityBlaster","theDuelist:MiracleFertilizer","theDuelist:Invigoration","theDuelist:UnderworldCannon"],"picked":"SKIP","floor":11},{"not_picked":["theDuelist:Hinotama","theDuelist:RainbowNeos","theDuelist:LegendarySword","theDuelist:CombinationAttack"],"picked":"theDuelist:SpiralSpearStrike","floor":13},{"not_picked":["theDuelist:VendreadCharge","theDuelist:BigKoala","theDuelist:SolarWindJammer","theDuelist:FrontierWiseman","theDuelist:BlackPendant"],"picked":"SKIP","floor":14},{"not_picked":["theDuelist:SwordsRevealing","theDuelist:SevenCompleted","theDuelist:AmuletAmbition","theDuelist:KamionTimelord"],"picked":"theDuelist:LightningBlade","floor":16},{"not_picked":["theDuelist:SpellShatteringArrow","theDuelist:CombinationAttack+1","theDuelist:ScrapFactory","theDuelist:EgoBoost","theDuelist:DarkFactory"],"picked":"SKIP","floor":18},{"not_picked":["theDuelist:BigFire","theDuelist:RainbowNeos","theDuelist:MeteorDestruction","theDuelist:Eva"],"picked":"theDuelist:PowerKaishin","floor":20},{"not_picked":["theDuelist:SpellShatteringArrow","theDuelist:MeteorDestruction","theDuelist:BigFire+1","theDuelist:RainbowNeos","theDuelist:LegendarySword"],"picked":"SKIP","floor":24}],"player_experience":579873,"relics_obtained":[{"floor":8,"key":"Pear"},{"floor":9,"key":"theDuelist:MillenniumRod"},{"floor":14,"key":"theDuelist:BoosterExtraAllRaresRelic"},{"floor":24,"key":"theDuelist:MillenniumPrayerbook"}],"event_choices":[{"cards_removed":["theDuelist:FinalFlame"],"damage_healed":0,"gold_gain":0,"player_choice":"Offered Basic","damage_taken":0,"max_hp_gain":0,"max_hp_loss":0,"event_name":"Bonfire Elementals","floor":3,"gold_loss":0},{"damage_healed":0,"gold_gain":0,"player_choice":"Damaged","damage_taken":8,"max_hp_gain":0,"max_hp_loss":0,"event_name":"Wheel of Change","floor":5,"gold_loss":0},{"damage_healed":0,"gold_gain":0,"player_choice":"Leave","duelist":true,"damage_taken":0,"max_hp_gain":0,"max_hp_loss":0,"event_name":"Card Trader","floor":19,"gold_loss":0},{"damage_healed":0,"gold_gain":0,"player_choice":"Took item - Received: Millennium Symbol","duelist":true,"damage_taken":0,"max_hp_gain":0,"max_hp_loss":0,"event_name":"Millennium Items","floor":21,"gold_loss":0},{"damage_healed":0,"gold_gain":0,"player_choice":"Simplicity","damage_taken":0,"max_hp_gain":0,"max_hp_loss":0,"event_name":"Back to Basics","floor":23,"gold_loss":0,"cards_upgraded":[]}],"is_beta":false,"boss_relics":[{"not_picked":["theDuelist:ElectricKey","Cursed Key","REME_DuelDisc"]}],"items_purged_floors":[0,0,0,0,22],"is_endless":false,"potions_floor_spawned":[4,11,13,14,20],"killed_by":"Shelled Parasite and Fungi","ascension_level":13}}