{"host":"oiai0qxasotny765","time":1608578015,"event":{"mods":["2.2 Compatiblity","AchievementEnabler","BaseMod","Colored Map","Minty Spire (QoL Compilation)","Permanent Neow","Relic Stats","StSLib","SuperFastMode","everything is the same but u backflip on backflip"],"gold_per_floor":[115,40,50,62,62,62,62,94,94,108,108,128,128,148,148,148,148],"floor_reached":16,"playtime":754,"items_purged":["Defend_G"],"score":189,"play_id":"f3b72cc2-76e9-40bb-b365-800141008956","local_time":"20201222041335","is_ascension_mode":true,"campfire_choices":[{"data":"Neutralize","floor":6,"key":"SMITH"},{"data":"Concentrate","floor":11,"key":"SMITH"},{"data":"Acrobatics","floor":13,"key":"SMITH"},{"data":"Reflex","floor":15,"key":"SMITH"}],"circlet_count":0,"master_deck":["AscendersBane","Strike_G","Strike_G","Strike_G","Strike_G","Strike_G","Defend_G","Defend_G","Defend_G","Defend_G","Survivor","Neutralize+1","Finesse","Backflip","Dagger Throw","Acrobatics+1","Concentrate+1","Prepared","Reflex+1"],"relics":["Ring of the Snake","TheAbacus","Sundial","Question Card","Gremlin Horn","InkBottle"],"acts_visited":["Exordium"],"potions_floor_usage":[16,16],"damage_taken":[{"damage":0,"enemies":"Cultist","floor":1,"turns":4},{"damage":6,"enemies":"2 Louse","floor":3,"turns":3},{"damage":0,"enemies":"Small Slimes","floor":4,"turns":4},{"damage":22,"enemies":"3 Sentries","floor":8,"turns":12},{"damage":0,"enemies":"3 Louse","floor":10,"turns":3},{"damage":4,"enemies":"Looter","floor":12,"turns":4},{"damage":1,"enemies":"2 Fungi Beasts","floor":14,"turns":4},{"damage":26,"enemies":"Hexaghost","floor":16,"turns":17}],"seed_played":"-389809553326180471","potions_obtained":[{"floor":1,"key":"BlessingOfTheForge"},{"floor":4,"key":"Poison Potion"},{"floor":14,"key":"PowerPotion"}],"is_trial":false,"path_per_floor":["M","$","M","M","$","R","?","E","T","M","R","M","R","M","R","B"],"character_chosen":"THE_SILENT","items_purchased":[],"campfire_rested":0,"item_purchase_floors":[],"current_hp_per_floor":[59,59,53,53,53,53,53,31,31,31,31,27,27,26,26,0,0],"gold":148,"neow_bonus":"RANDOM_COLORLESS","is_daily":false,"chose_seed":false,"campfire_upgraded":4,"win_rate":0.0,"timestamp":1608578015,"path_taken":["M","$","?","M","?","R","?","E","T","M","R","M","R","M","R","BOSS"],"items_purchased_type":[],"build_version":"2020-12-13","purchased_purges":1,"victory":false,"max_hp_per_floor":[66,66,66,66,66,66,66,66,66,66,66,66,66,66,66,66,66],"relic_stats":{"TheAbacus":[138],"Gremlin Horn":[3,3],"counters":[8,51],"Sundial":[14],"Question Card":4,"obtain_stats":[{"TheAbacus":0,"Gremlin Horn":8,"Sundial":0,"Question Card":7,"InkBottle":9,"Ring of the Snake":0},{"TheAbacus":0,"Gremlin Horn":4,"Sundial":0,"Question Card":3,"InkBottle":4,"Ring of the Snake":0},{"TheAbacus":0,"Gremlin Horn":23,"Sundial":0,"Question Card":11,"InkBottle":23,"Ring of the Snake":0}],"InkBottle":[15],"Ring of the Snake":[16]},"card_choices":[{"not_picked":["Bandage Up","Madness"],"picked":"Finesse","floor":0},{"not_picked":["Outmaneuver","Dagger Spray"],"picked":"Backflip","floor":1},{"not_picked":["Bane","Leg Sweep"],"picked":"Dagger Throw","floor":3},{"not_picked":["Quick Slash","Caltrops"],"picked":"Acrobatics","floor":4},{"not_picked":["Acrobatics","Skewer","Prepared"],"picked":"Concentrate","floor":8},{"not_picked":["Acrobatics","Dodge and Roll","Bane"],"picked":"Prepared","floor":10},{"not_picked":["Bouncing Flask","Heel Hook","Deadly Poison"],"picked":"Reflex","floor":12},{"not_picked":["All Out Attack","Noxious Fumes","Skewer","Prepared"],"picked":"SKIP","floor":14}],"player_experience":274732,"relics_obtained":[{"floor":8,"key":"Gremlin Horn"},{"floor":9,"key":"InkBottle"}],"event_choices":[{"damage_healed":0,"gold_gain":0,"player_choice":"Gave Potion","damage_taken":0,"relics_obtained":["Question Card"],"max_hp_gain":0,"max_hp_loss":0,"event_name":"WeMeetAgain","floor":7,"gold_loss":0}],"is_beta":false,"boss_relics":[],"items_purged_floors":[2],"is_endless":false,"potions_floor_spawned":[1,4,14],"killed_by":"Hexaghost","ascension_level":17}}