{"host":"watt8gvwfmxuscaf","time":1608540935,"event":{"mods":["BaseMod","CatGirl Mod","Colored Map","Colored Powertips","Conspire","Downfall","GifTheSpireLib","Hermit","Hubris","Infinite Spire","Marisa????????","Minty Spire (QoL Compilation)","Quick Restart","Rare Cards Sparkle","Replay The Spire","Shop Mod","StSLib","Stuff the Spire","SuperFastMode","The Animator","The Cursed","The Mystic","The Necromancer","The Poker Player","The Runesmith","The Servant 0.9.4"],"gold_per_floor":[112,212,229,239,259,259,279,307,389,399,67,67,99,99,99,99,99],"floor_reached":16,"playtime":525,"items_purged":["hermit:Strike_Hermit"],"score":137,"play_id":"7c31abb5-1e13-4a02-becd-f4b4ed9725c5","local_time":"20201221035535","is_ascension_mode":false,"campfire_choices":[{"data":"hermit:EyeOfTheStorm","floor":6,"key":"SMITH"},{"data":"hermit:GoldenBullet","floor":15,"key":"SMITH"}],"circlet_count":0,"master_deck":["hermit:Strike_Hermit","hermit:Strike_Hermit","hermit:Strike_Hermit","hermit:Defend_Hermit","hermit:Defend_Hermit","hermit:Defend_Hermit","hermit:Defend_Hermit+1","hermit:Snapshot","hermit:Covet","hermit:Enervate","hermit:ItchyTrigger","hermit:EyeOfTheStorm+1","hermit:PistolWhip","hermit:Feint","hermit:HighNoon","hermit:Maintenance","hermit:GoldenBullet+1","hermit:Determination","hermit:Gestalt"],"relics":["hermit:Momento","hubris:PeanutButter","infinitespire:CheckeredPen","infinitespire:Lucky Rock","Snack Pack"],"acts_visited":["Exordium"],"potions_floor_usage":[13],"damage_taken":[{"damage":0,"enemies":"Small Slimes","floor":1,"turns":4},{"damage":6,"enemies":"Cultist","floor":3,"turns":3},{"damage":1,"enemies":"Jaw Worm","floor":4,"turns":3},{"damage":5,"enemies":"Looter","floor":5,"turns":4},{"damage":0,"enemies":"Exordium Wildlife","floor":7,"turns":2},{"damage":21,"enemies":"Lagavulin","floor":8,"turns":5},{"damage":0,"enemies":"Blue Slaver","floor":10,"turns":2},{"damage":4,"enemies":"Gremlin Nob","floor":13,"turns":2},{"damage":98,"enemies":"Fading Forest","floor":16,"turns":10}],"seed_played":"6646760233254986327","potions_obtained":[{"floor":1,"key":"SpeedPotion"},{"floor":3,"key":"Adrenaline Potion"},{"floor":5,"key":"Death Potion"},{"floor":8,"key":"champ:CounterPotion"},{"floor":13,"key":"Adrenaline Potion"}],"is_trial":false,"path_per_floor":["M","?","M","M","M","R","M","E","T","M","$","?","E","?","R","B"],"character_chosen":"HERMIT","items_purchased":["infinitespire:Lucky Rock","hermit:GoldenBullet","hermit:Determination"],"campfire_rested":0,"item_purchase_floors":[11,11,11],"current_hp_per_floor":[82,82,76,75,70,70,70,49,49,49,49,49,45,72,72,0,0],"gold":99,"neow_bonus":"TEN_PERCENT_HP_BONUS","is_daily":false,"chose_seed":false,"campfire_upgraded":2,"win_rate":0.0,"timestamp":1608540935,"path_taken":["M","?","M","M","M","R","?","E","T","M","$","?","E","?","R","BOSS"],"items_purchased_type":["Relic","Card","Card"],"build_version":"2020-12-13","purchased_purges":1,"victory":false,"max_hp_per_floor":[82,82,82,82,82,82,82,82,82,82,82,82,82,82,82,82,82],"card_choices":[{"not_picked":["hermit:Roulette","hermit:Vantage"],"picked":"hermit:Enervate","floor":1},{"not_picked":["hermit:Enervate","hermit:FullyLoaded"],"picked":"hermit:ItchyTrigger","floor":3},{"not_picked":["hermit:Enervate","hermit:Combo"],"picked":"hermit:EyeOfTheStorm","floor":4},{"not_picked":["hermit:Shortfuse","hermit:WideOpen"],"picked":"hermit:PistolWhip","floor":5},{"not_picked":["hermit:BodyArmor","hermit:Coalescence"],"picked":"hermit:Feint","floor":7},{"not_picked":["hermit:Desperado","hermit:Brawl"],"picked":"hermit:HighNoon","floor":8},{"not_picked":["hermit:Feint","hermit:HighCaliber"],"picked":"hermit:Maintenance","floor":10},{"not_picked":["hermit:HighCaliber","hermit:Magnum"],"picked":"hermit:Gestalt","floor":13}],"player_experience":502380,"relics_obtained":[{"floor":8,"key":"hubris:PeanutButter"},{"floor":9,"key":"infinitespire:CheckeredPen"},{"floor":13,"key":"Snack Pack"}],"event_choices":[{"damage_healed":0,"gold_gain":100,"player_choice":"Pray","damage_taken":0,"max_hp_gain":0,"max_hp_loss":0,"event_name":"Golden Shrine","floor":2,"gold_loss":0},{"damage_healed":27,"gold_gain":0,"player_choice":"Banana","damage_taken":0,"max_hp_gain":0,"max_hp_loss":0,"event_name":"Big Fish","floor":14,"gold_loss":0}],"is_beta":false,"boss_relics":[],"items_purged_floors":[11],"is_endless":false,"potions_floor_spawned":[1,3,5,8,13],"killed_by":"Fading Forest","ascension_level":0}}