{"host":"h5golg54dem4i27y","time":1608518219,"event":{"mods":["BaseMod","Colored Map","Colored Powertips","Minty Spire (QoL Compilation)","Replay The Spire","StSLib","SuperFastMode"],"gold_per_floor":[117,42,42,57,74,74,89,101,101,129,129,144,144,144],"floor_reached":13,"playtime":513,"items_purged":["Strike_G"],"score":135,"play_id":"ca9c616c-06de-40e1-9797-f80d9226e2bd","local_time":"20201221113659","is_ascension_mode":true,"campfire_choices":[{"data":"Backflip","floor":6.0,"key":"SMITH"},{"floor":11.0,"key":"REST"}],"circlet_count":0,"master_deck":["AscendersBane","Strike_G","Strike_G","Strike_G","Strike_G","Defend_G","Defend_G","Defend_G","Defend_G","Survivor","Neutralize","After Image","Quick Slash","Backflip+1","Poisoned Stab","PiercingWail"],"relics":["Ring of the Snake","Question Card","Darkstone Periapt"],"acts_visited":["Exordium"],"potions_floor_usage":[],"damage_taken":[{"damage":0.0,"enemies":"2 Louse","floor":1.0,"turns":3.0},{"damage":3.0,"enemies":"Cultist","floor":4.0,"turns":3.0},{"damage":1.0,"enemies":"Small Slimes","floor":5.0,"turns":5.0},{"damage":2.0,"enemies":"2 Fungi Beasts","floor":7.0,"turns":4.0},{"damage":3.0,"enemies":"Large Slime","floor":8.0,"turns":6.0},{"damage":23.0,"enemies":"Gremlin Nob","floor":10.0,"turns":5.0},{"damage":16,"enemies":"Lots of Slimes","floor":12,"turns":7},{"damage":39,"enemies":"Lagavulin","floor":13,"turns":10}],"seed_played":"-7557911669414916905","potions_obtained":[{"floor":1.0,"key":"SkillPotion"},{"floor":4.0,"key":"Explosive Potion"}],"is_trial":false,"path_per_floor":["M","$","?","M","M","R","M","M","T","E","R","M","E"],"character_chosen":"THE_SILENT","items_purchased":[],"campfire_rested":1,"item_purchase_floors":[],"current_hp_per_floor":[63,63,63,60,59,59,57,54,54,31,52,36,0,0],"gold":144,"neow_bonus":"ONE_RANDOM_RARE_CARD","is_daily":false,"chose_seed":false,"campfire_upgraded":1,"win_rate":0.0,"timestamp":1608518219,"path_taken":["M","$","?","M","M","R","M","?","T","E","R","?","E"],"items_purchased_type":[],"build_version":"2020-12-13","purchased_purges":1,"victory":false,"max_hp_per_floor":[70,70,70,70,70,70,70,70,70,70,70,70,70,70],"card_choices":[{"not_picked":["Distraction","Deadly Poison"],"picked":"Quick Slash","floor":1.0},{"not_picked":["Acrobatics","Outmaneuver"],"picked":"Backflip","floor":4.0},{"not_picked":["Night Terror","Prepared","Dagger Throw"],"picked":"SKIP","floor":5.0},{"not_picked":["ReplayTheSpireMod:Exploit Weakness","Prepared"],"picked":"Poisoned Stab","floor":7.0},{"not_picked":["Dagger Throw","Underhanded Strike","Prepared"],"picked":"SKIP","floor":8.0},{"not_picked":["Quick Slash","Hidden Blade","Setup"],"picked":"PiercingWail","floor":10.0},{"not_picked":["ReplayTheSpireMod:Necrosis","Slice","Distraction","Finisher"],"picked":"SKIP","floor":12}],"player_experience":617729,"relics_obtained":[{"floor":9.0,"key":"Question Card"},{"floor":10.0,"key":"Darkstone Periapt"}],"event_choices":[{"cards_removed":["Defend_G"],"damage_healed":0.0,"max_hp_gain":0.0,"max_hp_loss":0.0,"gold_gain":0.0,"event_name":"Bonfire Elementals","player_choice":"Offered Basic","floor":3.0,"gold_loss":0.0,"damage_taken":0.0}],"is_beta":false,"boss_relics":[],"items_purged_floors":[2],"is_endless":false,"potions_floor_spawned":[1,4],"killed_by":"Lagavulin","ascension_level":11}}