{"host":"agbyy69nq62afhwx","time":1608510671,"event":{"mods":["BaseMod","Colored Map","Highlight Path","Keyboard Shortcuts","Minty Spire (QoL Compilation)","Quick Restart","StSLib","SuperFastMode","everything is the same but u backflip on backflip"],"gold_per_floor":[118,118,128,145,162,162,162,162,185,185,205,224,224,54,54,182,182,198,22,46,46,46],"floor_reached":21,"playtime":490,"items_purged":["Strike_B","Strike_B"],"score":205,"play_id":"2d7227ba-e2eb-432e-9878-e488205d816a","local_time":"20201221093111","is_ascension_mode":true,"campfire_choices":[{"data":"Defragment","floor":6,"key":"SMITH"},{"data":"Recycle","floor":8,"key":"SMITH"},{"floor":10,"key":"REST"},{"data":"Aggregate","floor":15,"key":"SMITH"}],"circlet_count":0,"master_deck":["Strike_B","Defend_B","Defend_B","Defend_B","Defend_B","Zap","Dualcast+1","Aggregate+1","Defragment+1","Loop","Recycle+1","White Noise","Flash of Steel","Creative AI","Conserve Battery","Force Field","Reinforced Body"],"relics":["Cracked Core","Golden Idol","Vajra","Philosopher\u0027s Stone"],"acts_visited":["Exordium","TheCity"],"potions_floor_usage":[21],"damage_taken":[{"damage":4,"enemies":"Small Slimes","floor":1,"turns":4},{"damage":4,"enemies":"2 Louse","floor":3,"turns":2},{"damage":1,"enemies":"Cultist","floor":4,"turns":3},{"damage":28,"enemies":"3 Louse","floor":5,"turns":3},{"damage":9,"enemies":"Red Slaver","floor":11,"turns":2},{"damage":12,"enemies":"2 Fungi Beasts","floor":12,"turns":4},{"damage":27,"enemies":"Hexaghost","floor":16,"turns":7},{"damage":35,"enemies":"Shell Parasite","floor":18,"turns":5},{"damage":25,"enemies":"Chosen","floor":20,"turns":5},{"damage":20,"enemies":"Snake Plant","floor":21,"turns":4}],"seed_played":"-1324336077621211084","potions_obtained":[{"floor":1,"key":"BlessingOfTheForge"},{"floor":4,"key":"Explosive Potion"},{"floor":5,"key":"Strength Potion"},{"floor":18,"key":"ColorlessPotion"}],"is_trial":false,"path_per_floor":["M","?","M","M","M","R","?","R","T","R","M","M","?","$","R","B",null,"M","$","M","M"],"character_chosen":"DEFECT","items_purchased":["Flash of Steel","Force Field"],"campfire_rested":1,"item_purchase_floors":[14,19],"current_hp_per_floor":[71,64,60,59,31,31,13,13,13,35,26,14,39,39,39,12,75,40,40,15,0,0],"gold":46,"neow_bonus":"UPGRADE_CARD","is_daily":false,"chose_seed":false,"campfire_upgraded":3,"win_rate":0.0,"timestamp":1608510671,"path_taken":["M","?","M","M","M","R","?","R","T","R","M","M","?","$","R","BOSS","M","$","M","M"],"items_purchased_type":["Card","Card"],"build_version":"2020-12-13","purchased_purges":2,"victory":false,"max_hp_per_floor":[75,75,75,75,75,75,75,75,75,75,75,75,75,75,75,75,75,75,75,75,75,75],"card_choices":[{"not_picked":["Blizzard","Barrage"],"picked":"Aggregate","floor":1},{"not_picked":["Tempest","Melter"],"picked":"Defragment","floor":3},{"not_picked":["Rebound","Compile Driver","Loop"],"picked":"SKIP","floor":4},{"not_picked":["Rebound","Compile Driver"],"picked":"Loop","floor":4},{"not_picked":["Turbo","Heatsinks"],"picked":"Recycle","floor":5},{"not_picked":["Leap","Rebound"],"picked":"White Noise","floor":11},{"not_picked":["Hologram","Steam","Beam Cell"],"picked":"SKIP","floor":12},{"not_picked":["Hyperbeam","Machine Learning"],"picked":"Creative AI","floor":16},{"not_picked":["Reprogram","Coolheaded"],"picked":"Conserve Battery","floor":18},{"not_picked":["Ball Lightning","Static Discharge"],"picked":"Reinforced Body","floor":20}],"player_experience":346203,"relics_obtained":[{"floor":9,"key":"Vajra"}],"event_choices":[{"cards_removed":["Strike_B"],"damage_healed":0,"gold_gain":0,"player_choice":"Card Removal","damage_taken":7,"max_hp_gain":0,"max_hp_loss":0,"event_name":"Golden Wing","floor":2,"gold_loss":0},{"damage_healed":0,"gold_gain":0,"player_choice":"Take Damage","damage_taken":18,"relics_obtained":["Golden Idol"],"max_hp_gain":0,"max_hp_loss":0,"event_name":"Golden Idol","floor":7,"gold_loss":0},{"damage_healed":25,"gold_gain":0,"player_choice":"Banana","damage_taken":0,"max_hp_gain":0,"max_hp_loss":0,"event_name":"Big Fish","floor":13,"gold_loss":0}],"is_beta":false,"boss_relics":[{"not_picked":["SlaversCollar","Sozu"],"picked":"Philosopher\u0027s Stone"}],"items_purged_floors":[14,19],"is_endless":false,"potions_floor_spawned":[1,4,5,12,18,20],"killed_by":"Snake Plant","ascension_level":4}}