{"host":"0gy90rl0ccnvdufw","time":1608528727,"event":{"mods":["AchievementEnabler","Act Like it!","Aspiration","Bard","BaseMod","Better Third Choice","Better Vampires","BetterRewards","ChefMod","Colored Map","Colored Powertips","Conspire","Decade(???)","Downfall","Ekko","Gensokyo","GungeonMod","Halation","Hubris","Infinite Spire","Jedi Mod","KomeijiMod","Luminous","Minty Spire (QoL Compilation)","Quick Restart","Rare Cards Sparkle","Replay The Spire","Robot Space Explorer","StSLib","SuperFastMode","The Cursed","The Disciple","The Dragon Tamer","The Forsaken","The Jungle","[IsaacMod]????","??????REMEMod"],"gold_per_floor":[118,130,30,82,92,126,126,156,156,185,146,146,146,219,219,321,321,332,139,149,149,149,149],"floor_reached":22,"playtime":736,"items_purged":[],"score":225,"play_id":"03ff912c-db6a-4c50-b1ab-daf30bea67d8","local_time":"20201220233207","is_ascension_mode":false,"campfire_choices":[{"floor":7,"key":"REST"},{"floor":13,"key":"REST"},{"floor":15,"key":"REST"}],"circlet_count":0,"master_deck":["RobotSpaceExplorer:Strike","RobotSpaceExplorer:Strike","RobotSpaceExplorer:Strike","RobotSpaceExplorer:Strike","RobotSpaceExplorer:Defend","RobotSpaceExplorer:Defend","RobotSpaceExplorer:Defend","RobotSpaceExplorer:Defend","RobotSpaceExplorer:Scan","RobotSpaceExplorer:MiniLasers","EpicFetus","RobotSpaceExplorer:Probe","RobotSpaceExplorer:FrostMissile","RobotSpaceExplorer:SurgingShield","RobotSpaceExplorer:TrailblazerForm+1","RobotSpaceExplorer:MiniBoosters+1","RobotSpaceExplorer:Calculate","RobotSpaceExplorer:SurgingStrike","RobotSpaceExplorer:Scanner+1","RobotSpaceExplorer:TrailblazerForm+1","RobotSpaceExplorer:StunGrenade","RobotSpaceExplorer:PowerCollector+1","RobotSpaceExplorer:DoubleFind+1"],"relics":["RobotSpaceExplorer:RoboCore","REME_ComplimentaryCards","HushsDoor","KeepersGift","Lantern","hubris:SphereOfDissonance","jedi:shrinkray","halation:PromiseList","Frozen Egg 2","CaptainsWheel","GnawedLeaf","hubris:ToyBattleship","Black Star","BargainBundle","DemoMod:GlassGuonStoneRelic"],"acts_visited":["Gensokyo:Gensokyo","Gensokyo:Gensokyoer"],"potions_floor_usage":[8,22],"damage_taken":[{"damage":2,"enemies":"Gensokyo:2_Kodama","floor":1,"turns":3},{"damage":2,"enemies":"Gensokyo:Gryphon","floor":2,"turns":3},{"damage":5,"enemies":"Gensokyo:3_Fairies","floor":5,"turns":3},{"damage":23,"enemies":"Gensokyo:Mamizou","floor":6,"turns":8},{"damage":0,"enemies":"Gensokyo:Cirno","floor":8,"turns":5},{"damage":13,"enemies":"Gensokyo:Mamizou","floor":10,"turns":7},{"damage":26,"enemies":"Gensokyo:Reimu","floor":16,"turns":9},{"damage":28,"enemies":"Gensokyo:3_Dogs","floor":18,"turns":5},{"damage":18,"enemies":"Gensokyo:2_Gloops","floor":20,"turns":5},{"damage":28,"enemies":"Gensokyo:Swordslinger","floor":22,"turns":1}],"seed_played":"5229124598726909926","potions_obtained":[{"floor":5,"key":"jedi:wingpotion"},{"floor":6,"key":"DistilledChaos"},{"floor":16,"key":"Fire Potion"}],"is_trial":false,"path_per_floor":["M","M","?","T","M","E","R","E","T","E","$","?","R","?","R","B",null,"M","$","M","$","M"],"character_chosen":"RobotSpaceExplorer","items_purchased":["RobotSpaceExplorer:MiniBoosters+1","RobotSpaceExplorer:TrailblazerForm+1","BargainBundle","RobotSpaceExplorer:PowerCollector+1"],"campfire_rested":3,"item_purchase_floors":[11,17,19,19],"current_hp_per_floor":[73,71,71,71,66,43,65,65,65,52,52,52,74,56,75,49,71,43,43,25,25,0,0],"gold":149,"neow_bonus":"RANDOM_COMMON_RELIC","is_daily":false,"chose_seed":false,"campfire_upgraded":0,"win_rate":0.0,"timestamp":1608528727,"path_taken":["M","M","?","?","?","E","R","E","T","E","$","?","R","?","R","BOSS","M","$","M","$","?"],"items_purchased_type":["Card","Card","Relic","Card"],"build_version":"2020-12-13","purchased_purges":0,"victory":false,"max_hp_per_floor":[75,75,75,75,75,75,75,75,75,75,75,75,75,75,75,75,71,71,71,71,71,71,71],"card_choices":[{"not_picked":[],"picked":"EpicFetus","floor":0},{"not_picked":["RobotSpaceExplorer:DualCore","RobotSpaceExplorer:SwiftStep"],"picked":"RobotSpaceExplorer:Probe","floor":1},{"not_picked":["RobotSpaceExplorer:MiniDrones","RobotSpaceExplorer:MakeshiftVolley"],"picked":"RobotSpaceExplorer:FrostMissile","floor":2},{"not_picked":["RobotSpaceExplorer:GlueShot","RobotSpaceExplorer:Blitz","RobotSpaceExplorer:FreezeRay"],"picked":"SKIP","floor":5},{"not_picked":["RobotSpaceExplorer:SelfCleaning","RobotSpaceExplorer:SwiftStep"],"picked":"RobotSpaceExplorer:SurgingShield","floor":6},{"not_picked":["RobotSpaceExplorer:Jetpack","RobotSpaceExplorer:MiniDrones"],"picked":"RobotSpaceExplorer:TrailblazerForm+1","floor":8},{"not_picked":["RobotSpaceExplorer:ExhaustFan+1","RobotSpaceExplorer:Ammunition","RobotSpaceExplorer:ImprovisedAttack"],"picked":"SKIP","floor":10},{"not_picked":["RobotSpaceExplorer:Fix","RobotSpaceExplorer:SlimeMissile"],"picked":"RobotSpaceExplorer:Calculate","floor":14},{"not_picked":["RobotSpaceExplorer:ExhaustFan+1","RobotSpaceExplorer:ShockKick"],"picked":"RobotSpaceExplorer:SurgingStrike","floor":14},{"not_picked":["RobotSpaceExplorer:Autoloader+1","RobotSpaceExplorer:Comet"],"picked":"RobotSpaceExplorer:Scanner+1","floor":16},{"not_picked":["RobotSpaceExplorer:MetalStrike","RobotSpaceExplorer:Probe"],"picked":"RobotSpaceExplorer:StunGrenade","floor":18},{"not_picked":["RobotSpaceExplorer:GlueShot","RobotSpaceExplorer:MiniDrones"],"picked":"RobotSpaceExplorer:DoubleFind+1","floor":20}],"player_experience":303356,"relics_obtained":[{"floor":4,"key":"jedi:shrinkray"},{"floor":6,"key":"halation:PromiseList"},{"floor":8,"key":"Frozen Egg 2"},{"floor":9,"key":"CaptainsWheel"},{"floor":10,"key":"GnawedLeaf"},{"floor":14,"key":"hubris:ToyBattleship"}],"event_choices":[],"is_beta":false,"boss_relics":[{"not_picked":["Kintsugi","hubris:VirtuousBlindfold"],"picked":"Black Star"},{"not_picked":[]}],"items_purged_floors":[],"is_endless":false,"potions_floor_spawned":[5,6,16],"killed_by":"Gensokyo:Swordslinger","ascension_level":0}}