{"host":"foq4mrde4mssg7vt","time":1608558841,"event":{"mods":["AchievementEnabler","BaseMod","Colored Map","Colored Powertips","Highlight Path","Minty Spire (QoL Compilation)","Relic Stats","everything is the same but u backflip on backflip"],"gold_per_floor":[16,16,35,51,62,62,82,82,82,82,95,123,48,68,68,68,68],"floor_reached":16,"playtime":511,"items_purged":["Strike_R"],"score":161,"play_id":"f82f34d1-0501-4758-8f27-fb5bf345b250","local_time":"20201221215401","is_ascension_mode":true,"campfire_choices":[{"data":"Bash","floor":6.0,"key":"SMITH"},{"floor":8.0,"key":"REST"},{"floor":15,"key":"REST"}],"circlet_count":0,"master_deck":["AscendersBane","Strike_R","Strike_R","Strike_R","Strike_R","Defend_R","Defend_R","Defend_R","Defend_R","Bash+1","Reaper","Whirlwind+1","Pain","Wild Strike","Combust","Metallicize","Rupture"],"relics":["Burning Blood","WarpedTongs","Unceasing Top","WingedGreaves"],"acts_visited":["Exordium"],"potions_floor_usage":[16],"damage_taken":[{"damage":9.0,"enemies":"2 Louse","floor":1.0,"turns":4.0},{"damage":8.0,"enemies":"Cultist","floor":3.0,"turns":3.0},{"damage":8.0,"enemies":"Small Slimes","floor":4.0,"turns":6.0},{"damage":43.0,"enemies":"Exordium Thugs","floor":5.0,"turns":6.0},{"damage":35.0,"enemies":"Gremlin Gang","floor":7.0,"turns":5.0},{"damage":15.0,"enemies":"Red Slaver","floor":11.0,"turns":3.0},{"damage":28.0,"enemies":"Gremlin Nob","floor":12.0,"turns":4.0},{"damage":20,"enemies":"Large Slime","floor":14,"turns":5},{"damage":52,"enemies":"The Guardian","floor":16,"turns":8}],"seed_played":"8987631714471033073","potions_obtained":[{"floor":1.0,"key":"Explosive Potion"},{"floor":12.0,"key":"Explosive Potion"}],"is_trial":false,"path_per_floor":["M","?","M","M","M","R","M","R","T","?","M","E","$","M","R","B"],"character_chosen":"IRONCLAD","items_purchased":[],"campfire_rested":2,"item_purchase_floors":[],"current_hp_per_floor":[77,77,80,80,49,49,28,52,52,52,43,25,25,17,41,0,0],"gold":68,"neow_bonus":"THREE_RARE_CARDS","is_daily":false,"chose_seed":false,"campfire_upgraded":1,"win_rate":0.0,"timestamp":1608558841,"path_taken":["M","?","M","?","M","R","M","R","T","?","?","E","$","M","R","BOSS"],"items_purchased_type":[],"build_version":"2020-12-13","purchased_purges":1,"victory":false,"max_hp_per_floor":[80,80,80,80,80,80,80,80,80,80,80,80,80,80,80,80,80],"relic_stats":{"counters":[9,44],"obtain_stats":[{"WingedGreaves":12,"Burning Blood":0,"Unceasing Top":9,"WarpedTongs":2},{"WingedGreaves":7,"Burning Blood":0,"Unceasing Top":5,"WarpedTongs":1},{"WingedGreaves":31,"Burning Blood":0,"Unceasing Top":24,"WarpedTongs":4}],"Burning Blood":44,"Unceasing Top":[0],"WarpedTongs":[40]},"card_choices":[{"not_picked":["Impervious","Limit Break"],"picked":"Reaper","floor":0.0},{"not_picked":["Heavy Blade","Flex"],"picked":"Whirlwind","floor":1.0},{"not_picked":["Second Wind","Power Through"],"picked":"Wild Strike","floor":3.0},{"not_picked":["Havoc","Evolve","Clothesline"],"picked":"SKIP","floor":4.0},{"not_picked":["Body Slam","Second Wind","Dropkick"],"picked":"SKIP","floor":5.0},{"not_picked":["Uppercut","Iron Wave"],"picked":"Combust","floor":7.0},{"not_picked":["Juggernaut","Clash"],"picked":"Metallicize","floor":11.0},{"not_picked":["Fire Breathing","Heavy Blade"],"picked":"Rupture","floor":12.0},{"not_picked":["Body Slam","Infernal Blade","Power Through"],"picked":"SKIP","floor":14}],"player_experience":219683,"relics_obtained":[{"floor":9.0,"key":"Unceasing Top"},{"floor":12.0,"key":"WingedGreaves"}],"event_choices":[{"damage_healed":0.0,"max_hp_gain":0.0,"max_hp_loss":0.0,"gold_gain":0.0,"event_name":"Accursed Blacksmith","player_choice":"Rummage","floor":2.0,"gold_loss":0.0,"damage_taken":0.0,"relics_obtained":["WarpedTongs"],"cards_obtained":["Pain"]},{"damage_healed":0.0,"max_hp_gain":0.0,"max_hp_loss":0.0,"gold_gain":0.0,"event_name":"Upgrade Shrine","player_choice":"Upgraded","floor":10.0,"gold_loss":0.0,"damage_taken":0.0,"cards_upgraded":["Whirlwind"]}],"is_beta":false,"boss_relics":[],"items_purged_floors":[13],"is_endless":false,"potions_floor_spawned":[1,12],"killed_by":"The Guardian","ascension_level":11}}