{"host":"1pcwcurc8qazgtt6","time":1608591710,"event":{"mods":["AchievementEnabler","BaseMod","BetterRewards","Colored Map","Curses Come First","Hubris","Minty Spire (QoL Compilation)","StSLib","The Animator","The Blue Laboratory"],"gold_per_floor":[127,127,138,149,149,191,220,220,248,248,248,360,360,370,246,161,180,180,200,213,236,866,899,925,925,957,957,1053,1053,1065,1065,1091,1109,1138,1138,1138,1138,1138,1162,1162,1162,1162,1162,999,999,999],"floor_reached":54,"playtime":3781,"items_purged":["animator:Strike","Injury","animator:Strike","animator:Defend","animator:Defend"],"score":1155,"play_id":"7c4ce31f-a478-413a-8263-2d9966459d42","local_time":"20201221170150","is_ascension_mode":false,"campfire_choices":[{"floor":6,"key":"DIG"},{"floor":15,"key":"DIG"},{"floor":23,"key":"DIG"},{"floor":30,"key":"DIG"},{"floor":32,"key":"DIG"},{"floor":44,"key":"RECALL"},{"floor":49,"key":"DIG"},{"floor":52,"key":"DIG"}],"circlet_count":0,"master_deck":["animator:Strike_NoGameNoLife","animator:DolaSchwi","animator:MetalKnight","animator:Saitama","animator:DolaSchwi","animator:Lelouch","animator:TanyaDegurechaff","animator:Lelouch","animator:MetalKnight","animator:DolaStephanie","animator:Cirno","animator:DolaRiku","animator:DolaRiku","animator:Tatsumaki","animator:TanyaDegurechaff","animator:MamizouFutatsuiwa","animator:TanyaDegurechaff","animator:FielNirvalen","animator:FielNirvalen","animator:TanyaDegurechaff","animator:Jibril","animator:DolaSchwi","animator:Genos","animator:Jibril","animator:ChlammyZell","animator:Sonic","animator:FeridBathory","animator:Mikaela","animator:RinTohsaka","animator:Witch","animator:Millim","animator:Darkness","animator:Darkness","animator:WinryRockbell","animator:MetalKnight","animator:Sonic","animator:Ainz","animator:Sora","animator:WinryRockbell","animator:DolaRiku","animator:HigakiRinne"],"relics":["animator:TheEruzaStone","animator:LivingPicture","animator:TheMissingPiece"],"acts_visited":["Exordium","TheCity","TheBeyond","TheEnding","EYB:TheUnnamedReign"],"potions_floor_usage":[0,0,8,8,16,16,16,31,31,31,31,50,50],"damage_taken":[{"damage":0,"enemies":"2 Louse","floor":1,"turns":1},{"damage":0,"enemies":"Jaw Worm","floor":3,"turns":2},{"damage":0,"enemies":"Small Slimes","floor":4,"turns":2},{"damage":0,"enemies":"3 Sentries","floor":8,"turns":3},{"damage":0,"enemies":"Lagavulin","floor":11,"turns":2},{"damage":0,"enemies":"The Guardian","floor":16,"turns":5},{"damage":0,"enemies":"Chosen","floor":18,"turns":2},{"damage":0,"enemies":"3 Byrds","floor":21,"turns":2},{"damage":0,"enemies":"Snake Plant","floor":24,"turns":2},{"damage":0,"enemies":"Cultist and Chosen","floor":25,"turns":3},{"damage":0,"enemies":"animator:HornedBat","floor":28,"turns":2},{"damage":0,"enemies":"Slavers","floor":31,"turns":2},{"damage":2,"enemies":"hubris:MusketHawk","floor":33,"turns":4},{"damage":0,"enemies":"3 Darklings","floor":35,"turns":4},{"damage":0,"enemies":"Orb Walker","floor":37,"turns":2},{"damage":0,"enemies":"Sphere and 2 Shapes","floor":38,"turns":2},{"damage":0,"enemies":"Giant Head","floor":40,"turns":5},{"damage":0,"enemies":"Donu and Deca","floor":50,"turns":4},{"damage":102,"enemies":"animator:TRIPLE_SHAPES_WEAK","floor":54,"turns":6}],"seed_played":"4539901022203121637","potions_obtained":[{"floor":0,"key":"Fruit Juice"},{"floor":0,"key":"Explosive Potion"},{"floor":0,"key":"blueLaboratory:FrostheartPotion"},{"floor":0,"key":"Weak Potion"},{"floor":8,"key":"Fruit Juice"},{"floor":11,"key":"blueLaboratory:BubblePotion"},{"floor":16,"key":"blueLaboratory:FruitPunch"},{"floor":18,"key":"blueLaboratory:StoneskinPotion"},{"floor":24,"key":"blueLaboratory:BottleOfVodka"},{"floor":31,"key":"blueLaboratory:NullPotion"},{"floor":33,"key":"blueLaboratory:HummingbirdPotion"},{"floor":35,"key":"AttackPotion"},{"floor":37,"key":"blueLaboratory:HummingbirdPotion"},{"floor":38,"key":"blueLaboratory:CorrosionFlask"}],"is_trial":false,"path_per_floor":["M","?","M","M","R","?","E","T","E","$","R","B",null,"M","$","?","M","R","M","M","T","?","E","T","R","E","R","B",null,"M","?","M","M","E","?","T","R","?","T","R","B",null,"R","??","M"],"character_chosen":"THE_ANIMATOR","items_purchased":["hubris:SphereOfDissonance","OrangePellets","Boot","Lantern","animator:Buoy","Bag of Preparation","hubris:EmptyBottle","animator:MetalKnight","Whetstone","Anchor","Chemical X","hubris:DisguiseKit","animator:ShionDessert","animator:Saitama","Toolbox","animator:DolaSchwi","animator:Lelouch","Mummified Hand","Sling","hubris:ToyBattleship","Strange Spoon","Omamori","animator:TanyaDegurechaff","animator:Lelouch","Meat on the Bone","Lee\u0027s Waffle","Happy Flower","animator:MetalKnight","animator:DolaStephanie","animator:Cirno","animator:Lelouch","animator:DolaRiku","TwistedFunnel","animator:WornHelmet","Bottled Lightning","TungstenRod","Darkstone Periapt","DataDisk","Pocketwatch","Medical Kit","Pear","animator:DolaRiku","TheAbacus","Nunchaku","Peace Pipe","animator:Tatsumaki","Frozen Egg 2","MealTicket","DollysMirror","animator:MamizouFutatsuiwa","Du-Vu Doll","Centennial Puzzle","Frozen Eye","animator:TanyaDegurechaff","animator:FielNirvalen+1","animator:FielNirvalen+1","Cauldron","animator:TanyaDegurechaff","ClockworkSouvenir"],"campfire_rested":0,"item_purchase_floors":[0,0,0,0,0,0,0,0,0,0,0,0,0,0,0,0,0,0,0,0,0,0,0,0,0,0,0,0,0,0,0,0,0,0,0,0,0,0,0,0,0,0,0,0,0,0,0,0,0,0,0,0,0,0,0,0,0,0,19],"current_hp_per_floor":[93,93,93,93,93,93,104,104,104,104,104,104,104,104,104,104,104,104,104,104,104,43,63,63,63,69,69,81,108,108,108,108,108,108,108,108,108,94,94,94,94,94,94,86,0,0],"gold":999,"neow_bonus":"","is_daily":false,"chose_seed":false,"campfire_upgraded":0,"win_rate":0.0,"timestamp":1608591710,"path_taken":["M","?","M","M","R","?","E","T","E","?","R","BOSS","M","$","?","M","R","M","M","T","?","E","?","R","E","R","BOSS","M","?","M","M","E","?","T","R","?","?","R","BOSS","R","??","M"],"items_purchased_type":["Relic","Relic","Relic","Relic","Relic","Relic","Relic","Card","Relic","Relic","Relic","Relic","Relic","Card","Relic","Card","Card","Relic","Relic","Relic","Relic","Relic","Card","Card","Relic","Relic","Relic","Card","Card","Card","Card","Card","Relic","Relic","Relic","Relic","Relic","Relic","Relic","Relic","Relic","Card","Relic","Relic","Relic","Card","Relic","Relic","Relic","Card","Relic","Relic","Relic","Card","Card","Card","Relic","Card","Relic"],"build_version":"2020-12-13","purchased_purges":5,"victory":false,"max_hp_per_floor":[93,93,93,93,93,93,104,104,104,104,104,104,104,104,104,104,104,104,104,104,104,104,104,104,104,108,108,108,108,108,108,108,108,108,118,118,118,118,118,118,118,118,118,86,86,86],"card_choices":[{"not_picked":["animator:MumenRider","animator:Tyuule","Force Field"],"picked":"animator:Jibril","floor":1},{"not_picked":["animator:Fredrika","animator:Illya","Beam Cell"],"picked":"animator:DolaSchwi","floor":1},{"not_picked":["animator:Vanir","animator:UneriGinkaku","FTL"],"picked":"animator:Genos","floor":3},{"not_picked":["animator:Mitsurugi","animator:Shizu","animator:Sebas","hubris:Ukulele"],"picked":"SKIP","floor":3},{"not_picked":["animator:Raven","animator:Viivi","Cold Snap"],"picked":"animator:Jibril","floor":4},{"not_picked":["animator:Tyuule","animator:MamiTomoe","animator:Kaijin+1","Go for the Eyes"],"picked":"SKIP","floor":4},{"not_picked":["animator:Tyuule","animator:MamiTomoe","animator:Kaijin+1","Go for the Eyes"],"picked":"SKIP","floor":4},{"not_picked":["animator:PandorasActor","animator:Shigure","Redo"],"picked":"animator:ChlammyZell","floor":8},{"not_picked":["animator:CowGirl","animator:MetalKnight","Barrage"],"picked":"animator:Sonic","floor":11},{"not_picked":["animator:Saber","animator:ItamiYouji","Electrodynamics"],"picked":"animator:FeridBathory+1","floor":16},{"not_picked":["animator:LizardPriest","animator:Lu","Steam Power"],"picked":"animator:Millim","floor":18},{"not_picked":["animator:UneriGinkaku","animator:DwarfShaman","Fusion"],"picked":"animator:Darkness+1","floor":18},{"not_picked":["animator:SakuraMatou","animator:Hakurou+1","animator:Rider","Compile Driver"],"picked":"SKIP","floor":21},{"not_picked":["animator:Laby+1","animator:Evileye+1","animator:Shichika","Compile Driver"],"picked":"SKIP","floor":21},{"not_picked":["animator:Add","animator:Hitei+1","Rainbow"],"picked":"animator:Darkness+1","floor":24},{"not_picked":["animator:Kazuma","animator:Witch","Melter+1"],"picked":"animator:WinryRockbell+1","floor":24},{"not_picked":["animator:Demiurge","animator:Ara+1","Redo"],"picked":"animator:MetalKnight+1","floor":25},{"not_picked":["animator:Guy","animator:Emonzaemon+1","animator:Geryuganshoop+1","Genetic Algorithm"],"picked":"SKIP","floor":25},{"not_picked":["animator:Fredrika","animator:Megumin+1","Fusion"],"picked":"animator:Sonic","floor":28},{"not_picked":["animator:DolaCouronne","animator:Ciel","animator:Vanir+1","White Noise"],"picked":"SKIP","floor":31},{"not_picked":["animator:Saitama","animator:Sora","Fission"],"picked":"animator:Ainz+1","floor":33},{"not_picked":["animator:Elsword+1","animator:ZankiKiguchi+1","animator:Shichika","BootSequence"],"picked":"SKIP","floor":35},{"not_picked":["animator:YachiyoNanami+1","animator:MamiTomoe+1","animator:UneriGinkaku+1","FTL"],"picked":"SKIP","floor":35},{"not_picked":["animator:Add+1","animator:Tyuule+1","Tempest"],"picked":"animator:Sora","floor":37},{"not_picked":["animator:Fredrika+1","animator:Benimaru+1","Compile Driver"],"picked":"animator:WinryRockbell+1","floor":37},{"not_picked":["animator:Genos+1","animator:RinTohsaka+1","animator:Mikaela+1","Hologram"],"picked":"SKIP","floor":38},{"not_picked":["animator:IzunaHatsuse","animator:ChaikaTrabant+1","animator:Chris+1","Chill"],"picked":"SKIP","floor":38},{"not_picked":["animator:ZankiKiguchi+1","animator:Melzalgald+1","Stack"],"picked":"animator:DolaRiku+1","floor":40}],"player_experience":175285,"relics_obtained":[{"floor":6,"key":"Smiling Mask"},{"floor":8,"key":"White Beast Statue"},{"floor":9,"key":"The Courier"},{"floor":11,"key":"Tiny Chest"},{"floor":15,"key":"Blood Vial"},{"floor":23,"key":"Bronze Scales"},{"floor":24,"key":"Molten Egg 2"},{"floor":26,"key":"War Paint"},{"floor":28,"key":"Vajra"},{"floor":29,"key":"Juzu Bracelet"},{"floor":30,"key":"Regal Pillow"},{"floor":31,"key":"Potion Belt"},{"floor":32,"key":"Red Skull"},{"floor":40,"key":"Dream Catcher"},{"floor":47,"key":"Paper Frog"},{"floor":49,"key":"animator:OldCoffin"},{"floor":52,"key":"hubris:Metronome"},{"floor":53,"key":"animator:TheEruzaStone"}],"event_choices":[{"damage_healed":0,"gold_gain":0,"player_choice":"Obtained Relic","damage_taken":0,"relics_obtained":["hubris:SlimyHat"],"max_hp_gain":0,"max_hp_loss":0,"event_name":"Addict","floor":20,"gold_loss":85},{"damage_healed":0,"gold_gain":630,"player_choice":"GOLD GOLD GOLD GOLD GOLD GOLD GOLD ","damage_taken":69,"max_hp_gain":0,"max_hp_loss":0,"event_name":"Knowing Skull","floor":27,"potions_obtained":[],"gold_loss":0,"cards_obtained":[]},{"damage_healed":0,"gold_gain":0,"player_choice":"Upgrade","damage_taken":0,"relics_obtained":["Mark of the Bloom"],"max_hp_gain":0,"max_hp_loss":0,"event_name":"MindBloom","floor":36,"gold_loss":0,"cards_upgraded":["animator:Strike_NoGameNoLife","animator:MetalKnight","animator:Saitama","animator:DolaSchwi","animator:Lelouch","animator:TanyaDegurechaff","animator:MetalKnight","animator:DolaStephanie","animator:Cirno","animator:Lelouch","animator:DolaRiku","animator:DolaRiku","animator:Tatsumaki","animator:TanyaDegurechaff","animator:TanyaDegurechaff","animator:TanyaDegurechaff","animator:Jibril","animator:DolaSchwi","animator:Genos","animator:Jibril","animator:ChlammyZell","animator:Sonic","animator:Millim","animator:Sonic"]},{"cards_removed":["animator:Lelouch"],"damage_healed":0,"gold_gain":0,"player_choice":"Offered Rare","damage_taken":0,"max_hp_gain":10,"max_hp_loss":0,"event_name":"Bonfire Elementals","floor":41,"gold_loss":0},{"damage_healed":0,"gold_gain":0,"player_choice":"Embrace Madness","damage_taken":15,"max_hp_gain":0,"max_hp_loss":0,"event_name":"Winding Halls","floor":46,"gold_loss":0,"cards_obtained":["animator:HigakiRinne"]}],"is_beta":false,"boss_relics":[{"not_picked":["Velvet Choker","Pandora\u0027s Box"],"picked":"Astrolabe"},{"not_picked":["hubris:Stopwatch","Philosopher\u0027s Stone"],"picked":"Fusion Hammer"}],"items_purged_floors":[0,0,0,0,0],"is_endless":false,"potions_floor_spawned":[8,11,16,18,21,24,25,28,31,33,35,37,38,40],"killed_by":"animator:TRIPLE_SHAPES_WEAK","ascension_level":0}}