{"host":"0rg7s82m7tu5l1cb","time":1608527867,"event":{"mods":["BaseMod","Downfall","Hermit","Minty Spire (QoL Compilation)","Replay The Spire","StSLib"],"gold_per_floor":[110,121,121,133,153,153,171,201,225,72,72,97,97,97,97,197,197,209,209,228,25,25,51,51,65,112,112,138,163,163,163,163,268,318,330,330,380,380,47,63,63,77,123,123,123,139,167,167,199,210,210,210,210],"floor_reached":52,"playtime":3266,"items_purged":[],"score":676,"play_id":"c2b88085-657c-4261-9ff9-d4ffbfa787c4","local_time":"20201221021747","is_ascension_mode":false,"campfire_choices":[{"data":"hermit:CursedWeapon","floor":6,"key":"SMITH"},{"floor":11,"key":"REST"},{"floor":13,"key":"REST"},{"data":"hermit:LoneWolf","floor":15,"key":"SMITH"},{"floor":30,"key":"REST"},{"data":"hermit:FullyLoaded","floor":32,"key":"SMITH"},{"floor":41,"key":"DIG"},{"floor":48,"key":"REST"},{"floor":51,"key":"REST"}],"circlet_count":0,"master_deck":["hermit:Strike_Hermit+1","hermit:Strike_Hermit+1","hermit:Strike_Hermit+1","hermit:Strike_Hermit+1","hermit:Defend_Hermit+1","hermit:Defend_Hermit+1","hermit:Defend_Hermit+1","hermit:Snapshot+1","hermit:Covet+1","Regret","hermit:Desperado","hermit:Ricochet+1","hermit:Headshot+1","hermit:CursedWeapon+1","hermit:LoneWolf+1","hermit:Glare+1","hermit:Vantage","hermit:FromBeyond","hermit:Horror+1","hermit:Showdown+1","hermit:GoldenBullet+1","Shame","hermit:WideOpen","hermit:FullyLoaded+1","Necronomicurse","hermit:Desperado+1","hermit:Quickdraw+1","hermit:RoundhouseKick","hermit:TrackingShot","hermit:Brawl+1","Writhe","sneckomod:Bewildered","hermit:Snipe","hermit:EyeOfTheStorm+1","hermit:LoneWolf+1","hermit:HighCaliber","ReplayTheSpireMod:Splinters","hermit:Headshot+1"],"relics":["hermit:Momento","Gremlin Food","Pet Ghost","Replay:Baseball","Bronze Scales","Bag of Marbles","SacredBark","Pen Nib","Pantograph","Ancient Tea Set","Replay:Wax Seal","Necronomicon","Replay:Bottled Eggs","Juzu Bracelet","Tiny House","Replay:Multitool","ReplayTheSpireMod:CursedCoin","Bottled Flame","Question Card","MealTicket","PreservedInsect","Potion Belt","FossilizedHelix"],"acts_visited":["Exordium","TheCity","TheBeyond"],"potions_floor_usage":[12,23,23,28,33,37,46,47,52,52],"damage_taken":[{"damage":4,"enemies":"2 Louse","floor":1,"turns":2},{"damage":10,"enemies":"Small Slimes","floor":2,"turns":2},{"damage":0,"enemies":"Cultist","floor":4,"turns":2},{"damage":0,"enemies":"Large Slime","floor":5,"turns":2},{"damage":5,"enemies":"Looter","floor":7,"turns":2},{"damage":36,"enemies":"3 Sentries","floor":8,"turns":8},{"damage":11,"enemies":"Lagavulin","floor":12,"turns":4},{"damage":23,"enemies":"Slime Boss","floor":16,"turns":8},{"damage":0,"enemies":"Spheric Guardian","floor":18,"turns":3},{"damage":9,"enemies":"2 Thieves","floor":20,"turns":3},{"damage":9,"enemies":"Gremlin Leader","floor":23,"turns":3},{"damage":2,"enemies":"Centurion and Healer","floor":25,"turns":3},{"damage":20,"enemies":"Book of Stabbing","floor":28,"turns":3},{"damage":54,"enemies":"Automaton","floor":33,"turns":5},{"damage":22,"enemies":"3 Shapes","floor":35,"turns":2},{"damage":21,"enemies":"Mind Bloom Boss Battle","floor":37,"turns":3},{"damage":2,"enemies":"Orb Walker","floor":40,"turns":1},{"damage":19,"enemies":"Sphere and 2 Shapes","floor":42,"turns":3},{"damage":24,"enemies":"Transient","floor":46,"turns":5},{"damage":9,"enemies":"Nemesis","floor":47,"turns":3},{"damage":0,"enemies":"Spire Growth","floor":50,"turns":2},{"damage":95,"enemies":"Replay:Hell Engine","floor":52,"turns":5}],"seed_played":"5534827319000138064","potions_obtained":[{"floor":2,"key":"BlessingOfTheForge"},{"floor":4,"key":"Energy Potion"},{"floor":8,"key":"hermit:Tonic"},{"floor":18,"key":"Regen Potion"},{"floor":20,"key":"AttackPotion"},{"floor":28,"key":"Cursed Concoction"},{"floor":33,"key":"Cursed Concoction"},{"floor":34,"key":"Cursed Concoction"},{"floor":35,"key":"Strength Potion"},{"floor":40,"key":"GamblersBrew"},{"floor":46,"key":"ColorlessPotion"}],"is_trial":false,"path_per_floor":["M","M","?","M","M","R","M","E","T","$","R","E","R","?","R","B",null,"M","?","M","$","?","E","?","M","T","?","E","T","R","?","R","B",null,"M","?","?","?","$","M","R","M","T","PTL","PTL","M","E","R","?","M","R","B"],"character_chosen":"HERMIT","items_purchased":["Bronze Scales","Pen Nib","hermit:GoldenBullet+1","ReplayTheSpireMod:CursedCoin","Bottled Flame","Question Card"],"campfire_rested":5,"item_purchase_floors":[10,21,21,39,39,39],"current_hp_per_floor":[71,61,61,61,61,61,56,20,20,20,42,31,53,53,53,30,75,75,75,66,66,66,57,57,55,55,39,29,29,51,51,51,21,80,58,58,59,79,79,77,77,58,58,58,58,34,25,49,49,49,73,0,0],"gold":210,"neow_bonus":"RANDOM_EVENT","is_daily":false,"chose_seed":false,"campfire_upgraded":3,"win_rate":0.0,"timestamp":1608527867,"path_taken":["M","M","?","M","M","R","M","E","T","$","R","E","R","?","R","BOSS","M","?","M","?","?","E","?","M","T","?","E","?","R","?","R","BOSS","M","?","?","?","$","M","R","M","T","PTL","PTL","M","E","R","?","M","R","BOSS"],"items_purchased_type":["Relic","Relic","Card","Relic","Relic","Relic"],"build_version":"2020-12-13","purchased_purges":0,"victory":false,"max_hp_per_floor":[75,75,75,75,75,75,75,75,75,75,75,75,75,75,75,75,75,75,75,75,75,75,75,75,75,75,75,75,75,75,75,75,75,80,80,80,80,80,80,80,80,80,80,80,80,80,80,80,80,80,80,80,80],"card_choices":[{"not_picked":["hermit:LowProfile","hermit:SprayPray"],"picked":"hermit:Desperado","floor":1},{"not_picked":["hermit:BodyArmor","hermit:LowProfile"],"picked":"hermit:Ricochet","floor":2},{"not_picked":["hermit:Ricochet","hermit:Quickdraw"],"picked":"hermit:Headshot","floor":4},{"not_picked":["hermit:LoneWolf","hermit:Roulette"],"picked":"hermit:CursedWeapon","floor":5},{"not_picked":["hermit:ItchyTrigger","hermit:Misfire"],"picked":"hermit:LoneWolf","floor":7},{"not_picked":["hermit:OverwhelmingPower","hermit:Coalescence"],"picked":"hermit:Glare","floor":8},{"not_picked":["hermit:Desperado","hermit:Feint"],"picked":"hermit:Vantage","floor":12},{"not_picked":["hermit:DeadOrAlive","hermit:Reprieve"],"picked":"hermit:FromBeyond","floor":16},{"not_picked":["hermit:Roulette+1","hermit:Maintenance"],"picked":"hermit:Horror","floor":18},{"not_picked":["hermit:Roulette","hermit:ShadowCloak"],"picked":"hermit:Showdown+1","floor":20},{"not_picked":["hermit:Gestalt+1","hermit:HighNoon"],"picked":"hermit:WideOpen","floor":23},{"not_picked":["hermit:HoleUp","hermit:LowProfile"],"picked":"hermit:FullyLoaded","floor":25},{"not_picked":["hermit:Feint","hermit:ItchyTrigger"],"picked":"hermit:Desperado+1","floor":28},{"not_picked":["hermit:Dissolve","hermit:BlackWind"],"picked":"hermit:RoundhouseKick","floor":33},{"not_picked":["hermit:PistolWhip","hermit:Horror+1"],"picked":"hermit:TrackingShot","floor":34},{"not_picked":["hermit:Showdown+1","hermit:SprayPray","hermit:Midnight+1"],"picked":"SKIP","floor":35},{"not_picked":["hermit:Determination","hermit:Vantage+1"],"picked":"hermit:Brawl+1","floor":37},{"not_picked":["hermit:WideOpen","hermit:Ricochet","hermit:Vantage"],"picked":"hermit:Snipe","floor":40},{"not_picked":["hermit:Dive","hermit:Shortfuse+1","hermit:Coalescence"],"picked":"hermit:EyeOfTheStorm+1","floor":42},{"not_picked":["hermit:CalledShot","hermit:WideOpen+1","hermit:FullyLoaded+1"],"picked":"hermit:LoneWolf+1","floor":46},{"not_picked":["hermit:EternalForm","hermit:FromBeyond","hermit:Dive+1"],"picked":"hermit:HighCaliber","floor":47},{"not_picked":["hermit:Snipe","hermit:Deadeye","hermit:Ricochet"],"picked":"hermit:Headshot+1","floor":50}],"player_experience":86058,"relics_obtained":[{"floor":8,"key":"Pet Ghost"},{"floor":9,"key":"Replay:Baseball"},{"floor":12,"key":"Bag of Marbles"},{"floor":23,"key":"Ancient Tea Set"},{"floor":26,"key":"Replay:Wax Seal"},{"floor":27,"key":"Necronomicon"},{"floor":28,"key":"Replay:Bottled Eggs"},{"floor":29,"key":"Juzu Bracelet"},{"floor":37,"key":"Replay:Multitool"},{"floor":41,"key":"MealTicket"},{"floor":43,"key":"PreservedInsect"},{"floor":47,"key":"Potion Belt"},{"floor":49,"key":"FossilizedHelix"}],"event_choices":[{"damage_healed":0,"gold_gain":0,"player_choice":"Box","damage_taken":0,"relics_obtained":["Gremlin Food"],"max_hp_gain":0,"max_hp_loss":0,"event_name":"Big Fish","floor":0,"gold_loss":0,"cards_obtained":["Regret"]},{"damage_healed":0,"gold_gain":0,"player_choice":"Grow","damage_taken":0,"max_hp_gain":0,"max_hp_loss":0,"event_name":"Living Wall","floor":3,"gold_loss":0,"cards_upgraded":["hermit:Snapshot"]},{"damage_healed":0,"gold_gain":0,"player_choice":"Ignored","damage_taken":0,"max_hp_gain":0,"max_hp_loss":0,"event_name":"Fountain of Cleansing","floor":19,"gold_loss":0},{"damage_healed":0,"gold_gain":0,"player_choice":"Stole Relic","damage_taken":0,"relics_obtained":["Pantograph"],"max_hp_gain":0,"max_hp_loss":0,"event_name":"Addict","floor":22,"gold_loss":0,"cards_obtained":["Shame"]},{"damage_healed":0,"gold_gain":0,"player_choice":"Simplicity","damage_taken":0,"max_hp_gain":0,"max_hp_loss":0,"event_name":"Back to Basics","floor":24,"gold_loss":0,"cards_upgraded":["hermit:Strike_Hermit","hermit:Strike_Hermit","hermit:Strike_Hermit","hermit:Defend_Hermit","hermit:Defend_Hermit","hermit:Defend_Hermit"]},{"damage_healed":0,"gold_gain":0,"player_choice":"Obtained Book","damage_taken":16,"max_hp_gain":0,"max_hp_loss":0,"event_name":"Cursed Tome","floor":27,"gold_loss":0},{"damage_healed":0,"gold_gain":0,"player_choice":"Read","damage_taken":0,"max_hp_gain":0,"max_hp_loss":0,"event_name":"The Library","floor":31,"gold_loss":0,"cards_obtained":["hermit:Quickdraw"]},{"cards_removed":["hermit:Defend_Hermit"],"damage_healed":0,"gold_gain":0,"player_choice":"Removed Skill","damage_taken":0,"max_hp_gain":0,"max_hp_loss":0,"event_name":"Falling","floor":36,"gold_loss":0},{"damage_healed":0,"gold_gain":0,"player_choice":"Fight","damage_taken":0,"max_hp_gain":0,"max_hp_loss":0,"event_name":"MindBloom","floor":37,"gold_loss":0},{"damage_healed":20,"gold_gain":0,"player_choice":"Writhe","damage_taken":0,"max_hp_gain":0,"max_hp_loss":0,"event_name":"Winding Halls","floor":38,"gold_loss":0,"cards_obtained":["Writhe"]}],"is_beta":false,"boss_relics":[{"not_picked":["Coffee Dripper","Busted Crown"],"picked":"SacredBark"},{"not_picked":["hermit:DentedPlate","Kintsugi"],"picked":"Tiny House"}],"items_purged_floors":[],"is_endless":false,"potions_floor_spawned":[2,4,8,18,20,28,33,35,40,46],"killed_by":"Replay:Hell Engine","ascension_level":0}}