{"host":"sxnl403xm2xmiyj1","time":1608554197,"event":{"mods":["AchievementEnabler","BaseMod","Colored Map","Keyboard Shortcuts","Minty Spire (QoL Compilation)","Quick Restart","StSLib","SuperFastMode"],"gold_per_floor":[113,263,263,277,35,35,61,81,134,148,148,173,173,189,189,262,262,281,281,301,18,18,53,63,81,81,81,97,132,132,164,164,239,239,251,270,295,314,3,3,30,30,30,30,30],"floor_reached":44,"playtime":974,"items_purged":["Doubt"],"score":1129,"play_id":"553eacb5-a15c-4ee2-b620-05d210be1035","local_time":"20201221213637","is_ascension_mode":true,"campfire_choices":[{"data":"Go for the Eyes","floor":6.0,"key":"SMITH"},{"data":"Fusion","floor":15.0,"key":"SMITH"},{"data":"Beam Cell","floor":27.0,"key":"SMITH"},{"floor":30.0,"key":"REST"},{"floor":32.0,"key":"REST"},{"data":"Buffer","floor":40.0,"key":"SMITH"},{"data":"Capacitor","floor":42.0,"key":"SMITH"}],"circlet_count":0,"master_deck":["AscendersBane","Strike_B","Strike_B","Strike_B","Strike_B","Defend_B","Defend_B","Defend_B","Defend_B","Dualcast","Streamline","Go for the Eyes+1","Fusion+1","Beam Cell+1","Meteor Strike","Stack+1","All For One","Core Surge","Steam+1","Stack+1","Skim+1","Capacitor+1","Coolheaded+1","Beam Cell+1","Buffer+1","Skim+1","Hologram+1","Gash+1","Core Surge+1","Hologram+1","Steam+1","Fusion+1","Coolheaded+1","Fusion+1","Core Surge+1","Conserve Battery+1"],"relics":["Cracked Core","NeowsBlessing","Centennial Puzzle","TheAbacus","Bag of Marbles","Bronze Scales","Oddly Smooth Stone","Toxic Egg 2","Runic Dome","Molten Egg 2","Dream Catcher","Lizard Tail","Question Card","Pantograph","Sozu","TungstenRod","ClockworkSouvenir","Turnip"],"acts_visited":["Exordium","TheCity","TheBeyond"],"potions_floor_usage":[44],"damage_taken":[{"damage":0.0,"enemies":"Small Slimes","floor":1.0,"turns":1.0},{"damage":0.0,"enemies":"Jaw Worm","floor":4.0,"turns":1.0},{"damage":0.0,"enemies":"Lagavulin","floor":7.0,"turns":1.0},{"damage":0.0,"enemies":"Cultist","floor":8.0,"turns":4.0},{"damage":6.0,"enemies":"2 Fungi Beasts","floor":10.0,"turns":2.0},{"damage":11.0,"enemies":"Gremlin Nob","floor":12.0,"turns":3.0},{"damage":6.0,"enemies":"3 Louse","floor":14.0,"turns":3.0},{"damage":0.0,"enemies":"Hexaghost","floor":16.0,"turns":9.0},{"damage":7.0,"enemies":"3 Byrds","floor":18.0,"turns":3.0},{"damage":5.0,"enemies":"Spheric Guardian","floor":20.0,"turns":3.0},{"damage":11.0,"enemies":"Book of Stabbing","floor":23.0,"turns":6.0},{"damage":7.0,"enemies":"Snecko","floor":24.0,"turns":3.0},{"damage":11.0,"enemies":"Centurion and Healer","floor":25.0,"turns":7.0},{"damage":12.0,"enemies":"Cultist and Chosen","floor":28.0,"turns":5.0},{"damage":43.0,"enemies":"Slavers","floor":29.0,"turns":6.0},{"damage":8.0,"enemies":"Book of Stabbing","floor":31.0,"turns":4.0},{"damage":32.0,"enemies":"Champ","floor":33.0,"turns":10.0},{"damage":16.0,"enemies":"Orb Walker","floor":35.0,"turns":2.0},{"damage":7.0,"enemies":"3 Darklings","floor":36.0,"turns":5.0},{"damage":0.0,"enemies":"Mind Bloom Boss Battle","floor":37.0,"turns":5.0},{"damage":4.0,"enemies":"Maw","floor":38.0,"turns":7.0},{"damage":10.0,"enemies":"Nemesis","floor":41.0,"turns":5.0},{"damage":54,"enemies":"Reptomancer","floor":44,"turns":3}],"seed_played":"1525199667714535578","potions_obtained":[{"floor":1.0,"key":"AttackPotion"},{"floor":14.0,"key":"SneckoOil"},{"floor":16.0,"key":"Weak Potion"},{"floor":23.0,"key":"LiquidMemories"},{"floor":29.0,"key":"Energy Potion"},{"floor":31.0,"key":"Swift Potion"},{"floor":33.0,"key":"Fire Potion"}],"is_trial":false,"path_per_floor":["M","?","?","M","$","R","E","M","T","M","T","E","?","M","R","B",null,"M","?","M","$","?","E","M","M","T","R","M","E","R","E","R","B",null,"M","M","?","M","$","R","E","R","T","E"],"character_chosen":"DEFECT","items_purchased":["TheAbacus","Molten Egg 2","Fusion+1","Core Surge+1","ClockworkSouvenir"],"campfire_rested":2,"item_purchase_floors":[5,21,39,39,39],"current_hp_per_floor":[64,64,46,46,46,46,46,46,46,40,40,29,29,23,23,23,59,52,52,47,47,47,36,29,18,18,18,6,5,26,18,39,32,61,45,38,63,59,59,59,49,49,49,0,0],"gold":30,"neow_bonus":"THREE_ENEMY_KILL","is_daily":false,"chose_seed":false,"campfire_upgraded":5,"win_rate":0.0,"timestamp":1608554197,"path_taken":["M","?","?","M","$","R","E","M","T","M","?","E","?","M","R","BOSS","M","?","M","$","?","E","M","M","T","R","M","E","R","E","R","BOSS","M","M","?","M","$","R","E","R","T","E"],"items_purchased_type":["Relic","Relic","Card","Card","Relic"],"build_version":"2020-12-13","purchased_purges":1,"victory":false,"max_hp_per_floor":[71,71,71,71,71,71,71,71,71,71,71,71,71,71,71,71,71,71,71,71,71,71,71,71,71,71,71,71,71,71,71,71,71,71,71,71,71,71,71,71,71,71,71,71,71],"card_choices":[{"not_picked":["FTL","Rebound"],"picked":"Streamline","floor":1.0},{"not_picked":["Steam","Ball Lightning"],"picked":"Go for the Eyes","floor":4.0},{"not_picked":["Recycle","Stack"],"picked":"Fusion","floor":7.0},{"not_picked":["Turbo","White Noise"],"picked":"Beam Cell","floor":8.0},{"not_picked":["Leap","Conserve Battery"],"picked":"Meteor Strike","floor":10.0},{"not_picked":["Redo+1","Self Repair"],"picked":"Stack+1","floor":12.0},{"not_picked":["Leap+1","Static Discharge"],"picked":"All For One","floor":14.0},{"not_picked":["Multi-Cast+1","Creative AI"],"picked":"Core Surge","floor":16.0},{"not_picked":["Turbo+1","Compile Driver"],"picked":"Steam+1","floor":18.0},{"not_picked":["Conserve Battery+1","Electrodynamics"],"picked":"Stack+1","floor":20.0},{"not_picked":["Auto Shields+1","Capacitor"],"picked":"Skim+1","floor":23.0},{"not_picked":["Leap+1","Scrape+1"],"picked":"Capacitor","floor":24.0},{"not_picked":["Defragment","Turbo+1"],"picked":"Coolheaded+1","floor":25.0},{"not_picked":["Redo+1","Sweeping Beam+1"],"picked":"Beam Cell+1","floor":28.0},{"not_picked":["Recycle+1","Beam Cell+1"],"picked":"Buffer","floor":29.0},{"not_picked":["Conserve Battery+1","Static Discharge+1","Recycle+1"],"picked":"Skim+1","floor":30.0},{"not_picked":["Go for the Eyes+1","Fusion+1","Scrape+1"],"picked":"Hologram+1","floor":31.0},{"not_picked":["FTL+1","Sunder+1","Cold Snap+1"],"picked":"Gash+1","floor":32.0},{"not_picked":["Fission+1","Rainbow+1","Amplify+1"],"picked":"Core Surge+1","floor":33.0},{"not_picked":["Consume+1","Genetic Algorithm+1","Go for the Eyes+1"],"picked":"Hologram+1","floor":35.0},{"not_picked":["Recycle+1","BootSequence+1","Sweeping Beam+1"],"picked":"Steam+1","floor":36.0},{"not_picked":["Defragment","Capacitor+1","Go for the Eyes+1"],"picked":"Fusion+1","floor":37.0},{"not_picked":["Capacitor","Conserve Battery+1","Thunder Strike+1"],"picked":"Coolheaded+1","floor":38.0},{"not_picked":["Leap+1","BootSequence+1","Lockon+1"],"picked":"Conserve Battery+1","floor":41.0}],"player_experience":112763,"relics_obtained":[{"floor":7.0,"key":"Bag of Marbles"},{"floor":9.0,"key":"Bronze Scales"},{"floor":11.0,"key":"Oddly Smooth Stone"},{"floor":12.0,"key":"Toxic Egg 2"},{"floor":23.0,"key":"Dream Catcher"},{"floor":26.0,"key":"Lizard Tail"},{"floor":29.0,"key":"Question Card"},{"floor":31.0,"key":"Pantograph"},{"floor":37.0,"key":"TungstenRod"},{"floor":41.0,"key":"Turnip"}],"event_choices":[{"damage_healed":0.0,"max_hp_gain":0.0,"max_hp_loss":0.0,"gold_gain":150.0,"event_name":"Liars Game","player_choice":"AGREE","floor":2.0,"gold_loss":0.0,"damage_taken":0.0,"cards_obtained":["Doubt"]},{"damage_healed":0.0,"max_hp_gain":0.0,"max_hp_loss":0.0,"gold_gain":0.0,"event_name":"Scrap Ooze","player_choice":"Success","floor":3.0,"gold_loss":0.0,"damage_taken":18.0,"relics_obtained":["Centennial Puzzle"]},{"cards_removed":["Zap"],"damage_healed":0.0,"max_hp_gain":0.0,"max_hp_loss":0.0,"gold_gain":0.0,"event_name":"Bonfire Elementals","player_choice":"Offered Basic","floor":13.0,"gold_loss":0.0,"damage_taken":0.0},{"damage_healed":0.0,"max_hp_gain":0.0,"max_hp_loss":0.0,"gold_gain":0.0,"event_name":"Ghosts","player_choice":"Ignored","floor":19.0,"gold_loss":0.0,"damage_taken":0.0},{"damage_healed":0.0,"max_hp_gain":0.0,"max_hp_loss":0.0,"gold_gain":0.0,"event_name":"The Mausoleum","player_choice":"Ignored","floor":22.0,"gold_loss":0.0,"damage_taken":0.0},{"damage_healed":0.0,"max_hp_gain":0.0,"max_hp_loss":0.0,"gold_gain":0.0,"event_name":"MindBloom","player_choice":"Fight","floor":37.0,"gold_loss":0.0,"damage_taken":0.0}],"is_beta":false,"boss_relics":[{"not_picked":["FrozenCore","Runic Pyramid"],"picked":"Runic Dome"},{"not_picked":["Busted Crown","Astrolabe"],"picked":"Sozu"}],"items_purged_floors":[5],"is_endless":false,"potions_floor_spawned":[1,14,16,23,29,31,33,37,38],"killed_by":"Reptomancer","ascension_level":18}}