{"host":"8o45mh5p3pp1o2mi","time":1608512633,"event":{"mods":["BaseMod","Minty Spire (QoL Compilation)","Replay The Spire","Shop Mod","StSLib"],"gold_per_floor":[116,134,149,165,165,192,3,3,49,83,83,113,63,81,150,251,251,233,233,4,14,76,107,107,107,130,164,174,186,200,229,229,332,332,343,343,355,33,43,43,43,53,53,83,99,125,125,76,76,76],"floor_reached":51,"playtime":4324,"items_purged":["Pain","Replay:Hysterical Blindness"],"score":768,"play_id":"230192a1-6c46-416c-9d72-c2071b0742cb","local_time":"20201221010353","is_ascension_mode":true,"campfire_choices":[{"data":"Terror","floor":8,"key":"SMITH"}],"circlet_count":0,"master_deck":["Strike_G+1","Strike_G","Defend_G","Defend_G","Survivor","Neutralize","Infinite Blades+1","Backflip+1","Hidden Blade+1","Venomology","Eviscerate","Well Laid Plans","Terror+1","Draining Mist","PiercingWail+1","Tools of the Trade","Sucker Punch","Crippling Poison","After Image","Dagger Spray+1","ReplayTheSpireMod:Splinters","Quick Slash+1","Footwork","Footwork","ReplayTheSpireMod:Shiv Toss","Expertise+1","Glass Knife","Leg Sweep+1","Atom Bomb","ReplayTheSpireMod:Shiv Toss","Backstab","Fluid Movement","Corpse Explosion+1","Writhe","ReplayTheSpireMod:Tripwire","Sneak Up+1","Mind Blast","Mind Blast","ReplayTheSpireMod:Shiv Toss"],"relics":["Black Star","Ornamental Fan","ReplayFunnel","Membership Card","Bag of Marbles","Replay:Multitool","Pet Ghost","Oddly Smooth Stone","Bottled Tornado","Cursed Key","WarpedTongs","Gremlin Horn","Regal Pillow","Orichalcum","Shuriken","Nunchaku","Replay:Bottled Steam","Fusion Hammer","Unceasing Top","Mummified Hand","Garlic","Blue Doll","Onion Ring","ReplayTheSpireMod:Shallot","MerchantsRug"],"acts_visited":["Exordium","TheCity","TheBeyond"],"potions_floor_usage":[6,12,16,16,16,23,27,27,30,33,33,33,39,39,45,45,45,46,50,50,50,50,50,50,50,50],"damage_taken":[{"damage":0,"enemies":"Small Slimes","floor":1,"turns":4},{"damage":0,"enemies":"Jaw Worm","floor":2,"turns":5},{"damage":2,"enemies":"Cultist","floor":3,"turns":4},{"damage":1,"enemies":"2 Fungi Beasts","floor":4,"turns":5},{"damage":29,"enemies":"Gremlin Nob","floor":6,"turns":4},{"damage":15,"enemies":"3 Sentries","floor":10,"turns":9},{"damage":16,"enemies":"Gremlin Nob","floor":12,"turns":4},{"damage":4,"enemies":"Blue Slaver","floor":14,"turns":4},{"damage":16,"enemies":"The Guardian","floor":16,"turns":11},{"damage":8,"enemies":"2 Thieves","floor":18,"turns":4},{"damage":0,"enemies":"3 Byrds","floor":21,"turns":5},{"damage":35,"enemies":"Slavers","floor":23,"turns":4},{"damage":4,"enemies":"Gremlin Leader","floor":27,"turns":6},{"damage":15,"enemies":"Snake Plant","floor":28,"turns":4},{"damage":0,"enemies":"Snecko","floor":29,"turns":5},{"damage":7,"enemies":"Cultist and Chosen","floor":30,"turns":6},{"damage":2,"enemies":"Replay:Snechameleon","floor":31,"turns":6},{"damage":12,"enemies":"Automaton","floor":33,"turns":8},{"damage":1,"enemies":"Orb Walker","floor":35,"turns":3},{"damage":4,"enemies":"3 Shapes","floor":37,"turns":3},{"damage":9,"enemies":"Maw","floor":39,"turns":6},{"damage":0,"enemies":"3 Darklings","floor":42,"turns":3},{"damage":11,"enemies":"R_Hoarder","floor":44,"turns":5},{"damage":0,"enemies":"Spire Growth","floor":45,"turns":4},{"damage":7,"enemies":"Reptomancer","floor":46,"turns":3},{"damage":2,"enemies":"Replay:Hell Engine","floor":50,"turns":7}],"seed_played":"-3595617036667886733","potions_obtained":[{"floor":1,"key":"AttackPotion"},{"floor":2,"key":"Toxic Potion"},{"floor":12,"key":"Strength Potion"},{"floor":22,"key":"GhostInAJar"},{"floor":22,"key":"Death Potion"},{"floor":23,"key":"Explosive Potion"},{"floor":25,"key":"Regen Potion"},{"floor":25,"key":"EntropicBrew"},{"floor":33,"key":"LifebloodPotion"},{"floor":35,"key":"SteroidPotion"},{"floor":46,"key":"SkillPotion"}],"is_trial":false,"path_per_floor":["M","M","M","M","?","E","$","R","T","E","R","E","?","M","R","B",null,"M","?","$","M","?","E","R","?","T","E","M","M","M","E","R","B",null,"M","?","M","$","M","R","?","M","T","E","M","E","?","$","R","B",null],"character_chosen":"THE_SILENT","items_purchased":["Membership Card","Terror","Crippling Poison","Gremlin Horn","After Image","Backstab","Unceasing Top","Mummified Hand","MerchantsRug","Mind Blast"],"campfire_rested":0,"item_purchase_floors":[7,7,20,20,20,38,38,38,48,48],"current_hp_per_floor":[70,70,68,67,67,38,38,38,38,23,44,28,28,24,24,8,70,62,62,62,62,62,27,27,27,27,38,23,23,16,14,50,38,70,69,69,65,65,56,70,70,70,70,59,59,52,52,52,52,50],"gold":76,"neow_bonus":"BOSS_RELIC","is_daily":false,"chose_seed":false,"campfire_upgraded":1,"win_rate":0.0,"timestamp":1608512633,"path_taken":["M","M","M","M","?","E","$","R","T","E","R","E","?","M","R","BOSS","M","?","$","?","?","E","R","?","T","E","M","M","?","E","R","BOSS","M","?","?","$","M","R","?","?","T","E","M","E","?","$","R","BOSS"],"items_purchased_type":["Relic","Card","Card","Relic","Card","Card","Relic","Relic","Relic","Card"],"build_version":"2020-12-13","purchased_purges":2,"victory":true,"max_hp_per_floor":[70,70,70,70,70,70,70,70,70,70,70,70,70,70,70,70,70,70,70,70,70,70,70,70,70,70,70,70,70,70,70,70,70,70,70,70,70,70,70,70,70,70,70,70,70,70,70,70,70,70],"card_choices":[{"not_picked":["Heel Hook","Blade Dance"],"picked":"Infinite Blades","floor":1},{"not_picked":["All Out Attack","Deflect"],"picked":"Backflip","floor":2},{"not_picked":["ReplayTheSpireMod:Tripwire","Distraction"],"picked":"Hidden Blade","floor":3},{"not_picked":["Deflect","Bane"],"picked":"Venomology","floor":4},{"not_picked":["Tactician","Dash"],"picked":"Well Laid Plans","floor":6},{"not_picked":["Deadly Poison","Flechettes"],"picked":"Draining Mist","floor":10},{"not_picked":["Riddle With Holes","Flying Knee","Underhanded Strike"],"picked":"SKIP","floor":12},{"not_picked":["Poisoned Stab","Hidden Blade"],"picked":"PiercingWail","floor":14},{"not_picked":["Unload","Doppelganger"],"picked":"Tools of the Trade","floor":16},{"not_picked":["Hidden Blade","Dodge and Roll"],"picked":"Sucker Punch","floor":18},{"not_picked":["Terror+1","Deadly Poison"],"picked":"Dagger Spray+1","floor":21},{"not_picked":["Deflect+1","PiercingWail"],"picked":"Quick Slash+1","floor":23},{"not_picked":["Terror+1","A Thousand Cuts"],"picked":"Footwork","floor":27},{"not_picked":["Poisoned Stab","Endless Agony"],"picked":"ReplayTheSpireMod:Shiv Toss","floor":28},{"not_picked":["Flechettes","Sucker Punch","Acrobatics"],"picked":"SKIP","floor":29},{"not_picked":["Slice","Backflip+1"],"picked":"Expertise+1","floor":30},{"not_picked":["Dagger Throw+1","Sucker Punch+1","Slice+1"],"picked":"SKIP","floor":31},{"not_picked":["ReplayTheSpireMod:Necrosis","Adrenaline"],"picked":"Glass Knife","floor":33},{"not_picked":["Slice+1","Deadly Poison+1"],"picked":"Leg Sweep+1","floor":35},{"not_picked":["Acrobatics","Quick Slash","Outmaneuver"],"picked":"SKIP","floor":37},{"not_picked":["Acrobatics+1","Riddle With Holes"],"picked":"Fluid Movement","floor":39},{"not_picked":["Quick Slash+1","Well Laid Plans+1","Dodge and Roll"],"picked":"SKIP","floor":42},{"not_picked":["Reflex+1","Dodge and Roll","Outmaneuver"],"picked":"SKIP","floor":44},{"not_picked":["PiercingWail","Dagger Spray+1"],"picked":"ReplayTheSpireMod:Tripwire","floor":45},{"not_picked":["Dagger Spray+1","Atom Bomb"],"picked":"Sneak Up+1","floor":46}],"player_experience":13978,"relics_obtained":[{"floor":6,"key":"Ornamental Fan"},{"floor":6,"key":"ReplayFunnel"},{"floor":9,"key":"Bag of Marbles"},{"floor":10,"key":"Replay:Multitool"},{"floor":10,"key":"Pet Ghost"},{"floor":12,"key":"Oddly Smooth Stone"},{"floor":12,"key":"Bottled Tornado"},{"floor":22,"key":"Potion Belt"},{"floor":23,"key":"Pocketwatch"},{"floor":23,"key":"Regal Pillow"},{"floor":26,"key":"Orichalcum"},{"floor":27,"key":"Shuriken"},{"floor":27,"key":"Whetstone"},{"floor":31,"key":"Nunchaku"},{"floor":31,"key":"Replay:Bottled Steam"},{"floor":43,"key":"Garlic"},{"floor":44,"key":"War Paint"},{"floor":44,"key":"Blue Doll"},{"floor":46,"key":"Onion Ring"},{"floor":46,"key":"ReplayTheSpireMod:Shallot"}],"event_choices":[{"damage_healed":0,"gold_gain":0,"cards_transformed":["Defend_G"],"player_choice":"Change","damage_taken":0,"max_hp_gain":0,"max_hp_loss":0,"event_name":"Living Wall","floor":5,"gold_loss":0,"cards_obtained":["Eviscerate"]},{"cards_removed":["Strike_G"],"damage_healed":0,"gold_gain":0,"player_choice":"Card Removal","damage_taken":0,"max_hp_gain":0,"max_hp_loss":0,"event_name":"The Cleric","floor":13,"gold_loss":50},{"damage_healed":0,"gold_gain":0,"player_choice":"Rummage","damage_taken":0,"relics_obtained":["WarpedTongs"],"max_hp_gain":0,"max_hp_loss":0,"event_name":"Accursed Blacksmith","floor":19,"gold_loss":0,"cards_obtained":["Pain"]},{"damage_healed":0,"gold_gain":0,"player_choice":"Got Potions","damage_taken":0,"max_hp_gain":0,"max_hp_loss":0,"event_name":"Lab","floor":25,"gold_loss":0},{"damage_healed":0,"gold_gain":0,"player_choice":"2 cards matched","damage_taken":0,"max_hp_gain":0,"max_hp_loss":0,"event_name":"Match and Keep!","floor":36,"gold_loss":0,"cards_obtained":["Atom Bomb","ReplayTheSpireMod:Shiv Toss"]},{"damage_healed":0,"gold_gain":0,"cards_transformed":["Defend_G"],"player_choice":"Transformed","damage_taken":0,"max_hp_gain":0,"max_hp_loss":0,"event_name":"Transmorgrifier","floor":41,"gold_loss":0,"cards_obtained":["Corpse Explosion"]},{"cards_removed":["Strike_G"],"damage_healed":0,"gold_gain":0,"player_choice":"Removed Attack","damage_taken":0,"max_hp_gain":0,"max_hp_loss":0,"event_name":"Falling","floor":47,"gold_loss":0}],"is_beta":false,"boss_relics":[{"not_picked":["Coffee Dripper","Ectoplasm"],"picked":"Cursed Key"},{"not_picked":["Tiny House","ChewingGum"],"picked":"Fusion Hammer"}],"items_purged_floors":[20,48],"is_endless":false,"potions_floor_spawned":[1,2,12,14,23,30,31,33,35,42,46],"ascension_level":1}}