{"host":"s8k08j4eybfen9r6","time":1608562219,"event":{"mods":["Aspiration","BaseMod","Better Altar","Better Match","Better Note","Better Sensory Stone","Better Skull","Better Third Choice","BetterRewards","Downfall","Hubris","Lobotomy","Minty Spire (QoL Compilation)","MostiFishMod","Rare Cards Sparkle","Reworked Bosses","Shop Mod","Spicy Shops","StSLib","The Alterego","The Animator"],"gold_per_floor":[114,26,26,26,51,51,51,51],"floor_reached":7,"playtime":376,"items_purged":[],"score":41,"play_id":"16598a05-6fa1-4de0-b270-dda44dca9048","local_time":"20201222005019","is_ascension_mode":true,"campfire_choices":[{"data":"animator:Patchouli","floor":6,"key":"SMITH"}],"circlet_count":0,"master_deck":["animator:Strike_Konosuba","animator:Defend_Konosuba","animator:Kazuma","animator:Aqua+1","animator:Jibril","animator:Patchouli+1","hubris:Greed","animator:Add","animator:Strike_Elsword","animator:Strike_OnePunchMan","animator:Strike_Katanagatari","animator:Defend_MadokaMagica","animator:Defend_GATE","animator:Defend_OwariNoSeraph+1","animator:Ain","animator:Raven"],"relics":["animator:LivingPicture","animator:TheMissingPiece","DaveBox","animator:PurgingStone","NightmareShop","hubris:64BitClover","hubris:CuriousFeather","Question Card","War Paint"],"acts_visited":["Exordium"],"potions_floor_usage":[],"damage_taken":[{"damage":5,"enemies":"Jaw Worm","floor":1,"turns":4},{"damage":0,"enemies":"Cultist","floor":3,"turns":1},{"damage":0,"enemies":"2 Louse","floor":5,"turns":2},{"damage":39,"enemies":"Lagavulin","floor":7,"turns":3}],"seed_played":"5730020039919552522","potions_obtained":[{"floor":5,"key":"SkillPotion"}],"is_trial":false,"path_per_floor":["M","?","M","T","M","R","E"],"character_chosen":"THE_ANIMATOR","items_purchased":["hubris:64BitClover","animator:Jibril","animator:Patchouli"],"campfire_rested":0,"item_purchase_floors":[0,0,0],"current_hp_per_floor":[35,35,35,35,35,35,0,0],"gold":51,"neow_bonus":"","is_daily":false,"chose_seed":false,"campfire_upgraded":1,"win_rate":0.0,"timestamp":1608562219,"path_taken":["M","?","M","?","?","R","E"],"items_purchased_type":["Relic","Card","Card"],"build_version":"2020-12-13","purchased_purges":0,"victory":false,"max_hp_per_floor":[66,66,66,66,66,66,66,66],"card_choices":[{"not_picked":["animator:ChlammyZell","animator:Mitsuba"],"picked":"animator:Add","floor":1},{"not_picked":["animator:DwarfShaman","animator:RoryMercury","animator:Vanir"],"picked":"animator:Ain","floor":3},{"not_picked":["animator:Assassin","animator:Konayuki","animator:LizardPriest"],"picked":"animator:Raven","floor":5}],"player_experience":360065,"relics_obtained":[{"floor":1,"key":"Question Card"},{"floor":4,"key":"War Paint"}],"event_choices":[],"is_beta":false,"boss_relics":[],"items_purged_floors":[],"is_endless":false,"potions_floor_spawned":[5],"killed_by":"Lagavulin","ascension_level":1}}