{"host":"6h0diz2ap0m56grs","time":1608587334,"event":{"mods":["2.2 Compatiblity","BaseMod","Colored Map","Marisa????????","Minty Spire (QoL Compilation)","Quick Restart","Replay The Spire","Shop Mod","StSLib","The Servant 0.9.4"],"gold_per_floor":[109,119,119,119,134,162,195,227,250,291,336,364,410,118,118,215,215,232,282,208,218,218,247,280,280,280,280,280,306,333,358,358,453,453,467,521,521,521],"floor_reached":37,"playtime":1452,"items_purged":["SilverBlades"],"score":902,"play_id":"d21a6a09-9f88-438b-9064-4e409f92f0a2","local_time":"20201221154854","daily_mods":["SealedDeck","Heirloom","Time Dilation","Flight"],"is_ascension_mode":true,"campfire_choices":[{"data":"Moondial","floor":15,"key":"SMITH"},{"data":"SilverBlades","floor":25,"key":"SMITH"},{"data":"SilverBlades","floor":27,"key":"SMITH"},{"data":"SurpressingFire","floor":28,"key":"SMITH"},{"data":"MurderousAura","floor":32,"key":"SMITH"}],"circlet_count":0,"master_deck":["Gouge","FastForward","Moondial+1","Sabotage","SilverBlades+1","Ricochet","Ricochet","GearUp","Misdirection","InstantArmor","DancingSilver","Misdirection","Dilation","Desolation","GearUp+1","Desolation","Luminosity","SurpressingFire+1","SilverBlades+1","SilverBlades+1","Moonlight","SoulSculpture","Ricochet+1","Orbit+1"],"relics":["Uniform","replay:Trail_Library","CaptainsWheel","Centennial Puzzle","Bag of Preparation","Garlic","Vajra","Replay:Mystery Machine","Lantern","MerchantsRug","Sozu","Replay:Wax Seal","Girya","Tiny Chest","Kunai","Replay:Bottled Steam","Juzu Bracelet","Runic Dome","CatCart"],"acts_visited":["Exordium","TheCity","TheBeyond"],"potions_floor_usage":[],"damage_taken":[{"damage":0,"enemies":"Small Slimes","floor":1,"turns":2},{"damage":2,"enemies":"Jaw Worm","floor":2,"turns":2},{"damage":0,"enemies":"Cultist","floor":5,"turns":3},{"damage":1,"enemies":"Lagavulin","floor":6,"turns":6},{"damage":0,"enemies":"Gremlin Nob","floor":7,"turns":3},{"damage":0,"enemies":"Lagavulin","floor":8,"turns":7},{"damage":0,"enemies":"Gremlin Nob","floor":10,"turns":3},{"damage":0,"enemies":"Lagavulin","floor":11,"turns":4},{"damage":0,"enemies":"Large Slime","floor":12,"turns":3},{"damage":0,"enemies":"3 Sentries","floor":13,"turns":5},{"damage":0,"enemies":"Hexaghost","floor":16,"turns":6},{"damage":0,"enemies":"3 Byrds","floor":18,"turns":2},{"damage":0,"enemies":"Chosen","floor":21,"turns":2},{"damage":0,"enemies":"Book of Stabbing","floor":23,"turns":4},{"damage":0,"enemies":"Gremlin Leader","floor":24,"turns":5},{"damage":0,"enemies":"Book of Stabbing","floor":29,"turns":3},{"damage":0,"enemies":"Slavers","floor":30,"turns":3},{"damage":0,"enemies":"Gremlin Leader","floor":31,"turns":4},{"damage":0,"enemies":"Champ","floor":33,"turns":8},{"damage":0,"enemies":"3 Darklings","floor":35,"turns":2},{"damage":30,"enemies":"Orin","floor":36,"turns":7}],"seed_played":"-2827275214589941311","potions_obtained":[{"floor":2,"key":"SpeedPotion"},{"floor":5,"key":"Dexterity Potion"},{"floor":7,"key":"FearPotion"},{"floor":8,"key":"Strength Potion"},{"floor":12,"key":"Fire Potion"}],"is_trial":true,"path_per_floor":["M","M","?","?","M","E","E","E","T","E","E","M","E","$","R","B",null,"M","?","$","M","?","E","E","R","T","R","R","E","E","E","R","B",null,"M","?","?"],"character_chosen":"THE_SERVANT","items_purchased":["MerchantsRug","Replay:Baseball","Desolation","Luminosity"],"campfire_rested":0,"item_purchase_floors":[14,14,20,20],"current_hp_per_floor":[65,63,38,38,38,37,44,44,44,44,44,44,44,44,44,44,72,72,72,72,72,72,72,72,72,72,72,72,72,72,72,72,72,72,72,42,42,42],"gold":521,"neow_bonus":"","is_daily":false,"chose_seed":false,"campfire_upgraded":5,"win_rate":0.0,"timestamp":1608587334,"path_taken":["M","M","?","?","?","E","E","E","T","E","E","M","E","$","R","BOSS","M","?","$","?","?","E","E","R","T","R","R","E","E","E","R","BOSS","M","?","?"],"items_purchased_type":["Relic","Relic","Card","Card"],"build_version":"2020-12-13","purchased_purges":1,"victory":false,"max_hp_per_floor":[65,65,65,65,65,65,72,72,72,72,72,72,72,72,72,72,72,72,72,72,72,72,72,72,72,72,72,72,72,72,72,72,72,72,72,72,72,72],"card_choices":[{"not_picked":["Alleviate","Potential","DoubleEdge"],"picked":"SKIP","floor":1},{"not_picked":["Luminosity","FastForward"],"picked":"DancingSilver","floor":2},{"not_picked":["BottledTime","ShatteredReality"],"picked":"Misdirection","floor":5},{"not_picked":["Revamp","StarChef","FanOfKnives"],"picked":"SKIP","floor":6},{"not_picked":["ShatteredReality","Snipe","Revamp"],"picked":"SKIP","floor":7},{"not_picked":["Ricochet","Alleviate"],"picked":"Dilation","floor":8},{"not_picked":["Collapse","FastForward"],"picked":"Desolation","floor":10},{"not_picked":["Barrier","Defy","Manipulate"],"picked":"SKIP","floor":11},{"not_picked":["Potential","ShatteredReality","Ricochet"],"picked":"SKIP","floor":12},{"not_picked":["Foresight","BottledTime","TimeWarp"],"picked":"SKIP","floor":13},{"not_picked":["Deny","Initiator"],"picked":"MurderousAura","floor":16},{"not_picked":["TimeWarp+1","BottledTime"],"picked":"GearUp+1","floor":18},{"not_picked":["Replace","Snipe"],"picked":"SurpressingFire","floor":21},{"not_picked":["Unruled+1","MoonPhase","Rewind"],"picked":"SKIP","floor":23},{"not_picked":["TimeWarp","Rewind"],"picked":"SilverBlades","floor":24},{"not_picked":["ShatteredReality","DualDimension","Rewind"],"picked":"SKIP","floor":29},{"not_picked":["Sabotage","Barrier","SilverMatrix"],"picked":"SKIP","floor":30},{"not_picked":["FastForward","Defy","Replace"],"picked":"SKIP","floor":31},{"not_picked":["TrueSight","Initiator"],"picked":"SoulSculpture","floor":33},{"not_picked":["Alleviate","Revamp+1"],"picked":"Ricochet+1","floor":35},{"not_picked":["Desolation","Deadline+1"],"picked":"Orbit+1","floor":36}],"player_experience":128364,"relics_obtained":[{"floor":6,"key":"Bag of Preparation"},{"floor":7,"key":"Strawberry"},{"floor":8,"key":"Garlic"},{"floor":9,"key":"MawBank"},{"floor":10,"key":"Vajra"},{"floor":11,"key":"Replay:Mystery Machine"},{"floor":13,"key":"Lantern"},{"floor":23,"key":"Replay:Wax Seal"},{"floor":24,"key":"Girya"},{"floor":26,"key":"Tiny Chest"},{"floor":29,"key":"Kunai"},{"floor":30,"key":"Replay:Bottled Steam"},{"floor":31,"key":"Juzu Bracelet"},{"floor":36,"key":"CatCart"}],"event_choices":[{"damage_healed":0,"gold_gain":0,"player_choice":"Success","damage_taken":25,"relics_obtained":["Centennial Puzzle"],"max_hp_gain":0,"max_hp_loss":0,"event_name":"Scrap Ooze","floor":3,"gold_loss":0},{"damage_healed":0,"gold_gain":0,"player_choice":"Forge","damage_taken":0,"max_hp_gain":0,"max_hp_loss":0,"event_name":"Accursed Blacksmith","floor":4,"gold_loss":0,"cards_upgraded":["SilverBlades"]},{"damage_healed":0,"gold_gain":100,"player_choice":"Bet on Murderer","damage_taken":0,"max_hp_gain":0,"max_hp_loss":0,"event_name":"The Joust","floor":19,"gold_loss":50},{"damage_healed":0,"gold_gain":0,"player_choice":"Fight","damage_taken":0,"max_hp_gain":0,"max_hp_loss":0,"event_name":"OrinTheCat","floor":36,"gold_loss":0},{"cards_removed":["MurderousAura"],"damage_healed":0,"gold_gain":0,"player_choice":"Purged","damage_taken":0,"max_hp_gain":0,"max_hp_loss":0,"event_name":"Purifier","floor":37,"gold_loss":0}],"is_beta":false,"boss_relics":[{"not_picked":["SlaversCollar","Replay:Bronze Core"],"picked":"Sozu"},{"not_picked":["Painkiller Herb","Snecko Eye"],"picked":"Runic Dome"}],"items_purged_floors":[14],"is_endless":false,"potions_floor_spawned":[2,5,7,8,12,13,16,23,29,30,33,35],"ascension_level":1}}