{"host":"4lxzgdqpvzyot39g","time":1608576700,"event":{"mods":["Abigail Mod","Act Like it!","Aspiration","BaseMod","Beaked The Cultist","Better Altar","Better Match","Better Note","Better Sensory Stone","Better Skull","Better Third Choice","CCEM","Colored Map","Colored Powertips","Conspire","Displayed Cursed Tome","Dota2Spire","Energized Spire","Friendly Minions","Gensokyo","GifTheSpireLib","Halation","Hallownest","Hermit","Highlight Path","HololiveMod","Hubris","Infinite Spire","Jedi Mod","JesterMod","Mari Mod (Legacy)","Mari\u0027s V1 Patch","MarisaÅiñ∂âJÅ@ñÇóùçπÅj","Minty Spire (QoL Compilation)","Prisma Mod","Quarter Circle Forward PUNCH!","Relic Filter","Replay The Spire","Robot Space Explorer","SCP261 Mod","Small Relic Pack","Spicy Shops","Spikes Relics","StSLib","Stuff the Spire","The Alterego","The Blue Laboratory","The Bug Knight","The Cursed","The Fake Hero","The Servant 0.9.4","The Wild Card","Trackpad","Waifu the Spire","WarShipGirlsR/??è≠èóR mod","vexMod","Åy?ï®?îvÅzREMEMod"],"gold_per_floor":[84,84,9,20,20,50,63,92,92,107,107,147,166,210,210,304,304,322,197,8,26,47,67,98,98,398,106,175,175,200,240,343,464,464,478,478,478,64,64,134,134,147,174,242,263,278,339,339,339,460,460,460,150,183,213],"floor_reached":56,"playtime":4061,"items_purged":["Hololive_CallNatsuiroMatsuri","Hololive_Strike","Hololive_Strike+1","Hololive_Strike+1","Hololive_Defend+1","Hololive_Trident"],"score":2878,"play_id":"984d58de-8437-4763-9af3-99e16bfac8fe","local_time":"20201221135140","is_ascension_mode":true,"campfire_choices":[{"data":"Hololive_Breathe","floor":15.0,"key":"SMITH"},{"data":"REME_FirmDetermination","floor":25.0,"key":"SMITH"},{"floor":29.0,"key":"RECALL"},{"data":"Hololive_Yoholoon","floor":41,"key":"SMITH"},{"data":"Hololive_LuckPotion","floor":49,"key":"SMITH"},{"data":"Hololive_BeCareful","floor":52,"key":"SMITH"}],"circlet_count":0,"master_deck":["AscendersBane","Hololive_Defend+1","Hololive_Defend+1","Hololive_Defend+1","Hololive_LuckPotion+1","REME_FirmDetermination+1","Hololive_FlyingPonyTail+1","Hololive_LuckPotion+1","Hololive_Thief","Hololive_FlyingPonyTail+1","Hololive_FlyingPonyTail+1","Hololive_Breathe+1","Hololive_Breathe+1","Hololive_FlyingPonyTail+1","Hololive_Yoholoon+1","Hololive_Yoholoon+1","Hololive_StarCraft+1","Hololive_FlyingPonyTail+1","Hololive_FlyingPonyTail+1","Hololive_StarCraft+1","Hololive_Yoholoon+1","Hololive_FlyingPonyTail+1","Hololive_FlyingPonyTail+1","Hololive_Breathe+1","Hololive_FlyingPonyTail","Hololive_BeCareful+1"],"relics":["Hololive_TheStar","Hololive_Peko","REME_ComplimentaryCards","relicPack:OneForAll","infinitespire:Satchel","CCEMRelics:Barrel","Golden Idol","trackpad:IceCube","Boot","MariMod:MariFestivalBadge","Dota2Spire:HandOfMidas","Old Coin","aspiration:Nostalgia","Burning Blood","Bottled Tornado","SpikesRelics:DaevaFist","jedi:angrymask","LugNut","halation:PinkSoulGem","Dota2Spire:DrumOfEndurance","MealTicket","Bronze Scales","REME_HandOfSuture","Sundial","qcfpunch:Red_Gi"],"acts_visited":["Exordium","Gensokyo:Gensokyoer","Hallownest:KingdomsEdge","TheEnding"],"potions_floor_usage":[35,50,55],"damage_taken":[{"damage":0.0,"enemies":"2 Louse","floor":1.0,"turns":4.0},{"damage":0.0,"enemies":"Small Slimes","floor":4.0,"turns":3.0},{"damage":6.0,"enemies":"Lagavulin","floor":6.0,"turns":4.0},{"damage":0.0,"enemies":"Cultist","floor":7.0,"turns":3.0},{"damage":6.0,"enemies":"3 Sentries","floor":8.0,"turns":5.0},{"damage":0.0,"enemies":"Gremlin Gang","floor":10.0,"turns":4.0},{"damage":0.0,"enemies":"Lagavulin","floor":12.0,"turns":4.0},{"damage":0.0,"enemies":"Blue Slaver","floor":13.0,"turns":2.0},{"damage":0.0,"enemies":"3 Sentries","floor":14.0,"turns":6.0},{"damage":0.0,"enemies":"The Guardian","floor":16.0,"turns":6.0},{"damage":0.0,"enemies":"Gensokyo:CosmicMonolith","floor":18.0,"turns":3.0},{"damage":0.0,"enemies":"Gensokyo:3_Dogs","floor":21.0,"turns":4.0},{"damage":0.0,"enemies":"Gensokyo:Slime_Group","floor":22.0,"turns":3.0},{"damage":0.0,"enemies":"Gensokyo:Monolith_and_Dog","floor":23.0,"turns":3.0},{"damage":0.0,"enemies":"Gensokyo:Tenshi","floor":24.0,"turns":3.0},{"damage":0.0,"enemies":"Gensokyo:Reisen","floor":28.0,"turns":4.0},{"damage":0.0,"enemies":"Gensokyo:Koishi","floor":31.0,"turns":3.0},{"damage":0.0,"enemies":"Gensokyo:Eiki","floor":33.0,"turns":6.0},{"damage":0,"enemies":"Hallownest:Shield_Heavy","floor":35,"turns":3},{"damage":0,"enemies":"Hallownest:StalkingDevout","floor":40,"turns":4},{"damage":0,"enemies":"Hallownest:3_Siblings","floor":42,"turns":4},{"damage":0,"enemies":"Hallownest:eliteCollector","floor":44,"turns":3},{"damage":0,"enemies":"Hallownest:2_Soldiers_and_1_Guardian","floor":45,"turns":3},{"damage":0,"enemies":"Hallownest:2_Great","floor":46,"turns":2},{"damage":0,"enemies":"Hallownest:StalkingDevout","floor":47,"turns":3},{"damage":0,"enemies":"Hallownest:BossHollowKnight","floor":50,"turns":5},{"damage":0,"enemies":"Shield and Spear","floor":54,"turns":3},{"damage":0,"enemies":"The Heart","floor":55,"turns":4}],"seed_played":"-8138785118545821264","potions_obtained":[{"floor":1.0,"key":"blueLaboratory:BottledHope"},{"floor":4.0,"key":"jedi:mysterypotion"},{"floor":10.0,"key":"blueLaboratory:BubblePotion"},{"floor":28.0,"key":"blueLaboratory:FrostheartPotion"},{"floor":31.0,"key":"Energy Potion"},{"floor":40,"key":"SpeedPotion"},{"floor":50,"key":"Dexterity Potion"}],"is_trial":false,"path_per_floor":["M","?","$","M","?","E","M","E","T","M","?","E","M","E","R","B",null,"M","?","$","M","M","M","E","R","T","$","E","R","T","E","R_BF","B",null,"M","?","?","$","?","E","R","M","T","E","M","M","E","AVR","R","B",null,"R","$","E","B",null],"character_chosen":"Hololive_HololiveCharacter","items_purchased":["Hololive_Yoholoon","aspiration:Nostalgia","Hololive_Yoholoon","LugNut","Sundial"],"campfire_rested":0,"item_purchase_floors":[20,27,38,38,53],"current_hp_per_floor":[27,27,27,27,27,21,21,15,15,15,15,15,15,15,15,15,24,24,24,24,27,27,27,27,27,27,27,27,27,27,27,27,27,27,27,27,27,27,27,27,27,27,27,27,27,27,27,27,27,27,27,27,27,27,27],"gold":213,"neow_bonus":"TRANSFORM_CARD","is_daily":false,"chose_seed":false,"campfire_upgraded":5,"win_rate":0.0,"timestamp":1608576700,"path_taken":["M","?","$","M","?","E","?","E","T","?","?","E","M","E","R","BOSS","M","?","$","M","?","M","E","R","T","?","E","R","?","E","R_BF","BOSS","M","?","?","?","?","E","R","M","T","E","M","?","E","AVR","R","BOSS","R","$","E","BOSS"],"items_purchased_type":["Card","Relic","Card","Relic","Relic"],"build_version":"2020-12-13","purchased_purges":6,"victory":true,"max_hp_per_floor":[30,30,30,30,30,30,30,30,30,30,27,27,27,27,27,27,27,27,27,27,27,27,27,27,27,27,27,27,27,27,27,27,27,27,27,27,27,27,27,27,27,27,27,27,27,27,27,27,27,27,27,27,27,27,27],"card_choices":[{"not_picked":["Hololive_Sequa","Hololive_StrengthChampion","Hololive_HuntDinosaur"],"picked":"Hololive_FlyingPonyTail","floor":1.0},{"not_picked":["Hololive_HuntDinosaur","Hololive_Sequa","Hololive_Psychosis"],"picked":"Hololive_LuckPotion","floor":4.0},{"not_picked":["Hololive_Breathe","Hololive_OvertimeWork","Hololive_StrengthChampion"],"picked":"Hololive_Thief","floor":6.0},{"not_picked":["Hololive_CocoNews","Hololive_OvertimeWork","Hololive_RevenueBasedLive"],"picked":"Hololive_FlyingPonyTail","floor":7.0},{"not_picked":["Hololive_Recruit","Hololive_CocoNews","Hololive_CallUruhaRushia","Hololive_CallInugamiKorone"],"picked":"SKIP","floor":8.0},{"not_picked":["Hololive_CallMomosuzuNene","Hololive_Trident","Hololive_OvertimeWork","Hololive_CallUsadaPekora"],"picked":"SKIP","floor":10.0},{"not_picked":["Hololive_Drill","Hololive_CallSakuraMiko","Hololive_Trident"],"picked":"Hololive_FlyingPonyTail","floor":12.0},{"not_picked":["Hololive_CallYogiri","Hololive_HuntDinosaur","Hololive_SoulCatcher","Hololive_Trident"],"picked":"SKIP","floor":13.0},{"not_picked":["Hololive_RevenueBasedLive","Hololive_Spy","Hololive_DevilCharm"],"picked":"Hololive_Breathe","floor":14.0},{"not_picked":["Hololive_Psychosis","Hololive_RevenueBasedLive","Hololive_LuckPotion"],"picked":"Hololive_Breathe","floor":18.0},{"not_picked":["Hololive_HuntDinosaur+1","Hololive_Drill+1","Hololive_OvertimeWork+1"],"picked":"Hololive_FlyingPonyTail+1","floor":19.0},{"not_picked":["Hololive_CocoNews","Hololive_CallNakiriAyame","Hololive_CallFriendA"],"picked":"Hololive_Yoholoon","floor":21.0},{"not_picked":["Hololive_HuntDinosaur","Hololive_CallOmaruPolka","Hololive_CallAkiRosenthal","Hololive_CallAkaiHaato"],"picked":"SKIP","floor":22.0},{"not_picked":["Hololive_CallShiroganeNoel","Hololive_Rebound","Hololive_Sequa+1"],"picked":"Hololive_StarCraft","floor":23.0},{"not_picked":["Hololive_Rebound","Hololive_RevenueBasedLive+1","Hololive_CallNakiriAyame","Hololive_CallUruhaRushia"],"picked":"SKIP","floor":24.0},{"not_picked":["Hololive_CocoNews+1","Hololive_HuntDinosaur","Hololive_CallTokoyamiTowa"],"picked":"Hololive_FlyingPonyTail","floor":28.0},{"not_picked":["Hololive_IdolExercise","Hololive_Sequa","Hololive_CallCivia"],"picked":"Hololive_FlyingPonyTail+1","floor":31.0},{"not_picked":["Hololive_AWSL","Hololive_DiamondStrike","Hololive_DurableLive"],"picked":"Hololive_StarCraft","floor":33.0},{"not_picked":["Hololive_RevenueBasedLive","Hololive_Rebound","Hololive_CallMurasakiShion","Hololive_Trident"],"picked":"SKIP","floor":35},{"not_picked":["Hololive_OvertimeWork","Hololive_CallOkamiMio","Hololive_ILoveYou+1","Hololive_CallHimemoriLuna"],"picked":"SKIP","floor":40},{"not_picked":["Hololive_CallMurasakiShion","Hololive_Sequa","Hololive_BeCareful"],"picked":"Hololive_FlyingPonyTail","floor":42},{"not_picked":["Hololive_CallOzoraSubaru+1","Hololive_CallAiraniIofifteen","Hololive_Psychosis","Hololive_CallHoushouMarine+1"],"picked":"SKIP","floor":44},{"not_picked":["Hololive_CallSpadeEcho","Hololive_ILoveYou+1","Hololive_CallAZKi+1"],"picked":"Hololive_FlyingPonyTail","floor":45},{"not_picked":["Hololive_StrengthChampion","Hololive_HuntDinosaur","Hololive_LuckPotion+1"],"picked":"Hololive_Breathe","floor":46},{"not_picked":["Hololive_CallAZKi+1","Hololive_CallKiryuuCoco","Hololive_Psychosis+1"],"picked":"Hololive_FlyingPonyTail","floor":47},{"not_picked":["Hololive_MaximGun","Hololive_FlareMind","Hololive_HighAtkLowDef"],"picked":"Hololive_BeCareful","floor":50},{"not_picked":["Hololive_Sequa","Hololive_ScarfAndHalo","Hololive_StrengthChampion+1","Hololive_Psychosis+1"],"picked":"SKIP","floor":54}],"player_experience":1002082,"relics_obtained":[{"floor":6.0,"key":"infinitespire:Satchel"},{"floor":8.0,"key":"CCEMRelics:Barrel"},{"floor":12.0,"key":"trackpad:IceCube"},{"floor":14.0,"key":"Boot"},{"floor":24.0,"key":"Dota2Spire:HandOfMidas"},{"floor":26.0,"key":"Old Coin"},{"floor":28.0,"key":"Bottled Tornado"},{"floor":30.0,"key":"SpikesRelics:DaevaFist"},{"floor":31.0,"key":"jedi:angrymask"},{"floor":40,"key":"Dota2Spire:DrumOfEndurance"},{"floor":43,"key":"MealTicket"},{"floor":44,"key":"Bronze Scales"},{"floor":47,"key":"REME_HandOfSuture"},{"floor":54,"key":"qcfpunch:Red_Gi"}],"event_choices":[{"damage_healed":0.0,"max_hp_gain":0.0,"max_hp_loss":0.0,"gold_gain":0.0,"event_name":"Upgrade Shrine","player_choice":"Upgraded","floor":5.0,"gold_loss":0.0,"damage_taken":0.0,"cards_upgraded":["Hololive_LuckPotion"]},{"damage_healed":0.0,"max_hp_gain":0.0,"max_hp_loss":3.0,"gold_gain":0.0,"event_name":"Golden Idol","player_choice":"Lose Max HP","floor":11.0,"gold_loss":0.0,"damage_taken":0.0,"relics_obtained":["Golden Idol"]},{"damage_healed":0.0,"max_hp_gain":0.0,"max_hp_loss":0.0,"gold_gain":0.0,"event_name":"betterMatch:BetterMatch","player_choice":"2","floor":19.0,"gold_loss":0.0,"damage_taken":0.0,"cards_obtained":["betterMatch:CommonCard"]}],"is_beta":false,"boss_relics":[{"not_picked":["Hololive_ChaosS","energizedSpire:CursedPentagram"],"picked":"MariMod:MariFestivalBadge"},{"not_picked":["halation:Prosthetics","Replay:Bronze Core","trackpad:Coffee"]}],"items_purged_floors":[3,20,27,38,48,53],"is_endless":false,"potions_floor_spawned":[1,4,10,14,21,28,31,40,45,50],"ascension_level":16}}