{"host":"xx5zt3jtdyh8iun7","time":1608566916,"event":{"mods":["AchievementEnabler","Act Like it!","BaseMod","Bestiary","Downfall","Minty Spire (QoL Compilation)","Replay The Spire","StSLib"],"gold_per_floor":[0,12,12,30,49,49,76,103,28,56,56,76,98,113,124,124,124,124],"floor_reached":16,"playtime":1722,"items_purged":[],"score":118,"play_id":"e16b73a1-6577-4c6a-92a1-3c32fa66c658","local_time":"20201221170836","is_ascension_mode":true,"campfire_choices":[{"data":"hexamod:EmpoweringStance","floor":1,"key":"SMITH"},{"data":"hexamod:SkipABeat","floor":9,"key":"SMITH"}],"circlet_count":0,"master_deck":["hexamod:Strike","hexamod:Strike","hexamod:Strike","hexamod:Defend","hexamod:Defend","hexamod:Defend","hexamod:Sear","hexamod:Float","hexamod:EmpoweringStance+1","hexamod:EmpoweredFlame","hexamod:SpectersWail","hexamod:GhostflameBarrier","hexamod:SkipABeat+1","hexamod:Again","expansioncontent:Flail","Go for the Eyes","Mirror Shield"],"relics":["hexamod:SpiritBrand","Gremlin Horn","downfall:HeartBlessingGreen","Unceasing Top","PrismaticShard","Odd Mushroom"],"acts_visited":["Exordium"],"potions_floor_usage":[15,16,16,16],"damage_taken":[{"damage":0,"enemies":"Small Slimes","floor":2,"turns":5},{"damage":0,"enemies":"2 Louse","floor":4,"turns":4},{"damage":0,"enemies":"Jaw Worm","floor":5,"turns":4},{"damage":20,"enemies":"3 Sentries","floor":8,"turns":9},{"damage":12,"enemies":"Lagavulin","floor":10,"turns":6},{"damage":0,"enemies":"2 Fungi Beasts","floor":12,"turns":3},{"damage":8,"enemies":"The Mushroom Lair","floor":13,"turns":3},{"damage":0,"enemies":"Blue Slaver","floor":14,"turns":4},{"damage":6,"enemies":"Exordium Thugs","floor":15,"turns":3},{"damage":27,"enemies":"downfall:Defect","floor":16,"turns":6}],"seed_played":"-4109422315428448689","potions_obtained":[{"floor":2,"key":"Doom Potion"},{"floor":8,"key":"hexamod:DoubleChargePotion"},{"floor":10,"key":"ColorlessPotion"},{"floor":13,"key":"Adrenaline Potion"},{"floor":15,"key":"BlessingOfTheForge"}],"is_trial":false,"path_per_floor":["R","M","?","M","M","?","T","E","R","E","?","M","?","M","M","B"],"character_chosen":"THE_SPIRIT","items_purchased":[],"campfire_rested":0,"item_purchase_floors":[],"current_hp_per_floor":[70,70,70,70,70,70,70,50,50,38,38,38,30,30,24,0,0,0],"gold":124,"neow_bonus":"THREE_RARE_CARDS","is_daily":false,"chose_seed":false,"campfire_upgraded":2,"win_rate":0.0,"timestamp":1608566916,"path_taken":["R","M","?","M","M","?","T","E","R","E","?","M","?","?","M","BOSS"],"items_purchased_type":[],"build_version":"2020-12-13","purchased_purges":0,"victory":false,"max_hp_per_floor":[70,70,70,70,70,70,70,70,70,70,70,70,70,70,70,70,70,70],"card_choices":[{"not_picked":["hexamod:CrushingStance","hexamod:TimeOfNeed"],"picked":"hexamod:EmpoweringStance","floor":0},{"not_picked":["hexamod:ExtraCrispy","hexamod:GhostShield"],"picked":"hexamod:EmpoweredFlame","floor":2},{"not_picked":["hexamod:RetreatToShadows","hexamod:SwordOfDarkness"],"picked":"hexamod:SpectersWail","floor":4},{"not_picked":["hexamod:SecondSeal","hexamod:SpectralAdrenaline"],"picked":"hexamod:GhostflameBarrier","floor":5},{"not_picked":["hexamod:InspiringFlames","hexamod:ShieldOfDarkness"],"picked":"hexamod:SkipABeat","floor":8},{"not_picked":["hexamod:NecessarySacrifice","hexamod:PowerFromBeyond"],"picked":"hexamod:Again","floor":10},{"not_picked":["Havoc","Guardian:TimeCapacitor"],"picked":"expansioncontent:Flail","floor":12},{"not_picked":["Choke","hexamod:FastForward"],"picked":"Go for the Eyes","floor":13},{"not_picked":["hexamod:BurningTouch","sneckomod:UnknownVulnerable","Replay:Undeath\u0027s Touch"],"picked":"SKIP","floor":14},{"not_picked":["Acrobatics","champ:DefensiveShout"],"picked":"Mirror Shield","floor":15}],"player_experience":705252,"relics_obtained":[{"floor":8,"key":"Gremlin Horn"},{"floor":10,"key":"Unceasing Top"},{"floor":13,"key":"Odd Mushroom"}],"event_choices":[{"cards_removed":["hexamod:Defend"],"damage_healed":0,"gold_gain":0,"player_choice":"Card Removal","damage_taken":0,"max_hp_gain":0,"max_hp_loss":0,"event_name":"The Cleric","floor":6,"gold_loss":0},{"damage_healed":0,"gold_gain":0,"player_choice":"Fought Mushrooms","damage_taken":0,"max_hp_gain":0,"max_hp_loss":0,"event_name":"Mushrooms","floor":13,"gold_loss":0}],"is_beta":false,"boss_relics":[],"items_purged_floors":[],"is_endless":false,"potions_floor_spawned":[2,8,10,13,15],"killed_by":"downfall:Defect","ascension_level":1}}