{"host":"o7j6aatxjwpw1421","time":1608555721,"event":{"mods":["2.2 Compatiblity","BaseMod","Colored Map","DeckTracker","Highlight Path","Keyboard Shortcuts","Minty Spire (QoL Compilation)","Permanent Neow","Quick Restart","StSLib","SuperFastMode","everything is the same but u backflip on backflip"],"gold_per_floor":[118,133,150,161,176,176,207,207,207,241,241,241,241,260,260,363,363,380,73,73,87,104,104,134,149,198,198,198],"floor_reached":27,"playtime":2345,"items_purged":[],"score":343,"play_id":"66d51ac1-29c2-4ace-a695-d3f142aa7529","local_time":"20201221220201","is_ascension_mode":true,"campfire_choices":[{"data":"Armaments","floor":6.0,"key":"SMITH"},{"data":"Demon Form","floor":11.0,"key":"SMITH"},{"data":"Shrug It Off","floor":13.0,"key":"SMITH"},{"data":"Pummel","floor":15.0,"key":"SMITH"},{"floor":23.0,"key":"DIG"}],"circlet_count":0,"master_deck":["Strike_R","Strike_R","Defend_R","Defend_R","Defend_R","Defend_R","Bash","Carnage","Sword Boomerang","Clash","Armaments+1","Shrug It Off+1","Demon Form+1","Pummel+1","Pommel Strike","Fiend Fire","Shrug It Off","Dark Embrace+1","Bloodletting"],"relics":["Burning Blood","Torii","Self Forming Clay","Art of War","Toy Ornithopter","Empty Cage","Shovel","Pantograph","Frozen Egg 2","Bag of Marbles"],"acts_visited":["Exordium","TheCity"],"potions_floor_usage":[27],"damage_taken":[{"damage":3.0,"enemies":"Jaw Worm","floor":1.0,"turns":6.0},{"damage":7.0,"enemies":"2 Louse","floor":2.0,"turns":3.0},{"damage":0.0,"enemies":"Small Slimes","floor":3.0,"turns":3.0},{"damage":7.0,"enemies":"Looter","floor":4.0,"turns":3.0},{"damage":9.0,"enemies":"Blue Slaver","floor":5.0,"turns":3.0},{"damage":15.0,"enemies":"Lagavulin","floor":7.0,"turns":6.0},{"damage":12.0,"enemies":"3 Sentries","floor":10.0,"turns":7.0},{"damage":20.0,"enemies":"Exordium Thugs","floor":14.0,"turns":8.0},{"damage":6.0,"enemies":"Hexaghost","floor":16.0,"turns":6.0},{"damage":5.0,"enemies":"3 Byrds","floor":18.0,"turns":6.0},{"damage":15.0,"enemies":"Shell Parasite","floor":21.0,"turns":6.0},{"damage":32.0,"enemies":"Chosen and Byrds","floor":22.0,"turns":6.0},{"damage":27.0,"enemies":"Slavers","floor":24.0,"turns":7.0},{"damage":19.0,"enemies":"Centurion and Healer","floor":25.0,"turns":6.0},{"damage":27,"enemies":"Book of Stabbing","floor":27,"turns":4}],"seed_played":"-4659621271137087695","potions_obtained":[{"floor":3.0,"key":"Explosive Potion"},{"floor":4.0,"key":"Fire Potion"},{"floor":14.0,"key":"FearPotion"},{"floor":16.0,"key":"PowerPotion"},{"floor":18.0,"key":"DistilledChaos"},{"floor":21.0,"key":"Fruit Juice"},{"floor":25.0,"key":"GamblersBrew"}],"is_trial":false,"path_per_floor":["M","M","M","M","M","R","E","?","T","E","R","?","R","M","R","B",null,"M","$","?","M","M","R","E","M","T","E"],"character_chosen":"IRONCLAD","items_purchased":["Shovel"],"campfire_rested":0,"item_purchase_floors":[19],"current_hp_per_floor":[54,53,59,58,55,55,46,46,46,40,40,45,45,31,31,31,72,73,73,73,74,48,48,37,24,24,2,2],"gold":198,"neow_bonus":"ONE_RARE_RELIC","is_daily":false,"chose_seed":false,"campfire_upgraded":4,"win_rate":0.0,"timestamp":1608555721,"path_taken":["M","M","M","M","M","R","E","?","T","E","R","?","R","M","R","BOSS","M","$","?","M","M","R","E","M","T","E"],"items_purchased_type":["Relic"],"build_version":"2020-12-13","purchased_purges":0,"victory":false,"max_hp_per_floor":[80,80,80,80,80,80,80,80,80,80,80,85,85,85,85,85,85,85,85,85,90,90,90,90,90,90,90,90],"card_choices":[{"not_picked":["Body Slam","Second Wind"],"picked":"Carnage","floor":1.0},{"not_picked":["Intimidate","Flex"],"picked":"Sword Boomerang","floor":2.0},{"not_picked":["Sword Boomerang","Inflame"],"picked":"Clash","floor":3.0},{"not_picked":["Heavy Blade","Clash"],"picked":"Armaments","floor":4.0},{"not_picked":["Heavy Blade","Dropkick"],"picked":"Shrug It Off","floor":5.0},{"not_picked":["Shrug It Off","Armaments"],"picked":"Demon Form","floor":7.0},{"not_picked":["True Grit","Rampage"],"picked":"Pummel","floor":10.0},{"not_picked":["Disarm","Thunderclap"],"picked":"Pommel Strike","floor":14.0},{"not_picked":["Berserk","Bludgeon"],"picked":"Fiend Fire","floor":16.0},{"not_picked":["Bloodletting","Anger"],"picked":"Shrug It Off","floor":18.0},{"not_picked":["Perfected Strike","Rampage"],"picked":"Dark Embrace+1","floor":21.0},{"not_picked":["Perfected Strike","Blood for Blood","Evolve+1"],"picked":"SKIP","floor":22.0},{"not_picked":["Armaments","Wild Strike+1"],"picked":"Bloodletting","floor":24.0},{"not_picked":["Anger+1","Warcry","Uppercut+1"],"picked":"SKIP","floor":25.0}],"player_experience":309758,"relics_obtained":[{"floor":7.0,"key":"Self Forming Clay"},{"floor":9.0,"key":"Art of War"},{"floor":10.0,"key":"Toy Ornithopter"},{"floor":23.0,"key":"Pantograph"},{"floor":24.0,"key":"Frozen Egg 2"},{"floor":26.0,"key":"Bag of Marbles"}],"event_choices":[{"cards_removed":["Strike_R"],"damage_healed":0.0,"max_hp_gain":0.0,"max_hp_loss":0.0,"gold_gain":0.0,"event_name":"Living Wall","player_choice":"Forget","floor":8.0,"gold_loss":0.0,"damage_taken":0.0},{"damage_healed":0.0,"max_hp_gain":5.0,"max_hp_loss":0.0,"gold_gain":0.0,"event_name":"Big Fish","player_choice":"Donut","floor":12.0,"gold_loss":0.0,"damage_taken":0.0},{"damage_healed":0.0,"max_hp_gain":0.0,"max_hp_loss":0.0,"gold_gain":0.0,"event_name":"Ghosts","player_choice":"Ignored","floor":20.0,"gold_loss":0.0,"damage_taken":0.0}],"is_beta":false,"boss_relics":[{"not_picked":["Pandora\u0027s Box","Fusion Hammer"],"picked":"Empty Cage"}],"items_purged_floors":[],"is_endless":false,"potions_floor_spawned":[3,4,14,16,18,21,25],"killed_by":"Book of Stabbing","ascension_level":8}}