{"host":"nox","time":1608581523,"event":{"mods":["Aspiration","BaseMod","Better Third Choice","Colored Powertips","Conspire","Hubris","Infinite Spire","Minty Spire (QoL Compilation)","Quick Restart","Rare Cards Sparkle","Replay The Spire","Shop Mod","Spikes Relics","StSLib","SuperFastMode","The Alterego","vexMod"],"gold_per_floor":[113,113,123,123,123,151,169,199,225,235,235,266,266,216,216,216,216],"floor_reached":16,"playtime":415,"items_purged":["Zap"],"score":148,"play_id":"c5acc2bd-3e19-482e-9cb1-c2c538998e41","local_time":"20201222031203","is_ascension_mode":true,"campfire_choices":[{"floor":11.0,"key":"REST"},{"data":"Redo","floor":13.0,"key":"SMITH"},{"data":"Dualcast","floor":15.0,"key":"SMITH"}],"circlet_count":0,"master_deck":["Defend_B","Defend_B","Defend_B","Defend_B","Dualcast+1","Ball Lightning","Underhanded Strike","Quick Slash","Machine Learning","Redo+1"],"relics":["SlaversCollar","Smiling Mask","conspire:TopHat","Du-Vu Doll","Happy Flower","conspire:DecoderRing"],"acts_visited":["Exordium"],"potions_floor_usage":[],"damage_taken":[{"damage":4.0,"enemies":"2 Louse","floor":1.0,"turns":3.0},{"damage":6.0,"enemies":"Jaw Worm","floor":3.0,"turns":4.0},{"damage":30.0,"enemies":"Lagavulin","floor":6.0,"turns":4.0},{"damage":1.0,"enemies":"Cultist","floor":7.0,"turns":3.0},{"damage":25.0,"enemies":"3 Sentries","floor":8.0,"turns":6.0},{"damage":0.0,"enemies":"Large Slime","floor":10.0,"turns":5.0},{"damage":16.0,"enemies":"Gremlin Nob","floor":12.0,"turns":3.0},{"damage":17,"enemies":"The Guardian","floor":16,"turns":5}],"seed_played":"5116783648448662586","potions_obtained":[{"floor":1.0,"key":"SmokeBomb"},{"floor":7.0,"key":"Fire Potion"},{"floor":10.0,"key":"FearPotion"}],"is_trial":false,"path_per_floor":["M","?","M","?","?","E","M","E","T","M","R","E","R","$","R","B"],"character_chosen":"DEFECT","items_purchased":[],"campfire_rested":1,"item_purchase_floors":[],"current_hp_per_floor":[71,71,65,65,65,35,34,9,9,9,31,15,15,15,15,0,0],"gold":216,"neow_bonus":"BOSS_RELIC","is_daily":false,"chose_seed":false,"campfire_upgraded":2,"win_rate":0.0,"timestamp":1608581523,"path_taken":["M","?","M","?","?","E","?","E","T","M","R","E","R","$","R","BOSS"],"items_purchased_type":[],"build_version":"2020-11-17","purchased_purges":1,"victory":false,"max_hp_per_floor":[75,75,75,75,75,75,75,75,75,75,75,75,75,75,75,75,75],"card_choices":[{"not_picked":["Turbo","Streamline","Reprogram"],"picked":"SKIP","floor":1.0},{"not_picked":["Compile Driver","Barrage"],"picked":"Ball Lightning","floor":3.0},{"not_picked":["BasicCrystalCard","Turbo"],"picked":"Machine Learning","floor":6.0},{"not_picked":["Turbo","White Noise","Hologram"],"picked":"SKIP","floor":7.0},{"not_picked":["Rip and Tear","Sweeping Beam"],"picked":"Redo","floor":8.0},{"not_picked":["White Noise","ReplayTheSpireMod:System Scan","Rebound"],"picked":"SKIP","floor":10.0},{"not_picked":["Creative AI","Turbo","Force Field"],"picked":"SKIP","floor":12.0}],"player_experience":212480,"relics_obtained":[{"floor":6.0,"key":"conspire:TopHat"},{"floor":8.0,"key":"Du-Vu Doll"},{"floor":9.0,"key":"Happy Flower"},{"floor":12.0,"key":"conspire:DecoderRing"}],"event_choices":[{"cards_removed":["Glass Knife"],"damage_healed":0.0,"max_hp_gain":0.0,"max_hp_loss":0.0,"gold_gain":0.0,"event_name":"WeMeetAgain","player_choice":"Gave Card","floor":5.0,"gold_loss":0.0,"damage_taken":0.0,"relics_obtained":["Smiling Mask"]}],"is_beta":true,"boss_relics":[],"items_purged_floors":[14],"is_endless":false,"potions_floor_spawned":[1,7,10],"killed_by":"The Guardian","ascension_level":5}}