{"host":"hfxp6ue4pvwo3fit","time":1608583431,"event":{"mods":["AchievementEnabler","BaseMod","Colored Map","Colored Powertips","Highlight Path","Minty Spire (QoL Compilation)","StSLib","SuperFastMode"],"gold_per_floor":[112,112,124,136,4,4,20,52,52,81,81,100,127,142,142,216,216,156,71,71,71,71,71,71,71,71,71,71,71,71,71,71],"floor_reached":31,"playtime":1019,"items_purged":[],"score":656,"play_id":"965db933-f3f8-434b-93dc-c0977b50d1df","local_time":"20201221144351","is_ascension_mode":true,"campfire_choices":[{"data":"Hyperbeam","floor":6,"key":"SMITH"},{"data":"Seek","floor":11,"key":"SMITH"},{"data":"Zap","floor":15,"key":"SMITH"},{"data":"Beam Cell","floor":24,"key":"SMITH"},{"data":"Conserve Battery","floor":25,"key":"SMITH"},{"data":"Self Repair","floor":27,"key":"SMITH"}],"circlet_count":0,"master_deck":["AscendersBane","Strike_B","Strike_B","Defend_B","Defend_B","Defend_B","Defend_B","Zap+1","Dualcast","Hyperbeam+1","Beam Cell+1","Go for the Eyes","Gash","Seek+1","Steam","Self Repair+1","Ball Lightning","Ball Lightning","White Noise","All For One","Conserve Battery+1","Reinforced Body","Biased Cognition"],"relics":["Cracked Core","Darkstone Periapt","WingedGreaves","Lizard Tail","Boot","Ectoplasm","Eternal Feather","Letter Opener","Pantograph","Old Coin"],"acts_visited":["Exordium","TheCity"],"potions_floor_usage":[10,16,16,18,23,31],"damage_taken":[{"damage":0,"enemies":"2 Louse","floor":1,"turns":1},{"damage":0,"enemies":"Cultist","floor":3,"turns":2},{"damage":0,"enemies":"Small Slimes","floor":4,"turns":1},{"damage":0,"enemies":"Blue Slaver","floor":7,"turns":1},{"damage":10,"enemies":"3 Sentries","floor":8,"turns":2},{"damage":0,"enemies":"Lagavulin","floor":10,"turns":4},{"damage":0,"enemies":"Red Slaver","floor":12,"turns":1},{"damage":0,"enemies":"3 Sentries","floor":13,"turns":2},{"damage":7,"enemies":"Exordium Thugs","floor":14,"turns":4},{"damage":36,"enemies":"Slime Boss","floor":16,"turns":9},{"damage":10,"enemies":"2 Thieves","floor":18,"turns":4},{"damage":8,"enemies":"Chosen","floor":21,"turns":5},{"damage":85,"enemies":"Gremlin Leader","floor":23,"turns":5},{"damage":52,"enemies":"Book of Stabbing","floor":28,"turns":5},{"damage":0,"enemies":"3 Cultists","floor":29,"turns":3},{"damage":33,"enemies":"Cultist and Chosen","floor":30,"turns":6},{"damage":28,"enemies":"Shelled Parasite and Fungi","floor":31,"turns":1}],"seed_played":"-4895459857378952114","potions_obtained":[{"floor":7,"key":"Weak Potion"},{"floor":8,"key":"AttackPotion"},{"floor":12,"key":"Weak Potion"},{"floor":16,"key":"SneckoOil"},{"floor":21,"key":"FocusPotion"},{"floor":30,"key":"SkillPotion"}],"is_trial":false,"path_per_floor":["M","?","M","M","$","R","M","E","T","E","R","M","E","M","R","B",null,"M","?","?","M","$","E","R","R","T","R","E","M","M","M"],"character_chosen":"DEFECT","items_purchased":["Seek","Steam"],"campfire_rested":0,"item_purchase_floors":[5,5],"current_hp_per_floor":[64,64,64,64,64,64,64,54,54,61,61,61,61,61,61,32,61,58,58,58,57,57,20,32,44,44,56,24,34,11,0,0],"gold":71,"neow_bonus":"ONE_RANDOM_RARE_CARD","is_daily":false,"chose_seed":false,"campfire_upgraded":6,"win_rate":0.0,"timestamp":1608583431,"path_taken":["M","?","?","?","$","R","M","E","T","E","R","M","E","M","R","BOSS","M","?","?","M","$","E","R","R","T","R","E","M","?","M"],"items_purchased_type":["Card","Card"],"build_version":"2020-12-13","purchased_purges":0,"victory":false,"max_hp_per_floor":[71,71,71,71,71,71,71,71,71,71,71,71,71,71,71,71,71,71,71,71,71,71,71,71,71,71,71,71,71,71,71,71],"card_choices":[{"not_picked":["Conserve Battery","Go for the Eyes"],"picked":"Beam Cell","floor":1},{"not_picked":["Stack","Turbo"],"picked":"Go for the Eyes","floor":3},{"not_picked":["Coolheaded","Sunder"],"picked":"Gash","floor":4},{"not_picked":["Compile Driver","Streamline","Lockon"],"picked":"SKIP","floor":7},{"not_picked":["Chaos","Go for the Eyes"],"picked":"Self Repair","floor":8},{"not_picked":["Conserve Battery","Compile Driver"],"picked":"Ball Lightning","floor":10},{"not_picked":["Sweeping Beam","Hologram"],"picked":"Ball Lightning","floor":12},{"not_picked":["Reprogram","Ball Lightning"],"picked":"White Noise","floor":13},{"not_picked":["Rebound","Redo","Ball Lightning"],"picked":"SKIP","floor":14},{"not_picked":["Amplify","Electrodynamics"],"picked":"All For One","floor":16},{"not_picked":["Turbo","Beam Cell","Doom and Gloom"],"picked":"SKIP","floor":18},{"not_picked":["Steam","BootSequence","Rebound"],"picked":"SKIP","floor":21},{"not_picked":["Leap","Turbo"],"picked":"Conserve Battery","floor":23},{"not_picked":["Genetic Algorithm","Stack"],"picked":"Reinforced Body","floor":28},{"not_picked":["Compile Driver","Undo","Steam"],"picked":"SKIP","floor":29},{"not_picked":["Auto Shields","Leap"],"picked":"Biased Cognition","floor":30}],"player_experience":407190,"relics_obtained":[{"floor":8,"key":"Darkstone Periapt"},{"floor":9,"key":"WingedGreaves"},{"floor":10,"key":"Lizard Tail"},{"floor":13,"key":"Boot"},{"floor":23,"key":"Letter Opener"},{"floor":26,"key":"Pantograph"},{"floor":28,"key":"Old Coin"}],"event_choices":[{"cards_removed":["Strike_B"],"damage_healed":0,"gold_gain":0,"player_choice":"Offered Basic","damage_taken":0,"max_hp_gain":0,"max_hp_loss":0,"event_name":"Bonfire Elementals","floor":2,"gold_loss":0},{"damage_healed":0,"gold_gain":0,"player_choice":"Obtained Relic","damage_taken":0,"relics_obtained":["Eternal Feather"],"max_hp_gain":0,"max_hp_loss":0,"event_name":"Addict","floor":19,"gold_loss":85},{"cards_removed":["Strike_B"],"damage_healed":0,"gold_gain":0,"player_choice":"Purged","damage_taken":0,"max_hp_gain":0,"max_hp_loss":0,"event_name":"Purifier","floor":20,"gold_loss":0}],"is_beta":false,"boss_relics":[{"not_picked":["Tiny House","SacredBark"],"picked":"Ectoplasm"}],"items_purged_floors":[],"is_endless":false,"potions_floor_spawned":[7,8,12,16,21,30],"killed_by":"Shelled Parasite and Fungi","ascension_level":18}}