{"host":"pl1fbpkom0aq337f","time":1608568978,"event":{"mods":["AchievementEnabler","BaseMod","Colored Map","Minty Spire (QoL Compilation)"],"gold_per_floor":[110,60,60,60,60,78,78,88,88,88,163,179,200,214,248,13,13,13,139,139,157,157,0,0,0],"floor_reached":24,"playtime":864,"items_purged":[],"score":291,"play_id":"bf5d0dd7-7651-4a40-b1fc-e601938eebc6","local_time":"20201221174258","is_ascension_mode":true,"campfire_choices":[{"data":"Cloak And Dagger","floor":7.0,"key":"SMITH"},{"data":"Footwork","floor":17.0,"key":"SMITH"},{"data":"Blur","floor":18.0,"key":"SMITH"}],"circlet_count":0,"master_deck":["AscendersBane","Strike_G","Strike_G","Strike_G+1","Defend_G","Defend_G+1","Defend_G","Defend_G","Defend_G","Survivor","Neutralize+1","Cloak And Dagger+1","Footwork+1","Blur+1","Blade Dance","PiercingWail","Backflip","Corpse Explosion","Leg Sweep","After Image","Expertise+1","All Out Attack+1","Eviscerate+1","Bouncing Flask+1","Noxious Fumes"],"relics":["Ring of the Snake","StoneCalendar","Golden Idol","Letter Opener","Pear","Calipers","Membership Card","Astrolabe"],"acts_visited":["Exordium","TheCity"],"potions_floor_usage":[],"damage_taken":[{"damage":8.0,"enemies":"Jaw Worm","floor":1.0,"turns":6.0},{"damage":0.0,"enemies":"Small Slimes","floor":6.0,"turns":3.0},{"damage":0.0,"enemies":"2 Louse","floor":8.0,"turns":3.0},{"damage":3.0,"enemies":"Looter","floor":12.0,"turns":4.0},{"damage":0.0,"enemies":"Blue Slaver","floor":13.0,"turns":4.0},{"damage":0.0,"enemies":"3 Louse","floor":14.0,"turns":4.0},{"damage":1.0,"enemies":"Gremlin Nob","floor":15.0,"turns":5.0},{"damage":30.0,"enemies":"Slime Boss","floor":19.0,"turns":9.0},{"damage":14.0,"enemies":"Chosen","floor":21.0,"turns":7.0},{"damage":0,"enemies":"2 Thieves","floor":24,"turns":1}],"seed_played":"4816236057675645217","potions_obtained":[{"floor":1.0,"key":"SpeedPotion"},{"floor":8.0,"key":"GhostInAJar"},{"floor":13.0,"key":"Weak Potion"}],"is_trial":false,"path_per_floor":["M","?","?","?","?","M","R","M","?","T","T","M","M","M","E","$","R","R","B",null,"M","?","?","M"],"character_chosen":"THE_SILENT","items_purchased":["Membership Card","Corpse Explosion","Leg Sweep"],"campfire_rested":0,"item_purchase_floors":[16,16,16],"current_hp_per_floor":[55,55,55,55,41,41,41,41,41,41,51,48,48,48,47,47,47,47,17,61,47,47,47,47,47],"gold":0,"neow_bonus":"ONE_RARE_RELIC","is_daily":false,"chose_seed":false,"campfire_upgraded":3,"win_rate":0.0,"timestamp":1608568978,"path_taken":["M","?","?","?","?","M","R","M","?","T","T","M","M","M","E","?","R","R","BOSS","M","?","?","M"],"items_purchased_type":["Relic","Card","Card"],"build_version":"2020-12-13","purchased_purges":0,"victory":false,"max_hp_per_floor":[70,70,70,70,70,70,70,70,65,65,75,75,75,75,75,75,75,75,75,75,75,75,75,75,75],"card_choices":[{"not_picked":["Quick Slash","Deadly Poison"],"picked":"Cloak And Dagger","floor":1.0},{"not_picked":["Well Laid Plans","Escape Plan"],"picked":"Underhanded Strike","floor":6.0},{"not_picked":["Dagger Throw","Cloak And Dagger"],"picked":"Footwork","floor":8.0},{"not_picked":["Slice","Deflect"],"picked":"Blur","floor":12.0},{"not_picked":["Outmaneuver","Quick Slash"],"picked":"Blade Dance","floor":13.0},{"not_picked":["All Out Attack","Dagger Throw"],"picked":"PiercingWail","floor":14.0},{"not_picked":["Eviscerate","Leg Sweep"],"picked":"Backflip","floor":15.0},{"not_picked":["Phantasmal Killer","Doppelganger"],"picked":"After Image","floor":19.0},{"not_picked":["Backflip","Underhanded Strike"],"picked":"Bouncing Flask+1","floor":21.0}],"player_experience":399412,"relics_obtained":[{"floor":10.0,"key":"Letter Opener"},{"floor":11.0,"key":"Pear"},{"floor":15.0,"key":"Calipers"}],"event_choices":[{"cards_removed":["Clumsy"],"damage_healed":0.0,"max_hp_gain":0.0,"max_hp_loss":0.0,"gold_gain":0.0,"event_name":"The Cleric","player_choice":"Card Removal","floor":2.0,"gold_loss":50.0,"damage_taken":0.0},{"damage_healed":0.0,"max_hp_gain":0.0,"max_hp_loss":0.0,"gold_gain":0.0,"event_name":"Living Wall","player_choice":"Grow","floor":3.0,"gold_loss":0.0,"damage_taken":0.0,"cards_upgraded":["Neutralize"]},{"damage_healed":0.0,"max_hp_gain":0.0,"max_hp_loss":0.0,"gold_gain":0.0,"event_name":"Golden Wing","player_choice":"Ignored","floor":4.0,"gold_loss":0.0,"damage_taken":0.0},{"damage_healed":0.0,"max_hp_gain":0.0,"max_hp_loss":0.0,"gold_gain":0.0,"event_name":"Shining Light","player_choice":"Entered Light","floor":5.0,"gold_loss":0.0,"damage_taken":14.0,"cards_upgraded":["Defend_G","Strike_G"]},{"damage_healed":0.0,"max_hp_gain":0.0,"max_hp_loss":5.0,"gold_gain":0.0,"event_name":"Golden Idol","player_choice":"Lose Max HP","floor":9.0,"gold_loss":0.0,"damage_taken":0.0,"relics_obtained":["Golden Idol"]},{"damage_healed":0.0,"max_hp_gain":0.0,"max_hp_loss":0.0,"gold_gain":0.0,"event_name":"The Library","player_choice":"Read","floor":22.0,"gold_loss":0.0,"damage_taken":0.0,"cards_obtained":["Noxious Fumes"]},{"damage_healed":0,"gold_gain":0,"player_choice":"Paid Fearfully","damage_taken":0,"max_hp_gain":0,"max_hp_loss":0,"event_name":"Masked Bandits","floor":23,"gold_loss":157}],"is_beta":false,"boss_relics":[{"not_picked":["Cursed Key","Empty Cage"],"picked":"Astrolabe"}],"items_purged_floors":[],"is_endless":false,"potions_floor_spawned":[1,8,13],"killed_by":"2 Thieves","ascension_level":10}}