{"host":"a61r67bv2jut9r88","time":1608559433,"event":{"mods":["AchievementEnabler","BaseMod","Downfall","Marisa£®ÏF”Í°°ƒß¿Ì…≥£©","Minty Spire (QoL Compilation)","Replay The Spire","Shop Mod","StSLib","SuperFastMode","The Bug Knight","The Cursed","The Servant 0.9.4"],"gold_per_floor":[117,316,217,217,233,233,247,266,266,279,279,279,295,315,315,413,413,401,417,61,72,72,72,72,72,143,158,168,184,184,198,198,198,198],"floor_reached":33,"playtime":1767,"items_purged":["Strike_S","Strike_S"],"score":243,"play_id":"74e30ed3-adfd-4412-9677-55dc461fdbaa","local_time":"20201221220353","is_ascension_mode":false,"campfire_choices":[{"floor":6,"key":"REST"},{"floor":15,"key":"REST"},{"floor":23,"key":"REST"},{"floor":25,"key":"REST"},{"floor":30,"key":"REST"},{"floor":32,"key":"REST"}],"circlet_count":0,"master_deck":["Strike_S","Strike_S","Defend_S+1","Defend_S+1","Defend_S+1","Defend_S+1","KidneyShot","Exchange","Potential","BottledTime","SurpressingFire","SilverBlades","Ricochet","ReturningBlade","Comet","TimeWarp","RitualDagger","Advance","SpecialFormula+1","Replace+1"],"relics":["Uniform","Durian","Replay:Bottled Eggs","Philosopher\u0027s Stone","Bottled Lightning","Toxic Egg 2"],"acts_visited":["Exordium","TheCity"],"potions_floor_usage":[16,16,16,29],"damage_taken":[{"damage":6,"enemies":"Jaw Worm","floor":1,"turns":5},{"damage":0,"enemies":"Cultist","floor":5,"turns":3},{"damage":0,"enemies":"2 Louse","floor":7,"turns":2},{"damage":5,"enemies":"Exordium Wildlife","floor":8,"turns":5},{"damage":20,"enemies":"Exordium Thugs","floor":10,"turns":3},{"damage":3,"enemies":"Looter","floor":13,"turns":3},{"damage":2,"enemies":"Blue Slaver","floor":14,"turns":4},{"damage":54,"enemies":"Slime Boss","floor":16,"turns":12},{"damage":13,"enemies":"2 Thieves","floor":18,"turns":4},{"damage":0,"enemies":"Spheric Guardian","floor":19,"turns":5},{"damage":48,"enemies":"Chosen and Byrds","floor":21,"turns":9},{"damage":38,"enemies":"Snake Plant","floor":27,"turns":7},{"damage":17,"enemies":"3 Cultists","floor":28,"turns":6},{"damage":13,"enemies":"Snecko","floor":29,"turns":7},{"damage":29,"enemies":"Centurion and Healer","floor":31,"turns":11},{"damage":49,"enemies":"Collector","floor":33,"turns":2}],"seed_played":"7528857000718441662","potions_obtained":[{"floor":1,"key":"Doom Potion"},{"floor":10,"key":"GamblersBrew"},{"floor":13,"key":"Dexterity Potion"},{"floor":16,"key":"Swift Potion"},{"floor":21,"key":"BlessingOfTheForge"},{"floor":28,"key":"Elixir"}],"is_trial":false,"path_per_floor":["M","?","$","?","M","R","M","M","T","M","?","T","M","M","R","B",null,"M","M","$","M","?","R","?","R","T","M","M","M","R","M","R","B"],"character_chosen":"THE_SERVANT","items_purchased":["BottledTime","Bottled Lightning"],"campfire_rested":6,"item_purchase_floors":[3,20],"current_hp_per_floor":[65,48,48,48,48,69,69,64,69,49,49,49,46,44,66,12,76,63,63,63,15,9,31,31,53,53,15,6,1,23,2,24,0,0],"gold":198,"neow_bonus":"TEN_PERCENT_HP_BONUS","is_daily":false,"chose_seed":false,"campfire_upgraded":0,"win_rate":0.0,"timestamp":1608559433,"path_taken":["M","?","$","?","?","R","M","M","T","M","?","?","M","M","R","BOSS","M","?","$","M","?","R","?","R","T","M","M","M","R","?","R","BOSS"],"items_purchased_type":["Card","Relic"],"build_version":"2020-12-13","purchased_purges":2,"victory":false,"max_hp_per_floor":[71,71,71,71,71,71,71,71,76,76,76,76,76,76,76,76,76,76,76,76,76,76,76,76,76,76,76,76,76,76,76,76,76,76],"card_choices":[{"not_picked":["Barrier","Alleviate"],"picked":"Potential","floor":1},{"not_picked":["DoubleEdge","Alleviate"],"picked":"Starlight","floor":2},{"not_picked":["Contraction","Spin"],"picked":"SurpressingFire","floor":5},{"not_picked":["FlawlessForm","Luminosity"],"picked":"SilverBlades","floor":7},{"not_picked":["Desolation","Defy"],"picked":"Ricochet","floor":8},{"not_picked":["GearUp","DoubleEdge"],"picked":"ReturningBlade","floor":10},{"not_picked":["Rewind","Gouge"],"picked":"Comet","floor":13},{"not_picked":["Replace","SoulSculpture"],"picked":"TimeWarp","floor":14},{"not_picked":["Initiator","Duplication"],"picked":"PendulumOfEternity","floor":16},{"not_picked":["FastForward","Spin","Defy"],"picked":"SKIP","floor":18},{"not_picked":["Revamp","Manipulate","FastForward+1"],"picked":"SKIP","floor":19},{"not_picked":["Unruled","Spin","Potential"],"picked":"SKIP","floor":21},{"not_picked":["Rearm+1","Hightail+1"],"picked":"SpecialFormula+1","floor":27},{"not_picked":["Foresight+1","Alleviate+1"],"picked":"Replace+1","floor":28},{"not_picked":["Alleviate+1","Ricochet+1","FloweringNight"],"picked":"SKIP","floor":29},{"not_picked":["Shuttle+1","Replace+1","ShatteredReality+1"],"picked":"SKIP","floor":31}],"player_experience":409464,"relics_obtained":[{"floor":9,"key":"Durian"},{"floor":12,"key":"Replay:Bottled Eggs"},{"floor":26,"key":"Toxic Egg 2"}],"event_choices":[{"damage_healed":0,"gold_gain":0,"player_choice":"Ignored","damage_taken":0,"max_hp_gain":0,"max_hp_loss":0,"event_name":"NoteForYourself","floor":4,"gold_loss":0},{"cards_removed":["Starlight"],"damage_healed":0,"gold_gain":0,"player_choice":"Forget","damage_taken":0,"max_hp_gain":0,"max_hp_loss":0,"event_name":"Living Wall","floor":11,"gold_loss":0},{"damage_healed":0,"gold_gain":0,"player_choice":"Joined the Cult","damage_taken":6,"max_hp_gain":0,"max_hp_loss":0,"event_name":"Nest","floor":22,"gold_loss":0,"cards_obtained":["RitualDagger"]},{"damage_healed":0,"gold_gain":0,"cards_transformed":["PendulumOfEternity"],"player_choice":"Transformed","damage_taken":0,"max_hp_gain":0,"max_hp_loss":0,"event_name":"Transmorgrifier","floor":24,"gold_loss":0,"cards_obtained":["Advance"]}],"is_beta":false,"boss_relics":[{"not_picked":["Velvet Choker","ReplayTheSpireMod:DimensionalGlitch"],"picked":"Philosopher\u0027s Stone"}],"items_purged_floors":[3,20],"is_endless":false,"potions_floor_spawned":[1,10,13,16,21,28],"killed_by":"Collector","ascension_level":0}}