{"host":"cc187","time":1608517309,"event":{"mods":["AchievementEnabler","BaseMod","Bestiary","Colored Map","Colored Powertips","Highlight Path","Keyboard Shortcuts","Minty Spire (QoL Compilation)","Quick Restart","Rare Cards Sparkle","Relic Stats","StSLib","SuperFastMode","Synergy Search","ojb\u0027s Info Mod"],"gold_per_floor":[116,136,22,22,22,22,47,61,61,74,93,93,153,185,185,262,262,278,294,294,294,209,209,209,209],"floor_reached":24,"playtime":1262,"items_purged":["Strike_G"],"score":388,"play_id":"0dda36b0-7651-4ded-81a6-3d875b50596b","local_time":"20201221022149","is_ascension_mode":true,"campfire_choices":[{"data":"Skewer","floor":6,"key":"SMITH"},{"floor":12,"key":"REST"},{"floor":15,"key":"REST"},{"floor":23,"key":"REST"}],"circlet_count":0,"master_deck":["AscendersBane","Strike_G","Strike_G","Strike_G","Strike_G","Defend_G","Defend_G","Defend_G","Defend_G","Defend_G","Survivor","Neutralize","Blade Dance","Crippling Poison","Skewer+1","Bane","Deadly Poison","Deadly Poison","Flying Knee","Envenom","Acrobatics+1","PiercingWail+1"],"relics":["Velvet Choker","Torii","Strawberry","Runic Pyramid","Nilry\u0027s Codex","Blue Candle"],"acts_visited":["Exordium","TheCity"],"potions_floor_usage":[11,14,19],"damage_taken":[{"damage":6,"enemies":"Cultist","floor":1,"turns":5},{"damage":0,"enemies":"Jaw Worm","floor":2,"turns":3},{"damage":29,"enemies":"Gremlin Nob","floor":7,"turns":4},{"damage":7,"enemies":"2 Louse","floor":8,"turns":2},{"damage":8,"enemies":"Looter","floor":10,"turns":2},{"damage":7,"enemies":"2 Fungi Beasts","floor":11,"turns":3},{"damage":21,"enemies":"Lagavulin","floor":14,"turns":4},{"damage":25,"enemies":"Hexaghost","floor":16,"turns":9},{"damage":20,"enemies":"Spheric Guardian","floor":18,"turns":4},{"damage":24,"enemies":"3 Byrds","floor":19,"turns":5},{"damage":34,"enemies":"Book of Stabbing","floor":24,"turns":5}],"seed_played":"-7867790720471103078","potions_obtained":[{"floor":7,"key":"DistilledChaos"},{"floor":8,"key":"Regen Potion"},{"floor":18,"key":"FearPotion"}],"is_trial":false,"path_per_floor":["M","M","$","?","$","R","E","M","T","M","M","R","?","E","R","B",null,"M","M","?","?","?","R","E"],"character_chosen":"THE_SILENT","items_purchased":["Skewer"],"campfire_rested":3,"item_purchase_floors":[3],"current_hp_per_floor":[53,53,53,53,53,53,24,17,17,9,11,30,30,16,37,12,58,38,14,29,8,8,29,0,0],"gold":209,"neow_bonus":"BOSS_RELIC","is_daily":false,"chose_seed":false,"campfire_upgraded":1,"win_rate":0.0,"timestamp":1608517309,"path_taken":["M","M","$","?","?","R","E","M","T","M","M","R","?","E","R","BOSS","M","M","?","?","?","R","E"],"items_purchased_type":["Card"],"build_version":"2020-12-18","purchased_purges":1,"victory":false,"max_hp_per_floor":[66,66,66,66,66,66,66,66,66,66,66,66,66,73,73,73,73,73,73,73,73,73,73,73,73],"relic_stats":{"Torii":50,"counters":[11,46],"Blue Candle":[1],"obtain_stats":[{"Torii":7,"Nilry\u0027s Codex":21,"Strawberry":14,"Blue Candle":22,"Velvet Choker":0,"Ring of the Snake":0,"Runic Pyramid":17},{"Torii":3,"Nilry\u0027s Codex":10,"Strawberry":7,"Blue Candle":10,"Velvet Choker":0,"Ring of the Snake":0,"Runic Pyramid":8},{"Torii":12,"Nilry\u0027s Codex":41,"Strawberry":23,"Blue Candle":41,"Velvet Choker":0,"Ring of the Snake":0,"Runic Pyramid":32}]},"card_choices":[{"not_picked":["Underhanded Strike","Sucker Punch"],"picked":"Blade Dance","floor":1},{"not_picked":["Outmaneuver","Terror"],"picked":"Crippling Poison","floor":2},{"not_picked":["Grand Finale","Distraction"],"picked":"Bane","floor":7},{"not_picked":["Calculated Gamble","Quick Slash"],"picked":"Deadly Poison","floor":8},{"not_picked":["Leg Sweep","Poisoned Stab"],"picked":"Deadly Poison","floor":10},{"not_picked":["Eviscerate","Concentrate","Setup"],"picked":"SKIP","floor":11},{"not_picked":["Accuracy","Acrobatics"],"picked":"Flying Knee","floor":14},{"not_picked":["Unload","Phantasmal Killer"],"picked":"Envenom","floor":16},{"not_picked":["Slice","Bane"],"picked":"Acrobatics+1","floor":18},{"not_picked":["Cloak And Dagger","Deadly Poison"],"picked":"PiercingWail+1","floor":19}],"player_experience":821987,"relics_obtained":[{"floor":7,"key":"Torii"},{"floor":14,"key":"Strawberry"},{"floor":21,"key":"Nilry\u0027s Codex"}],"event_choices":[{"damage_healed":0,"gold_gain":0,"player_choice":"Ignored","damage_taken":0,"max_hp_gain":0,"max_hp_loss":0,"event_name":"Liars Game","floor":4,"gold_loss":0},{"damage_healed":0,"gold_gain":60,"player_choice":"Gained Gold","damage_taken":0,"max_hp_gain":0,"max_hp_loss":0,"event_name":"Golden Wing","floor":13,"gold_loss":0},{"damage_healed":15,"gold_gain":0,"player_choice":"Heal","damage_taken":0,"max_hp_gain":0,"max_hp_loss":0,"event_name":"The Library","floor":20,"gold_loss":0},{"damage_healed":0,"gold_gain":0,"player_choice":"Obtained Book","damage_taken":21,"max_hp_gain":0,"max_hp_loss":0,"event_name":"Cursed Tome","floor":21,"gold_loss":0},{"damage_healed":0,"gold_gain":0,"player_choice":"Obtained Relic","damage_taken":0,"relics_obtained":["Blue Candle"],"max_hp_gain":0,"max_hp_loss":0,"event_name":"Addict","floor":22,"gold_loss":85}],"is_beta":true,"boss_relics":[{"not_picked":["SlaversCollar","Coffee Dripper"],"picked":"Runic Pyramid"}],"items_purged_floors":[3],"is_endless":false,"potions_floor_spawned":[7,8,18],"killed_by":"Book of Stabbing","ascension_level":18}}