{"host":"baymyijz6sxaqj5s","time":1608553245,"event":{"mods":["AchievementEnabler","BaseMod","Colored Map","Colored Powertips","DeckTracker","KOR Keyword Fix","Keyboard Shortcuts","Minty Spire (QoL Compilation)","StSLib","SuperFastMode"],"gold_per_floor":[118,132,142,159,84,84,97,97,143,163,163,163,163,174,174,174,174],"floor_reached":16,"playtime":528,"items_purged":["Strike_R"],"score":94,"play_id":"47e94712-e3d7-482f-8581-aa1b9ea8ff36","local_time":"20201221212045","is_ascension_mode":false,"campfire_choices":[{"data":"Shrug It Off","floor":6,"key":"SMITH"},{"data":"Heavy Blade","floor":8,"key":"SMITH"},{"data":"Entrench","floor":12,"key":"SMITH"},{"data":"Cleave","floor":15,"key":"SMITH"}],"circlet_count":0,"master_deck":["Strike_R","Strike_R","Strike_R","Strike_R","Defend_R","Defend_R","Defend_R","Defend_R","Bash","Shrug It Off+1","Ghostly Armor+1","Heavy Blade+1","Entrench+1","Cleave+1"],"relics":["Burning Blood","Juzu Bracelet"],"acts_visited":["Exordium"],"potions_floor_usage":[16,16],"damage_taken":[{"damage":4,"enemies":"Jaw Worm","floor":1,"turns":5},{"damage":2,"enemies":"Small Slimes","floor":2,"turns":4},{"damage":4,"enemies":"2 Louse","floor":3,"turns":4},{"damage":32,"enemies":"Exordium Thugs","floor":4,"turns":9},{"damage":3,"enemies":"2 Fungi Beasts","floor":7,"turns":5},{"damage":5,"enemies":"Lots of Slimes","floor":10,"turns":8},{"damage":0,"enemies":"Large Slime","floor":14,"turns":7},{"damage":81,"enemies":"Slime Boss","floor":16,"turns":16}],"seed_played":"2445075283549244510","potions_obtained":[{"floor":3,"key":"LiquidBronze"},{"floor":4,"key":"SpeedPotion"},{"floor":10,"key":"LiquidBronze"}],"is_trial":false,"path_per_floor":["M","M","M","M","$","R","M","R","T","M","?","R","?","M","R","B"],"character_chosen":"IRONCLAD","items_purchased":[],"campfire_rested":0,"item_purchase_floors":[],"current_hp_per_floor":[88,88,88,62,62,62,65,65,65,66,71,71,71,77,77,0,0],"gold":174,"neow_bonus":"TEN_PERCENT_HP_BONUS","is_daily":false,"chose_seed":false,"campfire_upgraded":4,"win_rate":0.0,"timestamp":1608553245,"path_taken":["M","M","M","M","$","R","M","R","T","M","?","R","?","M","R","BOSS"],"items_purchased_type":[],"build_version":"2020-12-13","purchased_purges":1,"victory":false,"max_hp_per_floor":[88,88,88,88,88,88,88,88,88,88,93,93,93,93,93,93,93],"card_choices":[{"not_picked":["Twin Strike","True Grit","Sever Soul"],"picked":"SKIP","floor":1},{"not_picked":["Pummel","Fire Breathing","Reckless Charge"],"picked":"SKIP","floor":2},{"not_picked":["Wild Strike","Clash"],"picked":"Shrug It Off","floor":3},{"not_picked":["Clothesline","Warcry"],"picked":"Ghostly Armor","floor":4},{"not_picked":["Rampage","Inflame"],"picked":"Heavy Blade","floor":7},{"not_picked":["Headbutt","Wild Strike"],"picked":"Entrench","floor":10},{"not_picked":["Pommel Strike","Twin Strike"],"picked":"Cleave","floor":14}],"player_experience":167585,"relics_obtained":[{"floor":9,"key":"Juzu Bracelet"}],"event_choices":[{"damage_healed":0,"gold_gain":0,"player_choice":"Donut","damage_taken":0,"max_hp_gain":5,"max_hp_loss":0,"event_name":"Big Fish","floor":11,"gold_loss":0},{"damage_healed":0,"gold_gain":0,"player_choice":"Grow","damage_taken":0,"max_hp_gain":0,"max_hp_loss":0,"event_name":"Living Wall","floor":13,"gold_loss":0,"cards_upgraded":["Ghostly Armor"]}],"is_beta":false,"boss_relics":[],"items_purged_floors":[5],"is_endless":false,"potions_floor_spawned":[3,4,10,14],"killed_by":"Slime Boss","ascension_level":0}}