{"host":"55yei7x27djrlaep","time":1608569452,"event":{"mods":["Act Like it!","Aspiration","BaseMod","Better Third Choice","BetterRewards","Colored Map","Downfall","Friendly Minions","GifTheSpireLib","Hubris","Minty Spire (QoL Compilation)","Replay The Spire","StSLib","Stuff the Spire","The Servant 0.9.4"],"gold_per_floor":[349,381,394,394,394,394,407,407,407,426,458,383,400,400,400,418,430,430,430,430],"floor_reached":18,"playtime":1026,"items_purged":[],"score":134,"play_id":"522b30a4-c487-4596-9dbb-02952d314304","local_time":"20201221195052","is_ascension_mode":true,"campfire_choices":[{"data":"Hallucinations","floor":1,"key":"PURGE"},{"floor":8,"key":"REST"},{"floor":12,"key":"RECALL"}],"circlet_count":0,"master_deck":["Guardian:Strike_Guardian","Guardian:Strike_Guardian","Guardian:Strike_Guardian","Guardian:Strike_Guardian","Guardian:Defend_Guardian","Guardian:Defend_Guardian","Guardian:Defend_Guardian","Guardian:Defend_Guardian","Guardian:CurlUp","Guardian:TwinSlam","Guardian:Gem_Green","Guardian:Gem_Orange","Guardian:Gem_Lightblue","Guardian:ShieldCharger","Guardian:EvasiveProtocol","Guardian:FloatingOrbs","Guardian:Recover","Injury","StuffTheSpire:CuriosityCurse","Guardian:Gem_White","Guardian:WalkerClaw"],"relics":["Guardian:ModeShifter","Pet Ghost","Guardian:PickAxe","aspiration:StickyExplosives_weak","Kunai","downfall:HeartBlessingGreen","Toxic Egg 2","Pondfish Scales"],"acts_visited":["Exordium"],"potions_floor_usage":[11,18,18],"damage_taken":[{"damage":58,"enemies":"Lagavulin","floor":2,"turns":12},{"damage":11,"enemies":"Jaw Worm","floor":3,"turns":5},{"damage":0,"enemies":"2 Louse","floor":7,"turns":3},{"damage":0,"enemies":"Small Slimes","floor":10,"turns":4},{"damage":5,"enemies":"3 Sentries","floor":11,"turns":11},{"damage":23,"enemies":"Exordium Thugs","floor":13,"turns":5},{"damage":3,"enemies":"2 Fungi Beasts","floor":16,"turns":4},{"damage":0,"enemies":"3 Louse","floor":17,"turns":4},{"damage":4,"enemies":"downfall:Defect","floor":18,"turns":6}],"seed_played":"-3954334576522391289","potions_obtained":[{"floor":2,"key":"FearPotion"},{"floor":10,"key":"Elixir"},{"floor":11,"key":"Venom Potion"}],"is_trial":false,"path_per_floor":["R_BF","E","M","PTL","PTL","?","M","R","T","M","E","R","M","?","?","M","M","B"],"character_chosen":"GUARDIAN","items_purchased":[],"campfire_rested":1,"item_purchase_floors":[],"current_hp_per_floor":[80,22,11,11,11,11,11,35,35,35,30,30,7,7,7,4,4,0,0,0],"gold":430,"neow_bonus":"TWO_FIFTY_GOLD","is_daily":false,"chose_seed":false,"campfire_upgraded":0,"win_rate":0.0,"timestamp":1608569452,"path_taken":["R_BF","E","M","PTL","PTL","?","M","R","T","M","E","R","M","?","?","M","M","BOSS"],"items_purchased_type":[],"build_version":"2020-12-13","purchased_purges":0,"victory":false,"max_hp_per_floor":[80,80,80,80,80,80,80,80,80,80,80,80,80,80,80,80,80,80,80,80],"card_choices":[{"not_picked":["Guardian:Suspension","Guardian:Harden"],"picked":"Guardian:Gem_Blue","floor":2},{"not_picked":["Guardian:WalkerClaw","Guardian:TemporalShield"],"picked":"Guardian:Gem_Green","floor":3},{"not_picked":["Guardian:Gem_Green","Guardian:Gem_Yellow"],"picked":"Guardian:ShieldCharger","floor":7},{"not_picked":["Guardian:Gem_Green","Guardian:Gem_Cyan"],"picked":"Guardian:EvasiveProtocol","floor":10},{"not_picked":["Guardian:SentryBeam","Guardian:BronzeArmor"],"picked":"Guardian:FloatingOrbs","floor":11},{"not_picked":["Guardian:ShieldCharger","Guardian:Gem_Cyan"],"picked":"Guardian:Recover","floor":13},{"not_picked":["Guardian:ShieldCharger+1","Guardian:Clone+1"],"picked":"Guardian:Gem_White","floor":16},{"not_picked":["Guardian:AncientConstruct","Guardian:Gem_Green"],"picked":"Guardian:WalkerClaw","floor":17}],"player_experience":358681,"relics_obtained":[{"floor":2,"key":"Pet Ghost"},{"floor":9,"key":"aspiration:StickyExplosives_weak"},{"floor":11,"key":"Kunai"}],"event_choices":[],"is_beta":false,"boss_relics":[],"items_purged_floors":[],"is_endless":false,"potions_floor_spawned":[2,10,11],"killed_by":"downfall:Defect","ascension_level":2}}