{"host":"kiah4uoohy01p0hv","time":1608557032,"event":{"mods":["BaseMod","Colored Map","Colored Powertips","Conspire","Highlight Path","Hubris","Minty Spire (QoL Compilation)","Permanent Neow","Replay The Spire","Spikes Relics","StSLib"],"gold_per_floor":[119,137,155,7,23,23,38,38,65,65,91,91,16,28,28,28,28],"floor_reached":16,"playtime":1660,"items_purged":["Amnesia"],"score":102,"play_id":"8b8885ea-110f-49ef-a088-38ee152dbe09","local_time":"20201221232352","is_ascension_mode":false,"campfire_choices":[{"data":"Pray","floor":6,"key":"SMITH"},{"data":"Eruption","floor":8,"key":"SMITH"},{"data":"ReachHeaven","floor":10,"key":"SMITH"},{"floor":15,"key":"DIG"}],"circlet_count":0,"master_deck":["Strike_P","Strike_P","Strike_P","Defend_P","Defend_P","Defend_P","Defend_P","Eruption+1","Vigilance","FlurryOfBlows","FollowUp","Pray+1","ReachHeaven+1","CutThroughFate","JustLucky","Replay:Vibes"],"relics":["PureWater","SnailShell","Strawberry","Tiny Chest","Ring of Searing","Ring of Fangs","Replay:Ringing Soul"],"acts_visited":["Exordium"],"potions_floor_usage":[5,16,16],"damage_taken":[{"damage":0,"enemies":"Cultist","floor":1,"turns":2},{"damage":0,"enemies":"2 Louse","floor":2,"turns":3},{"damage":0,"enemies":"Jaw Worm","floor":3,"turns":3},{"damage":0,"enemies":"Large Slime","floor":5,"turns":4},{"damage":5,"enemies":"Looter","floor":7,"turns":2},{"damage":8,"enemies":"Gremlin Nob","floor":11,"turns":3},{"damage":15,"enemies":"3 Louse","floor":14,"turns":3},{"damage":60,"enemies":"The Guardian","floor":16,"turns":5}],"seed_played":"-5223785564071644211","potions_obtained":[{"floor":2,"key":"Venom Potion"},{"floor":3,"key":"Block Potion"},{"floor":14,"key":"Flashbang"}],"is_trial":false,"path_per_floor":["M","M","M","$","M","R","M","R","T","R","E","?","$","M","R_BF","B"],"character_chosen":"WATCHER","items_purchased":["SnailShell"],"campfire_rested":0,"item_purchase_floors":[4],"current_hp_per_floor":[72,72,72,72,72,72,67,67,74,74,66,66,66,51,51,0,0],"gold":28,"neow_bonus":"RANDOM_EVENT","is_daily":false,"chose_seed":false,"campfire_upgraded":3,"win_rate":0.0,"timestamp":1608557032,"path_taken":["M","M","?","$","?","R","M","R","T","R","E","?","$","M","R_BF","BOSS"],"items_purchased_type":["Relic"],"build_version":"2020-12-13","purchased_purges":1,"victory":false,"max_hp_per_floor":[72,72,72,72,72,72,72,72,79,79,79,79,79,79,79,79,79],"card_choices":[{"not_picked":["Halt","Consecrate"],"picked":"FollowUp","floor":1},{"not_picked":["WreathOfFlame","Tantrum"],"picked":"Pray","floor":2},{"not_picked":["JustLucky","Weave"],"picked":"ReachHeaven","floor":3},{"not_picked":["Crescendo","Weave"],"picked":"CutThroughFate","floor":5},{"not_picked":["Vengeance","Fasting2"],"picked":"JustLucky","floor":7},{"not_picked":["Replay:BluntJabs","Weave"],"picked":"Replay:Vibes","floor":11},{"not_picked":["Replay:Anticipation","BattleHymn","Protect"],"picked":"SKIP","floor":14}],"player_experience":194218,"relics_obtained":[{"floor":9,"key":"Strawberry"},{"floor":11,"key":"Tiny Chest"},{"floor":12,"key":"Ring of Searing"},{"floor":12,"key":"Ring of Fangs"},{"floor":15,"key":"Replay:Ringing Soul"}],"event_choices":[{"damage_healed":0,"gold_gain":0,"cards_transformed":["Strike_P"],"player_choice":"Change","damage_taken":0,"max_hp_gain":0,"max_hp_loss":0,"event_name":"Living Wall","floor":0,"gold_loss":0,"cards_obtained":["FlurryOfBlows"]}],"is_beta":false,"boss_relics":[],"items_purged_floors":[13],"is_endless":false,"potions_floor_spawned":[2,3,5,14],"killed_by":"The Guardian","ascension_level":0}}