{"host":"0hb9w7uizu7y13wj","time":1608571427,"event":{"mods":["Act Like it!","Aspiration","BaseMod","BetterRewards","Colored Map","Conspire","Downfall","Energized Spire","FTL Soundtrack","Friendly Minions","Halation","Hubris","Infinite Spire","Minty Spire (QoL Compilation)","Quick Restart","Replay The Spire","StSLib","Synergy Search","The Factory","The Hierophant","The Jungle","The Poker Player","Trackpad","everything is the same but u backflip on backflip","vexMod"],"gold_per_floor":[117,134,152,152,152,152,184,184,184,210,220,238,255,255,255,327,327,343,343,343,108,81,81,81],"floor_reached":23,"playtime":910,"items_purged":["Strike_G"],"score":452,"play_id":"f53cceda-e4ad-424c-b7b9-980749cecb54","local_time":"20201221172347","is_ascension_mode":true,"campfire_choices":[{"floor":6.0,"key":"REST"},{"floor":8.0,"key":"REST"},{"floor":15.0,"key":"REST"}],"circlet_count":0,"master_deck":["AscendersBane","Strike_G","Strike_G","Strike_G","Defend_G","Defend_G","Defend_G","Defend_G","Defend_G","Survivor","Neutralize+1","Skewer+1","Caltrops","Dagger Spray","infinitespire:Neurotoxin","Bane","Die Die Die","Poisoned Stab","Footwork","hubris:DuctTapeCard","Caltrops+1"],"relics":["Ring of the Snake","vexMod:InvisibilityCloak","Durian","infinitespire:Broken Mirror","vexMod:RetaliationKit","hubris:DuctTape","vexMod:TanglingVine","halation:LettersToHer"],"acts_visited":["Exordium","TheCity"],"potions_floor_usage":[22],"damage_taken":[{"damage":0.0,"enemies":"Cultist","floor":1.0,"turns":4.0},{"damage":0.0,"enemies":"Small Slimes","floor":2.0,"turns":3.0},{"damage":6.0,"enemies":"Jaw Worm","floor":3.0,"turns":4.0},{"damage":22.0,"enemies":"3 Sentries","floor":7.0,"turns":9.0},{"damage":29.0,"enemies":"Gremlin Nob","floor":10.0,"turns":5.0},{"damage":0.0,"enemies":"Gremlin Gang","floor":11.0,"turns":2.0},{"damage":2.0,"enemies":"Large Slime","floor":12.0,"turns":7.0},{"damage":8.0,"enemies":"Exordium Wildlife","floor":13.0,"turns":3.0},{"damage":3.0,"enemies":"The Guardian","floor":16.0,"turns":11.0},{"damage":17.0,"enemies":"conspire:FuzzyDice","floor":18.0,"turns":7.0},{"damage":7,"enemies":"2 Thieves","floor":22,"turns":4},{"damage":0,"enemies":"Gremlin Leader","floor":23,"turns":4}],"seed_played":"-6390648756351160298","potions_obtained":[{"floor":1.0,"key":"Languid Potion"},{"floor":5.0,"key":"DuplicationPotion"},{"floor":5.0,"key":"LiquidMemories"},{"floor":7.0,"key":"Doom Potion"},{"floor":10.0,"key":"AttackPotion"},{"floor":13.0,"key":"Block Potion"},{"floor":18.0,"key":"Fire Potion"}],"is_trial":false,"path_per_floor":["M","M","M","?","?","R","E","R","T","E","M","M","M","?","R","B",null,"M","?","?","$","M","E"],"character_chosen":"THE_SILENT","items_purchased":["vexMod:InvisibilityCloak","Durian","Skewer+1","Caltrops","Footwork","halation:LettersToHer"],"campfire_rested":3,"item_purchase_floors":[0,0,0,0,21,21],"current_hp_per_floor":[33,33,27,27,27,48,26,47,47,18,18,16,8,8,29,26,60,43,43,23,23,16,16,16],"gold":81,"neow_bonus":"","is_daily":false,"chose_seed":false,"campfire_upgraded":0,"win_rate":0.0,"timestamp":1608571427,"path_taken":["M","?","M","?","?","R","E","R","T","E","?","M","M","?","R","BOSS","M","?","?","?","?","E"],"items_purchased_type":["Relic","Relic","Card","Card","Card","Relic"],"build_version":"2020-12-13","purchased_purges":1,"victory":false,"max_hp_per_floor":[71,71,71,71,71,71,71,71,71,71,71,71,71,71,71,71,71,71,71,76,76,76,76,76],"card_choices":[{"not_picked":["Deflect","Acrobatics","Dagger Spray"],"picked":"SKIP","floor":1.0},{"not_picked":["Deflect","Acrobatics"],"picked":"Dagger Spray","floor":1.0},{"not_picked":["Setup","PiercingWail","Calculated Gamble"],"picked":"SKIP","floor":2.0},{"not_picked":["Flying Knee","Sneak Up"],"picked":"Poisoned Stab","floor":3.0},{"not_picked":["Prepared","Deflect","Dagger Throw"],"picked":"SKIP","floor":7.0},{"not_picked":["Dagger Throw","Poisoned Stab"],"picked":"infinitespire:Neurotoxin","floor":10.0},{"not_picked":["hubris:Counter","Sucker Punch","Accuracy"],"picked":"SKIP","floor":11.0},{"not_picked":["Underhanded Strike","Sucker Punch","Hidden Blade"],"picked":"SKIP","floor":12.0},{"not_picked":["Blade Dance","conspire:PoisonWeapons"],"picked":"Bane","floor":13.0},{"not_picked":["ReplayTheSpireMod:From All Sides","Unload"],"picked":"Die Die Die","floor":16.0},{"not_picked":["hubris:SlightOfHand+1","Acrobatics"],"picked":"Poisoned Stab","floor":18.0},{"not_picked":["Blade Dance","Prepared+1"],"picked":"Caltrops+1","floor":22}],"player_experience":897882,"relics_obtained":[{"floor":7.0,"key":"infinitespire:Broken Mirror"},{"floor":9.0,"key":"vexMod:RetaliationKit"},{"floor":10.0,"key":"hubris:DuctTape"}],"event_choices":[{"damage_healed":0.0,"max_hp_gain":0.0,"max_hp_loss":0.0,"gold_gain":0.0,"event_name":"Lab","player_choice":"Got Potions","floor":5.0,"gold_loss":0.0,"damage_taken":0.0},{"damage_healed":0.0,"max_hp_gain":5.0,"max_hp_loss":0.0,"gold_gain":0.0,"event_name":"Forgotten Altar","player_choice":"Shed Blood","floor":20.0,"gold_loss":0.0,"damage_taken":25.0}],"is_beta":false,"boss_relics":[{"not_picked":["halation:Prosthetics","hubris:BlackHole"],"picked":"vexMod:TanglingVine"}],"items_purged_floors":[0],"is_endless":false,"potions_floor_spawned":[1,7,10,13,18],"killed_by":"Gremlin Leader","ascension_level":20}}