{"host":"hfxp6ue4pvwo3fit","time":1608541480,"event":{"mods":["AchievementEnabler","BaseMod","Colored Map","Colored Powertips","Highlight Path","Minty Spire (QoL Compilation)","StSLib","SuperFastMode"],"gold_per_floor":[116,116,41,41,41,41,68,68,143,143,157,187,198,224,224,297,297,308,320,320,320,320,320,372,405,474,474,486,499,499,395,395,472,472,486,499,311,311,311,337,30,30,30,30,49,49,49,73,73,73,73],"floor_reached":52,"playtime":1754,"items_purged":["Strike_G+1","Strike_G+1"],"score":2024,"play_id":"c5f790f6-39ad-41c7-8da9-db3012738b90","local_time":"20201221030440","is_ascension_mode":true,"campfire_choices":[{"data":"Bouncing Flask","floor":6,"key":"SMITH"},{"data":"Cloak And Dagger","floor":8,"key":"SMITH"},{"data":"Neutralize","floor":10,"key":"SMITH"},{"data":"Night Terror","floor":15,"key":"SMITH"},{"data":"Corpse Explosion","floor":23,"key":"SMITH"},{"floor":27,"key":"REST"},{"floor":30,"key":"REST"},{"data":"Catalyst","floor":32,"key":"SMITH"},{"data":"Noxious Fumes","floor":42,"key":"SMITH"},{"floor":46,"key":"REST"},{"data":"Well Laid Plans","floor":49,"key":"SMITH"}],"circlet_count":0,"master_deck":["AscendersBane","Strike_G+1","Strike_G+1","Defend_G+1","Defend_G+1","Defend_G+1","Defend_G+1","Defend_G+1","Survivor","Neutralize+1","Cloak And Dagger+1","Bouncing Flask+1","Dagger Throw","Backflip","Deadly Poison","Night Terror+1","Deadly Poison","Corpse Explosion+1","PiercingWail","Well Laid Plans+1","Die Die Die+1","Catalyst+1","Dash+1","PiercingWail","Poisoned Stab+1","Leg Sweep","Noxious Fumes+1","Poisoned Stab+1","Backflip+1"],"relics":["Ring of the Snake","NeowsBlessing","Oddly Smooth Stone","Mummified Hand","Tiny Chest","Centennial Puzzle","Philosopher\u0027s Stone","Happy Flower","Dream Catcher","Molten Egg 2","Snecko Eye","Bag of Preparation","Pantograph","Potion Belt","Gremlin Horn","Letter Opener","Toy Ornithopter"],"acts_visited":["Exordium","TheCity","TheBeyond"],"potions_floor_usage":[16,21,29,50,51,51],"damage_taken":[{"damage":0,"enemies":"Jaw Worm","floor":1,"turns":1},{"damage":0,"enemies":"Gremlin Nob","floor":7,"turns":1},{"damage":0,"enemies":"Cultist","floor":11,"turns":1},{"damage":17,"enemies":"3 Sentries","floor":12,"turns":10},{"damage":0,"enemies":"Small Slimes","floor":13,"turns":3},{"damage":5,"enemies":"Lagavulin","floor":14,"turns":7},{"damage":17,"enemies":"The Guardian","floor":16,"turns":9},{"damage":8,"enemies":"Chosen","floor":18,"turns":5},{"damage":6,"enemies":"3 Byrds","floor":19,"turns":3},{"damage":4,"enemies":"Centurion and Healer","floor":21,"turns":5},{"damage":20,"enemies":"Gremlin Leader","floor":25,"turns":8},{"damage":19,"enemies":"Sentry and Sphere","floor":28,"turns":5},{"damage":5,"enemies":"Snecko","floor":29,"turns":4},{"damage":0,"enemies":"Champ","floor":33,"turns":4},{"damage":0,"enemies":"3 Shapes","floor":35,"turns":2},{"damage":2,"enemies":"Orb Walker","floor":36,"turns":4},{"damage":0,"enemies":"Giant Head","floor":40,"turns":4},{"damage":8,"enemies":"Maw","floor":45,"turns":4},{"damage":24,"enemies":"Donu and Deca","floor":50,"turns":4},{"damage":43,"enemies":"Awakened One","floor":51,"turns":11}],"seed_played":"-5751702726942474078","potions_obtained":[{"floor":1,"key":"DuplicationPotion"},{"floor":7,"key":"SpeedPotion"},{"floor":11,"key":"SmokeBomb"},{"floor":25,"key":"DuplicationPotion"},{"floor":28,"key":"DistilledChaos"},{"floor":29,"key":"SpeedPotion"},{"floor":33,"key":"SmokeBomb"},{"floor":45,"key":"Energy Potion"}],"is_trial":false,"path_per_floor":["M","?","$","?","$","R","E","R","T","R","M","E","M","E","R","B",null,"M","M","?","M","?","R","T","E","T","R","M","M","R","$","R","B",null,"M","M","$","T","?","E","$","R","T","?","M","R","T","T","R","B","B",null],"character_chosen":"THE_SILENT","items_purchased":["Bouncing Flask","PiercingWail","Noxious Fumes","Potion Belt","Regen Potion","Weak Potion"],"campfire_rested":3,"item_purchase_floors":[3,31,37,41,41,41],"current_hp_per_floor":[59,59,59,59,59,59,59,59,59,59,59,42,42,37,37,20,55,47,41,41,37,37,37,37,17,17,36,17,12,31,31,31,31,57,57,55,55,55,55,55,55,55,55,55,47,63,63,63,63,39,45],"gold":73,"neow_bonus":"THREE_ENEMY_KILL","is_daily":false,"chose_seed":false,"campfire_upgraded":8,"win_rate":0.0,"timestamp":1608541480,"path_taken":["M","?","?","?","$","R","E","R","T","R","?","E","M","E","R","BOSS","M","M","?","M","?","R","?","E","T","R","M","M","R","$","R","BOSS","M","M","$","?","?","E","$","R","T","?","M","R","?","?","R","BOSS","BOSS"],"items_purchased_type":["Card","Card","Card","Relic","Potion","Potion"],"build_version":"2020-12-13","purchased_purges":2,"victory":true,"max_hp_per_floor":[66,66,66,66,66,66,66,66,66,66,66,66,66,66,66,66,66,66,66,66,66,66,66,66,66,66,66,66,66,66,66,66,66,66,66,66,66,66,66,66,66,66,66,63,63,63,63,63,63,63,63],"card_choices":[{"not_picked":["Escape Plan","Acrobatics"],"picked":"Cloak And Dagger","floor":1},{"not_picked":["Expertise","Reflex"],"picked":"Dagger Throw","floor":7},{"not_picked":["Outmaneuver","Cloak And Dagger"],"picked":"Backflip","floor":11},{"not_picked":["Dodge and Roll","Acrobatics"],"picked":"Deadly Poison","floor":12},{"not_picked":["Cloak And Dagger","Heel Hook"],"picked":"Night Terror","floor":13},{"not_picked":["Flying Knee","Unload"],"picked":"Deadly Poison","floor":14},{"not_picked":["Venomology","A Thousand Cuts"],"picked":"Corpse Explosion","floor":16},{"not_picked":["Deadly Poison","Blur"],"picked":"PiercingWail","floor":18},{"not_picked":["Outmaneuver","Dagger Throw"],"picked":"Cloak And Dagger","floor":19},{"not_picked":["Prepared","Flying Knee","Caltrops"],"picked":"SKIP","floor":25},{"not_picked":["Flying Knee+1","Terror"],"picked":"Well Laid Plans","floor":27},{"not_picked":["Distraction","Slice+1"],"picked":"Die Die Die+1","floor":28},{"not_picked":["Quick Slash+1","Outmaneuver"],"picked":"Catalyst","floor":29},{"not_picked":["Bouncing Flask","Underhanded Strike+1"],"picked":"Dash+1","floor":30},{"not_picked":["Prepared","Backstab+1"],"picked":"Poisoned Stab+1","floor":35},{"not_picked":["Outmaneuver","Cloak And Dagger"],"picked":"Leg Sweep","floor":36},{"not_picked":["Poisoned Stab+1","Backflip","Dagger Spray+1"],"picked":"SKIP","floor":40},{"not_picked":["Outmaneuver","Dagger Spray+1"],"picked":"Poisoned Stab+1","floor":45},{"not_picked":["PiercingWail","Dagger Spray+1"],"picked":"Backflip+1","floor":46}],"player_experience":405436,"relics_obtained":[{"floor":7,"key":"Mummified Hand"},{"floor":12,"key":"Tiny Chest"},{"floor":14,"key":"Centennial Puzzle"},{"floor":24,"key":"Happy Flower"},{"floor":25,"key":"Dream Catcher"},{"floor":26,"key":"Molten Egg 2"},{"floor":38,"key":"Bag of Preparation"},{"floor":40,"key":"Pantograph"},{"floor":43,"key":"Gremlin Horn"},{"floor":47,"key":"Letter Opener"},{"floor":48,"key":"Toy Ornithopter"}],"event_choices":[{"cards_removed":["Strike_G"],"damage_healed":0,"gold_gain":0,"player_choice":"Purged","damage_taken":0,"max_hp_gain":0,"max_hp_loss":0,"event_name":"Purifier","floor":2,"gold_loss":0},{"damage_healed":0,"gold_gain":0,"player_choice":"Gave Potion","damage_taken":0,"relics_obtained":["Oddly Smooth Stone"],"max_hp_gain":0,"max_hp_loss":0,"event_name":"WeMeetAgain","floor":4,"gold_loss":0},{"damage_healed":0,"gold_gain":0,"player_choice":"Ignored","damage_taken":0,"max_hp_gain":0,"max_hp_loss":0,"event_name":"Vampires","floor":20,"gold_loss":0},{"damage_healed":0,"gold_gain":0,"player_choice":"Simplicity","damage_taken":0,"max_hp_gain":0,"max_hp_loss":0,"event_name":"Back to Basics","floor":22,"gold_loss":0,"cards_upgraded":["Strike_G","Strike_G","Strike_G","Strike_G","Defend_G","Defend_G","Defend_G","Defend_G","Defend_G"]},{"cards_removed":["Cloak And Dagger"],"damage_healed":0,"gold_gain":0,"player_choice":"Removed Skill","damage_taken":0,"max_hp_gain":0,"max_hp_loss":0,"event_name":"Falling","floor":39,"gold_loss":0},{"damage_healed":0,"gold_gain":0,"player_choice":"Max HP","damage_taken":0,"max_hp_gain":0,"max_hp_loss":3,"event_name":"Winding Halls","floor":44,"gold_loss":0}],"is_beta":false,"boss_relics":[{"not_picked":["Fusion Hammer","SacredBark"],"picked":"Philosopher\u0027s Stone"},{"not_picked":["Coffee Dripper","Velvet Choker"],"picked":"Snecko Eye"}],"items_purged_floors":[31,37],"is_endless":false,"potions_floor_spawned":[1,7,11,25,28,29,33,35,45],"ascension_level":20}}