{"host":"q89ui3xtee35wkxq","time":1608556831,"event":{"mods":["Act Like it!","BaseMod","BetterRewards","Colored Map","Colored Powertips","Custom Start","Minty Spire (QoL Compilation)","Rare Cards Sparkle","Shop Mod","Swap Starting Deck Mod"],"gold_per_floor":[118,138,158,172,182,208,226,226,226,226,239,272,284,300,300,395,395,305,305],"floor_reached":18,"playtime":948,"items_purged":[],"score":309,"play_id":"c6e6b8e6-54ad-4b3d-aadc-79a067103c72","local_time":"20201221162031","is_ascension_mode":true,"campfire_choices":[{"data":"Prepared","floor":8,"key":"SMITH"},{"data":"Footwork","floor":10,"key":"SMITH"},{"data":"Flechettes","floor":15,"key":"SMITH"}],"circlet_count":0,"master_deck":["Predator","Flechettes+1","Flechettes","Flechettes","Escape Plan","Escape Plan","Escape Plan","Escape Plan","Setup","Leg Sweep","Prepared+1","Deflect","PiercingWail","Masterful Stab","Footwork+1","Underhanded Strike","After Image"],"relics":["Ring of the Snake","swapstartingdeckmod:Bellows","Smiling Mask","Pear","Juzu Bracelet","Black Star"],"acts_visited":["Exordium","TheCity"],"potions_floor_usage":[6,13,14,16,16],"damage_taken":[{"damage":0,"enemies":"2 Louse","floor":1,"turns":1},{"damage":6,"enemies":"Small Slimes","floor":2,"turns":2},{"damage":0,"enemies":"Cultist","floor":3,"turns":2},{"damage":0,"enemies":"Blue Slaver","floor":4,"turns":2},{"damage":20,"enemies":"Gremlin Gang","floor":5,"turns":4},{"damage":0,"enemies":"Gremlin Nob","floor":6,"turns":2},{"damage":5,"enemies":"2 Fungi Beasts","floor":7,"turns":2},{"damage":0,"enemies":"Blue Slaver","floor":11,"turns":2},{"damage":7,"enemies":"3 Sentries","floor":12,"turns":7},{"damage":0,"enemies":"Large Slime","floor":13,"turns":2},{"damage":1,"enemies":"3 Louse","floor":14,"turns":3},{"damage":16,"enemies":"The Guardian","floor":16,"turns":8},{"damage":76,"enemies":"2 Thieves","floor":18,"turns":3}],"seed_played":"-3309099848133452514","potions_obtained":[{"floor":2,"key":"Dexterity Potion"},{"floor":4,"key":"Swift Potion"},{"floor":7,"key":"LiquidBronze"},{"floor":11,"key":"AttackPotion"},{"floor":12,"key":"DistilledChaos"},{"floor":13,"key":"PowerPotion"}],"is_trial":false,"path_per_floor":["M","M","M","M","M","E","M","R","T","R","M","E","M","M","R","B",null,"M"],"character_chosen":"THE_SILENT","items_purchased":[],"campfire_rested":0,"item_purchase_floors":[],"current_hp_per_floor":[63,57,57,57,37,37,32,32,42,42,42,35,35,34,34,18,65,0,0],"gold":305,"neow_bonus":"","is_daily":false,"chose_seed":false,"campfire_upgraded":3,"win_rate":0.0,"timestamp":1608556831,"path_taken":["M","M","M","M","M","E","M","R","T","R","M","E","M","M","R","BOSS","M"],"items_purchased_type":[],"build_version":"2020-12-13","purchased_purges":0,"victory":false,"max_hp_per_floor":[70,70,70,70,70,70,70,70,80,80,80,80,80,80,80,80,80,80,80],"card_choices":[{"not_picked":["Flying Knee","Outmaneuver"],"picked":"Prepared","floor":1},{"not_picked":["Dagger Throw","Quick Slash"],"picked":"Deflect","floor":2},{"not_picked":["Blade Dance","Infinite Blades","Quick Slash"],"picked":"SKIP","floor":3},{"not_picked":["Deadly Poison","Distraction"],"picked":"PiercingWail","floor":4},{"not_picked":["Outmaneuver","Dodge and Roll","Bane"],"picked":"SKIP","floor":5},{"not_picked":["Outmaneuver","Unload"],"picked":"Masterful Stab","floor":6},{"not_picked":["Backflip","Dagger Spray"],"picked":"Footwork","floor":7},{"not_picked":["Blur","Expertise","Bane"],"picked":"SKIP","floor":11},{"not_picked":["Sucker Punch","Finisher","Skewer"],"picked":"SKIP","floor":12},{"not_picked":["Choke","Skewer"],"picked":"Underhanded Strike","floor":13},{"not_picked":["Acrobatics","Sucker Punch","Cloak And Dagger"],"picked":"SKIP","floor":14},{"not_picked":["Grand Finale","Phantasmal Killer"],"picked":"After Image","floor":16}],"player_experience":497765,"relics_obtained":[{"floor":6,"key":"Smiling Mask"},{"floor":9,"key":"Pear"},{"floor":12,"key":"Juzu Bracelet"}],"event_choices":[],"is_beta":false,"boss_relics":[{"not_picked":["Coffee Dripper","Ring of the Serpent"],"picked":"Black Star"}],"items_purged_floors":[],"is_endless":false,"potions_floor_spawned":[2,4,7,11,12,13],"killed_by":"2 Thieves","ascension_level":8}}