{"host":"qwttrqaysb380yri","time":1608566682,"event":{"mods":["BaseMod","Custom Start","Minty Spire (QoL Compilation)","Permanent Neow","Puzzle Mod","Relic Stats","StSLib","The Cursed","The Hierophant"],"gold_per_floor":[99,109,109,59,76,93,93,93,116,131,142,152,170,187,187,228,228,241,2,2,18,29,60,60,7,7,36,36,43,43,64,64,124,124],"floor_reached":33,"playtime":967,"items_purged":[],"score":642,"play_id":"2092d024-04f9-4525-9dfe-956680380ccb","local_time":"20201221170442","is_ascension_mode":true,"campfire_choices":[{"floor":7,"key":"REST"},{"floor":15,"key":"REST"},{"data":"hierophant:ChurchCoffers","floor":28,"key":"SMITH"},{"data":"hierophant:Kindle","floor":30,"key":"SMITH"},{"floor":32,"key":"REST"}],"circlet_count":0,"master_deck":["AscendersBane","hierophant:Strike_Hierophant","hierophant:Strike_Hierophant","hierophant:Strike_Hierophant","hierophant:Strike_Hierophant","hierophant:Punish","hierophant:Defend_Hierophant","hierophant:Defend_Hierophant","hierophant:Defend_Hierophant","hierophant:Defend_Hierophant","hierophant:ChurchCoffers+1","hierophant:Bribe","hierophant:FieryStrike","hierophant:SealAway","hierophant:DisplayOfPower","hierophant:DisplayOfPower","hierophant:SolarFlare","hierophant:Kindle","hierophant:SolarFlare","hierophant:HolyVerse","hierophant:Kindle+1","hierophant:Embezzle","hierophant:MorningPrayer","hierophant:OrnateBuckler","hierophant:Shelter","hierophant:Embezzle","hierophant:ThreeLashes"],"relics":["hierophant:PropheticMaskRelic","TungstenRod","CaptainsWheel","MealTicket","Vajra","Pen Nib","Sozu","HornCleat","Potion Belt","Sundial","Tiny Chest"],"acts_visited":["Exordium","TheCity"],"potions_floor_usage":[6,6,11,27],"damage_taken":[{"damage":6,"enemies":"Cultist","floor":1,"turns":3},{"damage":7,"enemies":"Jaw Worm","floor":2,"turns":3},{"damage":7,"enemies":"2 Louse","floor":5,"turns":2},{"damage":18,"enemies":"Gremlin Gang","floor":6,"turns":3},{"damage":13,"enemies":"Exordium Wildlife","floor":10,"turns":4},{"damage":11,"enemies":"Lagavulin","floor":11,"turns":5},{"damage":0,"enemies":"Large Slime","floor":12,"turns":3},{"damage":10,"enemies":"Looter","floor":13,"turns":3},{"damage":0,"enemies":"Gremlin Nob","floor":14,"turns":2},{"damage":8,"enemies":"The Guardian","floor":16,"turns":7},{"damage":4,"enemies":"Chosen","floor":18,"turns":4},{"damage":3,"enemies":"Spheric Guardian","floor":21,"turns":4},{"damage":3,"enemies":"Snecko","floor":22,"turns":3},{"damage":27,"enemies":"Slavers","floor":23,"turns":5},{"damage":12,"enemies":"Book of Stabbing","floor":27,"turns":5},{"damage":20,"enemies":"Slavers","floor":29,"turns":5},{"damage":0,"enemies":"Cultist and Chosen","floor":31,"turns":3},{"damage":13,"enemies":"Automaton","floor":33,"turns":6}],"seed_played":"-8219386038150347944","potions_obtained":[{"floor":2,"key":"BlessingOfTheForge"},{"floor":10,"key":"Regen Potion"},{"floor":12,"key":"Weak Potion"},{"floor":16,"key":"FearPotion"}],"is_trial":false,"path_per_floor":["M","M","?","$","M","M","R","T","T","M","E","M","M","E","R","B",null,"M","$","?","M","M","E","?","$","T","E","R","E","R","M","R","B"],"character_chosen":"HIEROPHANT","items_purchased":["Fire Potion","HornCleat","hierophant:ThreeLashes"],"campfire_rested":3,"item_purchase_floors":[4,19,25],"current_hp_per_floor":[62,55,37,37,30,12,34,34,34,21,24,24,14,14,36,28,63,59,74,74,71,68,41,41,56,56,44,44,24,24,24,46,33,33],"gold":124,"neow_bonus":"THREE_CARDS","is_daily":false,"chose_seed":false,"campfire_upgraded":2,"win_rate":0.0,"timestamp":1608566682,"path_taken":["M","M","?","$","M","M","R","?","T","M","E","M","M","E","R","BOSS","M","$","?","M","M","E","?","$","T","E","R","E","R","M","R","BOSS"],"items_purchased_type":["Potion","Relic","Card"],"build_version":"2020-12-13","purchased_purges":0,"victory":false,"max_hp_per_floor":[75,75,75,75,75,75,75,75,75,75,75,75,75,75,75,75,75,75,75,75,75,75,75,75,75,75,75,75,75,75,75,75,75,75],"relic_stats":{"Sozu":3,"counters":[18,70],"Sundial":[0],"MealTicket":30,"Tiny Chest":0,"Pen Nib":[6],"obtain_stats":[{"Sozu":17,"Potion Belt":23,"CaptainsWheel":8,"HornCleat":19,"Sundial":26,"hierophant:PropheticMaskRelic":0,"Vajra":11,"MealTicket":9,"Tiny Chest":27,"Pen Nib":14,"TungstenRod":3},{"Sozu":10,"Potion Belt":14,"CaptainsWheel":4,"HornCleat":11,"Sundial":14,"hierophant:PropheticMaskRelic":0,"Vajra":6,"MealTicket":4,"Tiny Chest":15,"Pen Nib":9,"TungstenRod":2},{"Sozu":35,"Potion Belt":51,"CaptainsWheel":11,"HornCleat":39,"Sundial":51,"hierophant:PropheticMaskRelic":0,"Vajra":20,"MealTicket":11,"Tiny Chest":56,"Pen Nib":28,"TungstenRod":6}],"TungstenRod":36},"card_choices":[{"not_picked":["hierophant:FieryStrike","hierophant:Doubloon"],"picked":"hierophant:Bribe","floor":0},{"not_picked":["hierophant:Doubloon","hierophant:RecallFunds"],"picked":"hierophant:FieryStrike","floor":1},{"not_picked":["hierophant:HammerAndAnvil","hierophant:FieryStrike"],"picked":"hierophant:SealAway","floor":2},{"not_picked":["hierophant:CursedGold","hierophant:Dazzle"],"picked":"hierophant:DisplayOfPower","floor":5},{"not_picked":["hierophant:SealAway","hierophant:Encroach"],"picked":"hierophant:DisplayOfPower","floor":6},{"not_picked":["hierophant:Smite","hierophant:Purify"],"picked":"hierophant:SolarFlare","floor":10},{"not_picked":["hierophant:SealAway","hierophant:Glossolalia"],"picked":"hierophant:Kindle","floor":11},{"not_picked":["hierophant:Smite","hierophant:Upheaval"],"picked":"hierophant:SolarFlare","floor":12},{"not_picked":["hierophant:Smite","hierophant:AuricBeam"],"picked":"hierophant:HolyVerse","floor":13},{"not_picked":["hierophant:Sermon","hierophant:SealAway","hierophant:RustyCrate"],"picked":"SKIP","floor":14},{"not_picked":["hierophant:DeathKnell","hierophant:WrathOfGod"],"picked":"hierophant:Kindle","floor":16},{"not_picked":["hierophant:Prophecy","hierophant:Refuge"],"picked":"hierophant:Embezzle","floor":18},{"not_picked":["hierophant:Zeal","hierophant:HolyVerse+1"],"picked":"hierophant:MorningPrayer","floor":21},{"not_picked":["hierophant:SealAway","hierophant:Anathema"],"picked":"hierophant:OrnateBuckler","floor":22},{"not_picked":["hierophant:DisplayOfPower","hierophant:FaithHealing"],"picked":"hierophant:Shelter","floor":23},{"not_picked":["hierophant:Zeal","hierophant:ThreeLashes","hierophant:FlamingChariot"],"picked":"SKIP","floor":27},{"not_picked":["hierophant:MorningPrayer","hierophant:FlamingChariot","hierophant:FaithHealing"],"picked":"SKIP","floor":29},{"not_picked":["hierophant:Invocation","hierophant:PristineSoul","hierophant:HammerAndAnvil+1"],"picked":"SKIP","floor":31}],"player_experience":1922020,"relics_obtained":[{"floor":8,"key":"CaptainsWheel"},{"floor":9,"key":"MealTicket"},{"floor":11,"key":"Vajra"},{"floor":14,"key":"Pen Nib"},{"floor":23,"key":"Potion Belt"},{"floor":26,"key":"Sundial"},{"floor":27,"key":"Tiny Chest"}],"event_choices":[{"damage_healed":0,"gold_gain":0,"player_choice":"Success","damage_taken":18,"relics_obtained":["TungstenRod"],"max_hp_gain":0,"max_hp_loss":0,"event_name":"Scrap Ooze","floor":3,"gold_loss":0},{"damage_healed":0,"gold_gain":0,"player_choice":"Ignored","damage_taken":0,"max_hp_gain":0,"max_hp_loss":0,"event_name":"Vampires","floor":20,"gold_loss":0},{"damage_healed":0,"gold_gain":0,"player_choice":"Copied","damage_taken":0,"max_hp_gain":0,"max_hp_loss":0,"event_name":"Duplicator","floor":24,"gold_loss":0,"cards_obtained":["hierophant:Embezzle"]}],"is_beta":false,"boss_relics":[{"not_picked":["Black Star","Fusion Hammer"],"picked":"Sozu"}],"items_purged_floors":[],"is_endless":false,"potions_floor_spawned":[2,5,10,12,16,18,21,31],"killed_by":"Automaton","ascension_level":15}}