{"host":"cmxkjr0hek4mqvmn","time":1608517274,"event":{"mods":["BaseMod","Beaked The Cultist","Better Match","Better Skull","Better Third Choice","BetterRewards","Clawfect","Colored Map","Displayed Cursed Tome","Duelist Mod","GifTheSpireLib","Hermit","Hubris","JesterMod","Mimic Mod","Minty Spire (QoL Compilation)","Quick Restart","Robot Space Explorer","StSLib","The Bladedancer","The Blue Laboratory","The Cursed","Thieving Mod","Waifu the Spire"],"gold_per_floor":[118,131,150,164,164,164,164,190,229,240,257,257,257,272,272,369,369,388,400,400,416,426,446,446,446,481,491,506,536,554,589,589,691,741,761,776,716,732,751,751,763,774,774,798,798,823,255,279,279,279,279],"floor_reached":50,"playtime":3728,"items_purged":["Regret"],"score":553,"play_id":"86b98176-2ce8-4b49-8bc3-e879b93d3f71","local_time":"20201220212114","is_ascension_mode":false,"campfire_choices":[{"data":"Coolheaded","floor":6.0,"key":"SMITH"},{"data":"Chill","floor":12.0,"key":"SMITH"},{"floor":15.0,"key":"RECALL"},{"floor":24.0,"key":"DIG"},{"floor":32.0,"key":"REST"},{"floor":40.0,"key":"REST"},{"floor":49,"key":"REST"}],"circlet_count":0,"master_deck":["Gash","Gash","Gash","Gash","Gash","Defend_B","Defend_B","Defend_B","Defend_B+1","Skim","Coolheaded+1","Clawfect:ClawAndGloom","Clawfect:ClawAndTear","Chill+1","Madness+1","Clawfect:ClawLightning","Clawfect:ClawForTheEyes","Apotheosis+1","Clawfect:ClawingBeam","Buffer","Stack+1","Clawfect:ClawLightning","Clawfect:ClawLightning+1","Clawfect:Clawrage+1","Clawfect:ClawingBeam","Clawfect:Clawrage+1","Redo","Electrodynamics","Clawfect:ClawpileDriver+1","Clawfect:ScrapingClaw+1","Electrodynamics","Madness+1","Clawfect:ClawpileDriver+1","Gash+1","hubris:SpecializedCircuitry","Leap","Tempest+1","Blizzard+1","Parasite","Clawfect:ClawingBeam+1","Conserve Battery","Clawfect:ClawSnap+1","Static Discharge+1","Mind Blast+1","Clawfect:ClawForTheEyes+1","Clawfect:Clawter+1","Mayhem","Chill","Defragment","Rebound+1"],"relics":["Clawfect:DRClaw","Boot","hubris:Towel","Shovel","Strawberry","DataDisk","Bag of Preparation","Sozu","Orichalcum","Matryoshka","Cables","Symbiotic Virus","Molten Egg 2","hubris:SphereOfDissonance","Red Mask","PreservedInsect","Tiny House","CeramicFish","hubris:RGBLights","Membership Card","Letter Opener","Centennial Puzzle"],"acts_visited":["Exordium","TheCity","TheBeyond"],"potions_floor_usage":[],"damage_taken":[{"damage":5.0,"enemies":"Jaw Worm","floor":1.0,"turns":4.0},{"damage":0.0,"enemies":"Small Slimes","floor":2.0,"turns":4.0},{"damage":0.0,"enemies":"Cultist","floor":3.0,"turns":3.0},{"damage":0.0,"enemies":"Exordium Thugs","floor":4.0,"turns":4.0},{"damage":15.0,"enemies":"3 Sentries","floor":8.0,"turns":7.0},{"damage":5.0,"enemies":"3 Louse","floor":9.0,"turns":5.0},{"damage":6.0,"enemies":"3 Louse","floor":10.0,"turns":3.0},{"damage":3.0,"enemies":"2 Fungi Beasts","floor":11.0,"turns":3.0},{"damage":3.0,"enemies":"Red Slaver","floor":14.0,"turns":4.0},{"damage":25.0,"enemies":"Hexaghost","floor":16.0,"turns":5.0},{"damage":2.0,"enemies":"Shell Parasite","floor":18.0,"turns":4.0},{"damage":6.0,"enemies":"3 Byrds","floor":19.0,"turns":4.0},{"damage":1.0,"enemies":"Cultist and Chosen","floor":21.0,"turns":4.0},{"damage":8.0,"enemies":"Shelled Parasite and Fungi","floor":22.0,"turns":4.0},{"damage":7.0,"enemies":"Centurion and Healer","floor":23.0,"turns":4.0},{"damage":3.0,"enemies":"3 Cultists","floor":26.0,"turns":5.0},{"damage":1.0,"enemies":"3 Cultists","floor":27.0,"turns":3.0},{"damage":9.0,"enemies":"Snecko","floor":28.0,"turns":4.0},{"damage":0.0,"enemies":"Masked Bandits","floor":29.0,"turns":2.0},{"damage":10.0,"enemies":"Shelled Parasite and Fungi","floor":30.0,"turns":3.0},{"damage":5.0,"enemies":"Slavers","floor":31.0,"turns":3.0},{"damage":21.0,"enemies":"hubris:MusketHawk","floor":33.0,"turns":4.0},{"damage":9.0,"enemies":"Orb Walker","floor":35.0,"turns":3.0},{"damage":8.0,"enemies":"3 Shapes","floor":36.0,"turns":3.0},{"damage":0.0,"enemies":"Jaw Worm Horde","floor":38.0,"turns":3.0},{"damage":35.0,"enemies":"4 Shapes","floor":39.0,"turns":4.0},{"damage":4,"enemies":"Writhing Mass","floor":41,"turns":3},{"damage":19,"enemies":"Maw","floor":42,"turns":5},{"damage":0,"enemies":"4 Shapes","floor":44,"turns":4},{"damage":15,"enemies":"Writhing Mass","floor":46,"turns":5},{"damage":3,"enemies":"Sphere and 2 Shapes","floor":48,"turns":3},{"damage":46,"enemies":"Time Eater","floor":50,"turns":5}],"seed_played":"-2344839280392339954","potions_obtained":[{"floor":1.0,"key":"blueLaboratory:FrostheartPotion"},{"floor":2.0,"key":"blueLaboratory:LouseDecoction"},{"floor":8.0,"key":"blueLaboratory:EnragingPotion"},{"floor":16.0,"key":"FearPotion"}],"is_trial":false,"path_per_floor":["M","M","M","M","?","R","?","E","MIM","M","M","R","?","M","R","B",null,"M","M","?","M","M","M","R","T","MIM","M","M","?","M","E","R","B",null,"M","M","?","M","M","R","M","M","T","M","?","M","$","M","R","B"],"character_chosen":"DEFECT","items_purchased":["Membership Card","Letter Opener","Centennial Puzzle","Mind Blast+1","Clawfect:ClawForTheEyes+1","Clawfect:Clawter+1","Mayhem","Chill","Defragment"],"campfire_rested":3,"item_purchase_floors":[47,47,47,47,47,47,47,47,47],"current_hp_per_floor":[70,70,70,70,70,70,70,62,57,51,48,48,48,45,45,20,82,80,74,74,73,65,58,58,58,55,54,45,45,35,30,54,33,87,78,70,70,70,35,61,57,38,38,38,38,23,23,20,46,0,0],"gold":279,"neow_bonus":"RANDOM_COMMON_RELIC","is_daily":false,"chose_seed":false,"campfire_upgraded":2,"win_rate":0.0,"timestamp":1608517274,"path_taken":["M","M","M","M","?","R","?","E","MIM","M","M","R","?","M","R","BOSS","M","M","?","M","?","M","R","?","MIM","M","M","?","M","E","R","BOSS","M","M","?","M","M","R","?","M","T","M","?","M","$","M","R","BOSS"],"items_purchased_type":["Relic","Relic","Relic","Card","Card","Card","Card","Card","Card"],"build_version":"2020-12-13","purchased_purges":1,"victory":false,"max_hp_per_floor":[75,75,75,75,75,75,75,82,82,82,82,82,82,82,82,82,82,82,82,82,82,82,82,82,82,82,82,82,82,82,82,82,82,87,87,87,87,87,87,87,87,87,87,87,87,87,87,87,87,87,87],"card_choices":[{"not_picked":["Clawfect:ClawCell","Gash"],"picked":"Skim","floor":1.0},{"not_picked":["Rebound","Clawfect:Clawrage"],"picked":"Coolheaded","floor":2.0},{"not_picked":["Fusion","Clawfect:ClawForTheEyes"],"picked":"Clawfect:ClawAndGloom","floor":3.0},{"not_picked":["Clawfect:ClawpileDriver","Steam"],"picked":"Clawfect:ClawAndTear","floor":4.0},{"not_picked":["Multi-Cast","Clawfect:ClawCell"],"picked":"Chill","floor":8.0},{"not_picked":["Defragment","Leap"],"picked":"FTL","floor":9.0},{"not_picked":["FTL","Clawfect:ScrapingClaw"],"picked":"Clawfect:ClawLightning","floor":10.0},{"not_picked":["Hologram","Reinforced Body"],"picked":"Clawfect:ClawForTheEyes","floor":11.0},{"not_picked":["Coolheaded","Steam"],"picked":"Clawfect:ClawingBeam","floor":14.0},{"not_picked":["hubris:DoWhile","Creative AI"],"picked":"Buffer","floor":16.0},{"not_picked":["Coolheaded","Clawfect:ClawForTheEyes"],"picked":"Stack+1","floor":18.0},{"not_picked":["Clawfect:ClawCell","Turbo"],"picked":"Clawfect:ClawLightning","floor":19.0},{"not_picked":["Glacier+1","Tempest"],"picked":"Clawfect:ClawLightning+1","floor":21.0},{"not_picked":["Conserve Battery","Undo"],"picked":"Clawfect:Clawrage+1","floor":22.0},{"not_picked":["Redo","Turbo"],"picked":"Clawfect:ClawingBeam","floor":23.0},{"not_picked":["Clawfect:ClawCell+1","Clawfect:ClawAndTear+1"],"picked":"Clawfect:Clawrage+1","floor":26.0},{"not_picked":["Steam+1","Recycle"],"picked":"Redo","floor":27.0},{"not_picked":["Auto Shields+1","Hologram"],"picked":"Electrodynamics","floor":28.0},{"not_picked":["Clawfect:ClawCell+1","Stack"],"picked":"Clawfect:ClawpileDriver+1","floor":29.0},{"not_picked":["Conserve Battery+1","Redo"],"picked":"Heatsinks","floor":30.0},{"not_picked":["Loop","Undo"],"picked":"Clawfect:ScrapingClaw+1","floor":31.0},{"not_picked":["Machine Learning","Buffer"],"picked":"Electrodynamics","floor":33.0},{"not_picked":["Clawfect:Clawter+1","Steam"],"picked":"FTL+1","floor":34.0},{"not_picked":["Consume+1","Stack"],"picked":"Clawfect:ClawpileDriver+1","floor":35.0},{"not_picked":["Conserve Battery","Fusion"],"picked":"Gash+1","floor":36.0},{"not_picked":["Clawfect:Clawline+1","Leap"],"picked":"Tempest+1","floor":38.0},{"not_picked":["Clawfect:ScrapingClaw+1","Clawfect:Clawrage+1"],"picked":"Blizzard+1","floor":39.0},{"not_picked":["Consume","Electrodynamics"],"picked":"Clawfect:ClawingBeam+1","floor":41},{"not_picked":["Steam","Darkness"],"picked":"Conserve Battery","floor":42},{"not_picked":["Coolheaded","hubris:Ukulele+1"],"picked":"Clawfect:ClawSnap+1","floor":44},{"not_picked":["Clawfect:ScrapingClaw+1","Conserve Battery+1"],"picked":"Static Discharge+1","floor":46},{"not_picked":["Stack+1","Force Field"],"picked":"Rebound+1","floor":48}],"player_experience":523892,"relics_obtained":[{"floor":8.0,"key":"Strawberry"},{"floor":9.0,"key":"DataDisk"},{"floor":9.0,"key":"Bag of Preparation"},{"floor":24.0,"key":"Orichalcum"},{"floor":25.0,"key":"Matryoshka"},{"floor":26.0,"key":"Cables"},{"floor":26.0,"key":"Symbiotic Virus"},{"floor":26.0,"key":"Molten Egg 2"},{"floor":26.0,"key":"hubris:SphereOfDissonance"},{"floor":29.0,"key":"Red Mask"},{"floor":31.0,"key":"PreservedInsect"},{"floor":43,"key":"CeramicFish"},{"floor":43,"key":"hubris:RGBLights"}],"event_choices":[{"damage_healed":0.0,"max_hp_gain":0.0,"max_hp_loss":0.0,"gold_gain":0.0,"event_name":"Big Fish","player_choice":"Box","floor":7.0,"gold_loss":0.0,"damage_taken":0.0,"relics_obtained":["Shovel"],"cards_obtained":["Regret"]},{"damage_healed":48.0,"max_hp_gain":0.0,"max_hp_loss":82.0,"gold_gain":0.0,"event_name":"betterThird:BetterShining","player_choice":"Embrace","floor":13.0,"gold_loss":0.0,"damage_taken":0.0},{"damage_healed":0.0,"max_hp_gain":0.0,"max_hp_loss":0.0,"gold_gain":0.0,"event_name":"Upgrade Shrine","player_choice":"Upgraded","floor":20.0,"gold_loss":0.0,"damage_taken":0.0,"cards_upgraded":["Madness"]},{"damage_healed":0.0,"max_hp_gain":0.0,"max_hp_loss":0.0,"gold_gain":0.0,"event_name":"Masked Bandits","player_choice":"Fought Bandits","floor":29.0,"gold_loss":0.0,"damage_taken":0.0},{"damage_healed":0.0,"max_hp_gain":0.0,"max_hp_loss":0.0,"gold_gain":0.0,"cards_transformed":["Heatsinks","Defend_B"],"event_name":"Designer","player_choice":"Transformed Cards","floor":37.0,"gold_loss":60.0,"damage_taken":0.0,"cards_obtained":["hubris:SpecializedCircuitry","Leap"]},{"damage_healed":0,"gold_gain":0,"player_choice":"Bought 0 Potions","damage_taken":0,"max_hp_gain":0,"max_hp_loss":0,"event_name":"The Woman in Blue","floor":45,"gold_loss":0}],"is_beta":false,"boss_relics":[{"not_picked":["Busted Crown","Ectoplasm"],"picked":"Sozu"},{"not_picked":["hubris:CrackedHourglass","hubris:RunicObelisk"],"picked":"Tiny House"}],"items_purged_floors":[47],"is_endless":false,"potions_floor_spawned":[1,2,8,16,18,21,27,30,31,35,39,42,44],"killed_by":"Time Eater","ascension_level":0}}