{"host":"bq4pt811tk9yrmjl","time":1608563632,"event":{"mods":["AchievementEnabler","BaseMod","Colored Map","Colored Powertips","Defuse TimeMaze Blight","Minty Spire (QoL Compilation)","StSLib","SuperFastMode","UnlockEverythingMod"],"gold_per_floor":[118,133,133,133,147,173,189,37,64,79,90,90,15,40,40,142,142,156,156,156,187,187,187,212,212,235,249,268,268,287,318,318,417,417,436,436,455,468,468,468,494,514,565,597,613,513,513,513],"floor_reached":47,"playtime":1202,"items_purged":["Strike_G","Strike_G"],"score":562,"play_id":"0c84872d-aaa5-4136-8c2e-0436684c4c76","local_time":"20201221131352","is_ascension_mode":true,"campfire_choices":[{"data":"Terror","floor":12,"key":"SMITH"},{"floor":15,"key":"REST"},{"data":"Noxious Fumes","floor":23,"key":"SMITH"},{"floor":25,"key":"RECALL"},{"floor":32,"key":"REST"},{"data":"Envenom","floor":40,"key":"SMITH"}],"circlet_count":0,"master_deck":["Strike_G","Strike_G","Defend_G","Defend_G","Defend_G","Defend_G","Defend_G","Survivor","Neutralize+1","Slice","Dash","Noxious Fumes+1","Slice","Dagger Spray","Terror+1","Adrenaline","Bullet Time","Catalyst","Cloak And Dagger+1","Backflip+1","Bouncing Flask+1","Envenom+1","Cloak And Dagger+1","Flying Knee+1","PiercingWail+1","Dodge and Roll+1"],"relics":["Ring of the Snake","NeowsBlessing","Vajra","Blood Vial","Happy Flower","WristBlade","Red Mask","Tingsha","Orichalcum","Peace Pipe","Strawberry","SlaversCollar","Toy Ornithopter","Oddly Smooth Stone","Lantern"],"acts_visited":["Exordium","TheCity","TheBeyond"],"potions_floor_usage":[14,16,18,24,28,44],"damage_taken":[{"damage":0,"enemies":"Cultist","floor":1,"turns":1},{"damage":0,"enemies":"Small Slimes","floor":2,"turns":1},{"damage":0,"enemies":"Jaw Worm","floor":5,"turns":1},{"damage":26,"enemies":"3 Sentries","floor":6,"turns":9},{"damage":0,"enemies":"Looter","floor":7,"turns":3},{"damage":0,"enemies":"2 Fungi Beasts","floor":10,"turns":3},{"damage":0,"enemies":"Red Slaver","floor":11,"turns":2},{"damage":9,"enemies":"Gremlin Nob","floor":14,"turns":4},{"damage":18,"enemies":"The Guardian","floor":16,"turns":13},{"damage":1,"enemies":"Spheric Guardian","floor":18,"turns":3},{"damage":5,"enemies":"Masked Bandits","floor":21,"turns":4},{"damage":8,"enemies":"Slavers","floor":24,"turns":4},{"damage":0,"enemies":"2 Thieves","floor":27,"turns":3},{"damage":13,"enemies":"Sentry and Sphere","floor":28,"turns":4},{"damage":7,"enemies":"Shelled Parasite and Fungi","floor":30,"turns":3},{"damage":12,"enemies":"Book of Stabbing","floor":31,"turns":4},{"damage":41,"enemies":"Automaton","floor":33,"turns":8},{"damage":0,"enemies":"3 Shapes","floor":35,"turns":6},{"damage":12,"enemies":"3 Darklings","floor":37,"turns":5},{"damage":10,"enemies":"Sphere and 2 Shapes","floor":38,"turns":6},{"damage":25,"enemies":"Giant Head","floor":41,"turns":7},{"damage":0,"enemies":"Transient","floor":42,"turns":5},{"damage":35,"enemies":"Nemesis","floor":44,"turns":7},{"damage":2,"enemies":"4 Shapes","floor":45,"turns":5},{"damage":0,"enemies":"Jaw Worm Horde","floor":47,"turns":2}],"seed_played":"-878752790134061093","potions_obtained":[{"floor":6,"key":"Weak Potion"},{"floor":10,"key":"Weak Potion"},{"floor":16,"key":"SkillPotion"},{"floor":21,"key":"Explosive Potion"},{"floor":27,"key":"DistilledChaos"},{"floor":37,"key":"FearPotion"},{"floor":42,"key":"LiquidMemories"},{"floor":45,"key":"Strength Potion"}],"is_trial":false,"path_per_floor":["M","M","?","$","M","E","M","$","T","M","M","R","$","E","R","B",null,"M","?","?","?","?","R","E","R","T","M","M","?","M","E","R","B",null,"M","?","M","M","?","R","E","M","T","E","M","$","M"],"character_chosen":"THE_SILENT","items_purchased":["Blood Vial"],"campfire_rested":2,"item_purchase_floors":[8],"current_hp_per_floor":[70,70,70,70,70,44,44,44,44,46,48,48,48,41,62,46,70,69,69,56,53,53,53,47,47,47,49,38,38,33,30,54,15,82,82,82,70,62,62,62,39,41,41,13,13,13,15,15],"gold":513,"neow_bonus":"THREE_ENEMY_KILL","is_daily":false,"chose_seed":false,"campfire_upgraded":3,"win_rate":0.0,"timestamp":1608563632,"path_taken":["M","?","?","$","M","E","M","?","T","M","?","R","?","E","R","BOSS","M","?","?","?","?","R","E","R","T","M","?","?","M","E","R","BOSS","M","?","M","M","?","R","E","M","T","E","M","$","M"],"items_purchased_type":["Relic"],"build_version":"2020-12-13","purchased_purges":2,"victory":false,"max_hp_per_floor":[70,70,70,70,70,70,70,70,70,70,70,70,70,70,70,70,70,70,70,75,75,75,75,75,75,75,75,75,75,75,82,82,82,82,82,82,82,82,82,82,82,82,82,82,82,82,82,82],"card_choices":[{"not_picked":["PiercingWail","Terror"],"picked":"Slice","floor":1},{"not_picked":["Tactician","Dodge and Roll"],"picked":"Dash","floor":2},{"not_picked":["Calculated Gamble","Escape Plan"],"picked":"Noxious Fumes","floor":5},{"not_picked":["Riddle With Holes","Dodge and Roll"],"picked":"Slice","floor":6},{"not_picked":["Doppelganger","All Out Attack","Tactician"],"picked":"SKIP","floor":7},{"not_picked":["Prepared","Deflect"],"picked":"Dagger Spray","floor":10},{"not_picked":["Backflip","Outmaneuver"],"picked":"Terror","floor":11},{"not_picked":["Slice","Cloak And Dagger"],"picked":"Adrenaline","floor":14},{"not_picked":["Phantasmal Killer","Die Die Die"],"picked":"Bullet Time","floor":16},{"not_picked":["Tactician","Deflect","Slice"],"picked":"SKIP","floor":18},{"not_picked":["Noxious Fumes","Well Laid Plans"],"picked":"Catalyst","floor":21},{"not_picked":["Leg Sweep","Backflip"],"picked":"Cloak And Dagger+1","floor":24},{"not_picked":["Quick Slash","Tactician","Acrobatics"],"picked":"SKIP","floor":27},{"not_picked":["Outmaneuver","Dodge and Roll"],"picked":"Backflip+1","floor":28},{"not_picked":["PiercingWail","Dodge and Roll"],"picked":"Bouncing Flask+1","floor":30},{"not_picked":["Slice","Predator"],"picked":"Envenom","floor":31},{"not_picked":["Sucker Punch+1","Dodge and Roll"],"picked":"Cloak And Dagger+1","floor":35},{"not_picked":["Reflex+1","Well Laid Plans"],"picked":"Flying Knee+1","floor":37},{"not_picked":["Poisoned Stab","Well Laid Plans"],"picked":"PiercingWail+1","floor":38},{"not_picked":["Underhanded Strike+1","Outmaneuver+1","Calculated Gamble"],"picked":"SKIP","floor":41},{"not_picked":["All Out Attack","Caltrops+1","Bouncing Flask+1"],"picked":"SKIP","floor":42},{"not_picked":["Heel Hook+1","Riddle With Holes+1","Deadly Poison"],"picked":"SKIP","floor":44},{"not_picked":["Dagger Spray+1","Flying Knee+1"],"picked":"Dodge and Roll+1","floor":45}],"player_experience":93184,"relics_obtained":[{"floor":6,"key":"Vajra"},{"floor":14,"key":"Happy Flower"},{"floor":21,"key":"Red Mask"},{"floor":24,"key":"Tingsha"},{"floor":26,"key":"Orichalcum"},{"floor":31,"key":"Strawberry"},{"floor":41,"key":"Toy Ornithopter"},{"floor":43,"key":"Oddly Smooth Stone"},{"floor":44,"key":"Lantern"}],"event_choices":[{"damage_healed":0,"gold_gain":0,"player_choice":"Forge","damage_taken":0,"max_hp_gain":0,"max_hp_loss":0,"event_name":"Accursed Blacksmith","floor":3,"gold_loss":0,"cards_upgraded":["Neutralize"]},{"damage_healed":0,"gold_gain":0,"player_choice":"Ignored","damage_taken":0,"max_hp_gain":0,"max_hp_loss":0,"event_name":"Ghosts","floor":19,"gold_loss":0},{"damage_healed":0,"gold_gain":0,"player_choice":"Shed Blood","damage_taken":18,"max_hp_gain":5,"max_hp_loss":0,"event_name":"Forgotten Altar","floor":20,"gold_loss":0},{"damage_healed":0,"gold_gain":0,"player_choice":"Fought Bandits","damage_taken":0,"max_hp_gain":0,"max_hp_loss":0,"event_name":"Masked Bandits","floor":21,"gold_loss":0},{"damage_healed":0,"gold_gain":0,"player_choice":"Ignored","damage_taken":0,"max_hp_gain":0,"max_hp_loss":0,"event_name":"N\u0027loth","floor":22,"gold_loss":0},{"damage_healed":0,"gold_gain":0,"player_choice":"Opened","damage_taken":0,"relics_obtained":["Peace Pipe"],"max_hp_gain":0,"max_hp_loss":0,"event_name":"The Mausoleum","floor":29,"gold_loss":0},{"cards_removed":["Strike_G"],"damage_healed":0,"gold_gain":0,"player_choice":"Removed Attack","damage_taken":0,"max_hp_gain":0,"max_hp_loss":0,"event_name":"Falling","floor":36,"gold_loss":0},{"damage_healed":0,"gold_gain":0,"player_choice":"Memory 1","damage_taken":0,"max_hp_gain":0,"max_hp_loss":0,"event_name":"SensoryStone","floor":39,"gold_loss":0}],"is_beta":false,"boss_relics":[{"not_picked":["Runic Pyramid","Tiny House"],"picked":"WristBlade"},{"not_picked":["Philosopher\u0027s Stone","Calling Bell"],"picked":"SlaversCollar"}],"items_purged_floors":[13,46],"is_endless":false,"potions_floor_spawned":[6,10,16,21,27,37,42,45],"killed_by":"Jaw Worm Horde","ascension_level":1}}