{"host":"aj7el8l5kufbk20z","time":1608518747,"event":{"mods":["AchievementEnabler","BaseMod","Colored Map","Colored Powertips","Curses Come First","Highlight Path","Minty Spire (QoL Compilation)","Quick Restart","Rare Cards Sparkle","Relic Stats","StSLib","SuperFastMode"],"gold_per_floor":[109,128,53,53,53,53,53,53,53,70,70,96,107,119,119,216,216,233,250,250,9498,980,980,1013,1024,1024,1024,1036,1062,1062,1089,1089,1192,1192,1192,1192],"floor_reached":35,"playtime":1877,"items_purged":["Strike_R","Strike_R"],"score":496,"play_id":"6a37fe42-578a-412a-b762-da14b1a5f899","local_time":"20201221104547","is_ascension_mode":true,"campfire_choices":[{"data":"Flex","floor":6,"key":"SMITH"},{"floor":8,"key":"RECALL"},{"data":"Shrug It Off","floor":11,"key":"SMITH"},{"data":"Immolate","floor":15,"key":"SMITH"},{"data":"Barricade","floor":23,"key":"SMITH"},{"data":"Limit Break","floor":27,"key":"SMITH"},{"data":"Metallicize","floor":30,"key":"SMITH"},{"data":"1","floor":32,"key":"LIFT"}],"circlet_count":0,"master_deck":["Strike_R","Defend_R","Defend_R","Bash+1","Flex+1","True Grit+1","Shrug It Off+1","Body Slam","Immolate+1","Headbutt","Barricade+1","Flame Barrier","Limit Break+1","Bludgeon","Finesse","Armaments+1","Metallicize+1"],"relics":["Burning Blood","Orichalcum","InkBottle","Sundial","Empty Cage","Membership Card","Anchor","Gremlin Horn","Dream Catcher","Ancient Tea Set","Centennial Puzzle","Girya","SlaversCollar"],"acts_visited":["Exordium","TheCity","TheBeyond"],"potions_floor_usage":[12,33],"damage_taken":[{"damage":0,"enemies":"Small Slimes","floor":1,"turns":3},{"damage":0,"enemies":"Cultist","floor":2,"turns":3},{"damage":11,"enemies":"Jaw Worm","floor":10,"turns":5},{"damage":59,"enemies":"Lagavulin","floor":12,"turns":13},{"damage":16,"enemies":"Exordium Thugs","floor":13,"turns":5},{"damage":0,"enemies":"Blue Slaver","floor":14,"turns":3},{"damage":9,"enemies":"Slime Boss","floor":16,"turns":7},{"damage":15,"enemies":"3 Byrds","floor":18,"turns":3},{"damage":21,"enemies":"Spheric Guardian","floor":19,"turns":6},{"damage":43,"enemies":"Slavers","floor":24,"turns":3},{"damage":13,"enemies":"Centurion and Healer","floor":25,"turns":3},{"damage":0,"enemies":"3 Cultists","floor":28,"turns":3},{"damage":88,"enemies":"Book of Stabbing","floor":29,"turns":8},{"damage":9,"enemies":"Gremlin Leader","floor":31,"turns":6},{"damage":32,"enemies":"Collector","floor":33,"turns":11},{"damage":97,"enemies":"Orb Walker","floor":35,"turns":8}],"seed_played":"580165316211478546","potions_obtained":[{"floor":1,"key":"FairyPotion"},{"floor":10,"key":"SkillPotion"},{"floor":12,"key":"Swift Potion"},{"floor":19,"key":"SkillPotion"},{"floor":29,"key":"DuplicationPotion"},{"floor":31,"key":"BloodPotion"}],"is_trial":false,"path_per_floor":["M","M","$","?","?","R","?","R","T","M","R","E","M","M","R","B",null,"M","M","?","$","?","R","E","M","T","R","M","E","R","E","R","B",null,"M"],"character_chosen":"IRONCLAD","items_purchased":["Membership Card","Anchor","Gremlin Horn","Finesse"],"campfire_rested":0,"item_purchase_floors":[21,21,21,21],"current_hp_per_floor":[80,80,80,80,64,64,80,80,80,75,75,22,12,18,18,15,80,71,56,56,56,56,56,19,12,12,12,18,80,80,77,77,51,80,0,0],"gold":1192,"neow_bonus":"RANDOM_COMMON_RELIC","is_daily":false,"chose_seed":false,"campfire_upgraded":6,"win_rate":0.0,"timestamp":1608518747,"path_taken":["M","M","$","?","?","R","?","R","T","?","R","E","M","M","R","BOSS","M","M","?","?","?","R","E","M","T","R","M","E","R","E","R","BOSS","M"],"items_purchased_type":["Relic","Relic","Relic","Card"],"build_version":"2020-12-13","purchased_purges":2,"victory":false,"max_hp_per_floor":[80,80,80,80,80,80,80,80,80,80,80,80,80,80,80,80,80,80,80,80,80,80,80,80,80,80,80,80,80,80,80,80,80,80,80,80],"relic_stats":{"Dream Catcher":0,"Centennial Puzzle":[9],"Gremlin Horn":[10,10],"counters":[16,90],"Sundial":[14],"Orichalcum":[90],"obtain_stats":[{"Girya":31,"Gremlin Horn":21,"Orichalcum":0,"Empty Cage":17,"Ancient Tea Set":26,"Burning Blood":0,"SlaversCollar":34,"Anchor":21,"Dream Catcher":24,"Centennial Puzzle":29,"Sundial":12,"Membership Card":21,"InkBottle":9},{"Girya":14,"Gremlin Horn":9,"Orichalcum":0,"Empty Cage":7,"Ancient Tea Set":11,"Burning Blood":0,"SlaversCollar":15,"Anchor":9,"Dream Catcher":10,"Centennial Puzzle":13,"Sundial":4,"Membership Card":9,"InkBottle":2},{"Girya":71,"Gremlin Horn":48,"Orichalcum":0,"Empty Cage":39,"Ancient Tea Set":54,"Burning Blood":0,"SlaversCollar":82,"Anchor":48,"Dream Catcher":51,"Centennial Puzzle":65,"Sundial":24,"Membership Card":48,"InkBottle":6}],"Burning Blood":78,"InkBottle":[27]},"card_choices":[{"not_picked":["Disarm","Armaments"],"picked":"Flex","floor":1},{"not_picked":["Pommel Strike","Twin Strike"],"picked":"True Grit","floor":2},{"not_picked":["Clash","Flex"],"picked":"Shrug It Off","floor":10},{"not_picked":["Shrug It Off","Dropkick"],"picked":"Body Slam","floor":12},{"not_picked":["Bloodletting","Iron Wave"],"picked":"Immolate","floor":13},{"not_picked":["Intimidate","Clash"],"picked":"Headbutt","floor":14},{"not_picked":["Double Tap","Immolate"],"picked":"Barricade","floor":16},{"not_picked":["Havoc","Thunderclap"],"picked":"Flame Barrier","floor":18},{"not_picked":["True Grit+1","Spot Weakness"],"picked":"Limit Break","floor":19},{"not_picked":["Power Through","Flex","Uppercut"],"picked":"SKIP","floor":24},{"not_picked":["Pummel","Pommel Strike","Clash+1"],"picked":"SKIP","floor":25},{"not_picked":["Clothesline","Iron Wave"],"picked":"Armaments+1","floor":28},{"not_picked":["Flex","Reckless Charge+1"],"picked":"Metallicize","floor":29},{"not_picked":["Perfected Strike","Iron Wave","Battle Trance+1"],"picked":"SKIP","floor":31}],"player_experience":282919,"relics_obtained":[{"floor":9,"key":"InkBottle"},{"floor":12,"key":"Sundial"},{"floor":24,"key":"Dream Catcher"},{"floor":26,"key":"Ancient Tea Set"},{"floor":29,"key":"Centennial Puzzle"},{"floor":31,"key":"Girya"}],"event_choices":[{"cards_removed":["Strike_R"],"damage_healed":0,"gold_gain":0,"player_choice":"Forget","damage_taken":0,"max_hp_gain":0,"max_hp_loss":0,"event_name":"Living Wall","floor":4,"gold_loss":0},{"damage_healed":0,"gold_gain":0,"player_choice":"Entered Light","damage_taken":16,"max_hp_gain":0,"max_hp_loss":0,"event_name":"Shining Light","floor":5,"gold_loss":0,"cards_upgraded":["Bash","True Grit"]},{"damage_healed":16,"gold_gain":0,"player_choice":"Full Heal","damage_taken":0,"max_hp_gain":0,"max_hp_loss":0,"event_name":"Wheel of Change","floor":7,"gold_loss":0},{"damage_healed":0,"gold_gain":0,"cards_transformed":["Defend_R"],"player_choice":"Transformed","damage_taken":0,"max_hp_gain":0,"max_hp_loss":0,"event_name":"Transmorgrifier","floor":20,"gold_loss":0,"cards_obtained":["Bludgeon"]},{"damage_healed":0,"gold_gain":0,"player_choice":"Paid Fearfully","damage_taken":0,"max_hp_gain":0,"max_hp_loss":0,"event_name":"Masked Bandits","floor":22,"gold_loss":9498}],"is_beta":false,"boss_relics":[{"not_picked":["Runic Cube","Philosopher\u0027s Stone"],"picked":"Empty Cage"},{"not_picked":["SacredBark","Tiny House"],"picked":"SlaversCollar"}],"items_purged_floors":[3,21],"is_endless":false,"potions_floor_spawned":[1,10,12,19,29,31],"killed_by":"Orb Walker","ascension_level":4}}