{"host":"nptej036rrbiurf5","time":1608511711,"event":{"mods":["BaseMod","Colored Map","Colored Powertips","DeckTracker","Minty Spire (QoL Compilation)","StSLib","SuperFastMode"],"gold_per_floor":[109,109,34,84,94,127,127,162,189,189,206,224,250,269,269,343,343,361,388,24,37,37,37,37,37],"floor_reached":24,"playtime":692,"items_purged":[],"score":478,"play_id":"2793f8b7-9b8e-4a8c-87ca-5e90d5860495","local_time":"20201221094831","is_ascension_mode":true,"campfire_choices":[{"data":"Noxious Fumes","floor":7.0,"key":"SMITH"},{"data":"Footwork","floor":15.0,"key":"SMITH"},{"floor":23,"key":"REST"}],"circlet_count":0,"master_deck":["AscendersBane","Strike_G","Strike_G","Strike_G","Strike_G","Defend_G","Defend_G","Defend_G","Defend_G","Defend_G","Survivor","Neutralize","Noxious Fumes+1","Footwork+1","Well Laid Plans","Caltrops","Backflip","Dagger Spray","Predator","Calculated Gamble","Grand Finale","Blade Dance","PiercingWail","Slice","Slice"],"relics":["Ring of the Snake","NeowsBlessing","Toy Ornithopter","Smiling Mask","Akabeko","Ginger","WristBlade","Red Mask","Membership Card","FossilizedHelix"],"acts_visited":["Exordium","TheCity"],"potions_floor_usage":[24],"damage_taken":[{"damage":0.0,"enemies":"Jaw Worm","floor":1.0,"turns":1.0},{"damage":0.0,"enemies":"Small Slimes","floor":5.0,"turns":1.0},{"damage":0.0,"enemies":"Gremlin Nob","floor":6.0,"turns":1.0},{"damage":11.0,"enemies":"Lagavulin","floor":8.0,"turns":9.0},{"damage":1.0,"enemies":"2 Louse","floor":11.0,"turns":4.0},{"damage":3.0,"enemies":"Red Slaver","floor":12.0,"turns":4.0},{"damage":13.0,"enemies":"Gremlin Nob","floor":13.0,"turns":4.0},{"damage":2.0,"enemies":"Blue Slaver","floor":14.0,"turns":5.0},{"damage":36.0,"enemies":"Hexaghost","floor":16.0,"turns":9.0},{"damage":8.0,"enemies":"3 Byrds","floor":18.0,"turns":4.0},{"damage":34.0,"enemies":"Masked Bandits","floor":19.0,"turns":6.0},{"damage":4.0,"enemies":"Shell Parasite","floor":21.0,"turns":4.0},{"damage":37,"enemies":"Book of Stabbing","floor":24,"turns":5}],"seed_played":"-6889417259756883712","potions_obtained":[{"floor":5.0,"key":"CunningPotion"},{"floor":8.0,"key":"CunningPotion"},{"floor":11.0,"key":"DistilledChaos"},{"floor":12.0,"key":"Swift Potion"},{"floor":13.0,"key":"Poison Potion"},{"floor":19.0,"key":"EssenceOfSteel"}],"is_trial":false,"path_per_floor":["M","?","?","?","M","E","R","E","T","?","M","M","E","M","R","B",null,"M","?","$","M","?","R","E"],"character_chosen":"THE_SILENT","items_purchased":["Membership Card","Slice","FossilizedHelix"],"campfire_rested":1,"item_purchase_floors":[20,20,20],"current_hp_per_floor":[59,64,64,64,64,64,64,53,53,53,52,49,41,39,39,13,57,49,15,15,11,11,32,0,0],"gold":37,"neow_bonus":"THREE_ENEMY_KILL","is_daily":false,"chose_seed":false,"campfire_upgraded":2,"win_rate":0.0,"timestamp":1608511711,"path_taken":["M","?","?","?","?","E","R","E","T","?","M","M","E","M","R","BOSS","M","?","$","M","?","R","E"],"items_purchased_type":["Relic","Card","Relic"],"build_version":"2020-12-13","purchased_purges":0,"victory":false,"max_hp_per_floor":[66,71,71,71,71,71,71,71,71,71,71,71,71,71,71,71,71,71,71,71,71,71,71,71,71],"card_choices":[{"not_picked":["Dagger Spray","Blade Dance"],"picked":"Noxious Fumes","floor":1.0},{"not_picked":["Underhanded Strike","Prepared"],"picked":"Footwork","floor":5.0},{"not_picked":["Dodge and Roll","Dash"],"picked":"Well Laid Plans","floor":6.0},{"not_picked":["Masterful Stab","Eviscerate"],"picked":"Caltrops","floor":8.0},{"not_picked":["Blade Dance","Finisher"],"picked":"Backflip","floor":11.0},{"not_picked":["Backflip","Grand Finale"],"picked":"Dagger Spray","floor":12.0},{"not_picked":["Infinite Blades","Skewer"],"picked":"Predator","floor":13.0},{"not_picked":["Reflex","All Out Attack"],"picked":"Calculated Gamble","floor":14.0},{"not_picked":["Night Terror","A Thousand Cuts"],"picked":"Grand Finale","floor":16.0},{"not_picked":["Dodge and Roll","Terror"],"picked":"Blade Dance","floor":18.0},{"not_picked":["Dodge and Roll","Dagger Spray"],"picked":"PiercingWail","floor":19.0},{"not_picked":["PiercingWail","Calculated Gamble"],"picked":"Slice","floor":21.0}],"player_experience":830398,"relics_obtained":[{"floor":6.0,"key":"Toy Ornithopter"},{"floor":8.0,"key":"Smiling Mask"},{"floor":9.0,"key":"Akabeko"},{"floor":13.0,"key":"Ginger"},{"floor":19.0,"key":"Red Mask"}],"event_choices":[{"damage_healed":0.0,"max_hp_gain":5.0,"max_hp_loss":0.0,"gold_gain":0.0,"event_name":"Big Fish","player_choice":"Donut","floor":2.0,"gold_loss":0.0,"damage_taken":0.0},{"cards_removed":["Strike_G"],"damage_healed":0.0,"max_hp_gain":0.0,"max_hp_loss":0.0,"gold_gain":0.0,"event_name":"The Cleric","player_choice":"Card Removal","floor":3.0,"gold_loss":75.0,"damage_taken":0.0},{"damage_healed":0.0,"max_hp_gain":0.0,"max_hp_loss":0.0,"gold_gain":50.0,"event_name":"Golden Shrine","player_choice":"Pray","floor":4.0,"gold_loss":0.0,"damage_taken":0.0},{"damage_healed":0.0,"max_hp_gain":0.0,"max_hp_loss":0.0,"gold_gain":0.0,"event_name":"Liars Game","player_choice":"Ignored","floor":10.0,"gold_loss":0.0,"damage_taken":0.0},{"damage_healed":0.0,"max_hp_gain":0.0,"max_hp_loss":0.0,"gold_gain":0.0,"event_name":"Masked Bandits","player_choice":"Fought Bandits","floor":19.0,"gold_loss":0.0,"damage_taken":0.0}],"is_beta":false,"boss_relics":[{"not_picked":["Busted Crown","Fusion Hammer"],"picked":"WristBlade"}],"items_purged_floors":[],"is_endless":false,"potions_floor_spawned":[5,8,11,12,13,19],"killed_by":"Book of Stabbing","ascension_level":20}}