{"host":"llpusn9usp8rznkj","time":1608577635,"event":{"mods":["2.2 Compatiblity","Aspiration","BaseMod","Colored Map","Colored Powertips","Conspire","Hubris","Minty Spire (QoL Compilation)","Rare Cards Sparkle","Replay The Spire","StSLib","The Cursed"],"gold_per_floor":[116,116,116,127,202,202,229,229,252,270,270,270,282,252,252,252,252],"floor_reached":16,"playtime":563,"items_purged":[],"score":250,"play_id":"6550a2d5-324c-451c-b238-b976e88a253b","local_time":"20201221140715","is_ascension_mode":true,"campfire_choices":[{"data":"Prepared","floor":6,"key":"SMITH"},{"data":"Blur","floor":12,"key":"SMITH"},{"data":"Poison Darts","floor":15,"key":"SMITH"}],"circlet_count":0,"master_deck":["AscendersBane","Strike_G","Strike_G","Strike_G","Strike_G","Strike_G","Defend_G","Defend_G","Defend_G","Defend_G","Defend_G","Survivor","Neutralize","conspire:DoublingDagger+1","Prepared+1","Prepared","PiercingWail","Blur+1","Blur","Poison Darts+1"],"relics":["Ring of the Snake","NeowsBlessing","hubris:Icosahedron","ReplayTheSpireMod:Ninjato","Strawberry"],"acts_visited":["Exordium"],"potions_floor_usage":[13,13],"damage_taken":[{"damage":0,"enemies":"Small Slimes","floor":1,"turns":1},{"damage":0,"enemies":"Jaw Worm","floor":4,"turns":1},{"damage":0,"enemies":"Lagavulin","floor":7,"turns":1},{"damage":0,"enemies":"Cultist","floor":10,"turns":3},{"damage":9,"enemies":"Large Slime","floor":13,"turns":11},{"damage":1,"enemies":"Looter","floor":14,"turns":4},{"damage":64,"enemies":"Hexaghost","floor":16,"turns":12}],"seed_played":"-7816387536926438849","potions_obtained":[{"floor":1,"key":"Elixir"},{"floor":7,"key":"ColorlessPotion"},{"floor":8,"key":"Block Potion"}],"is_trial":false,"path_per_floor":["M","?","?","M","?","R","E","?","T","M","?","R","M","M","R","B"],"character_chosen":"THE_SILENT","items_purchased":[],"campfire_rested":0,"item_purchase_floors":[],"current_hp_per_floor":[59,59,59,59,48,48,66,66,73,73,73,73,64,63,63,0,0],"gold":252,"neow_bonus":"THREE_ENEMY_KILL","is_daily":false,"chose_seed":false,"campfire_upgraded":3,"win_rate":0.0,"timestamp":1608577635,"path_taken":["M","?","?","?","?","R","E","?","T","?","?","R","M","M","R","BOSS"],"items_purchased_type":[],"build_version":"2020-12-13","purchased_purges":0,"victory":false,"max_hp_per_floor":[66,66,66,66,66,66,66,66,73,73,73,73,73,73,73,73,73],"card_choices":[{"not_picked":["ReplayTheSpireMod:Exploit Weakness","Sneak Up"],"picked":"conspire:DoublingDagger","floor":1},{"not_picked":["Outmaneuver","Distraction"],"picked":"Prepared","floor":4},{"not_picked":["Acrobatics","Deadly Poison"],"picked":"Prepared","floor":7},{"not_picked":["Deflect","hubris:SlightOfHand"],"picked":"PiercingWail","floor":10},{"not_picked":["Sucker Punch","Poisoned Stab"],"picked":"Blur","floor":13},{"not_picked":["Quick Slash","Underhanded Strike"],"picked":"Poison Darts","floor":14}],"player_experience":1106728,"relics_obtained":[{"floor":7,"key":"ReplayTheSpireMod:Ninjato"},{"floor":9,"key":"Strawberry"}],"event_choices":[{"damage_healed":0,"gold_gain":0,"player_choice":"Upgraded","damage_taken":0,"max_hp_gain":0,"max_hp_loss":0,"event_name":"Upgrade Shrine","floor":3,"gold_loss":0,"cards_upgraded":["conspire:DoublingDagger"]},{"damage_healed":0,"gold_gain":75,"player_choice":"Gather Gold","damage_taken":11,"max_hp_gain":0,"max_hp_loss":0,"event_name":"World of Goop","floor":5,"gold_loss":0},{"damage_healed":0,"gold_gain":0,"player_choice":"Got Potions","damage_taken":0,"max_hp_gain":0,"max_hp_loss":0,"event_name":"Lab","floor":8,"gold_loss":0}],"is_beta":false,"boss_relics":[],"items_purged_floors":[],"is_endless":false,"potions_floor_spawned":[1,7,10],"killed_by":"Hexaghost","ascension_level":20}}