{"host":"hb9p5o8l1qyyv62y","time":1608580528,"event":{"mods":["AchievementEnabler","BaseMod","Block Reminder","DeckTracker","Minty Spire (QoL Compilation)","Quick Restart"],"gold_per_floor":[113,123,123,134,25,55,66,96,146,146,178,143,175,188,188,188,188],"floor_reached":16,"playtime":872,"items_purged":["Strike_R"],"score":163,"play_id":"29c60723-37d7-4590-8575-079c2ead8ea4","local_time":"20201221145528","is_ascension_mode":true,"campfire_choices":[{"floor":10,"key":"REST"},{"floor":15,"key":"REST"}],"circlet_count":0,"master_deck":["Strike_R","Strike_R","Defend_R","Defend_R","Defend_R","Defend_R","Bash","True Grit","Spot Weakness","Hemokinesis+1","Feel No Pain","Dark Embrace","Disarm","Evolve","Metallicize"],"relics":["Burning Blood","Bottled Tornado","Paper Frog","Smiling Mask","Lantern"],"acts_visited":[],"potions_floor_usage":[6,6,14,14,16],"damage_taken":[{"damage":22,"enemies":"Jaw Worm","floor":1,"turns":5},{"damage":2,"enemies":"Cultist","floor":2,"turns":3},{"damage":2,"enemies":"2 Louse","floor":4,"turns":4},{"damage":17,"enemies":"3 Sentries","floor":6,"turns":8},{"damage":14,"enemies":"2 Fungi Beasts","floor":7,"turns":5},{"damage":36,"enemies":"Gremlin Nob","floor":8,"turns":4},{"damage":21,"enemies":"Lagavulin","floor":11,"turns":6},{"damage":18,"enemies":"Gremlin Nob","floor":13,"turns":3},{"damage":17,"enemies":"Lots of Slimes","floor":14,"turns":7},{"damage":35,"enemies":"Slime Boss","floor":16,"turns":10}],"seed_played":"1266506432369669373","potions_obtained":[{"floor":1,"key":"Energy Potion"},{"floor":2,"key":"BlessingOfTheForge"},{"floor":4,"key":"PowerPotion"},{"floor":7,"key":"Swift Potion"},{"floor":13,"key":"Dexterity Potion"}],"is_trial":false,"path_per_floor":["M","M","?","M","$","E","M","E","T","R","E","?","E","M","R","B"],"character_chosen":"IRONCLAD","items_purchased":["Dark Embrace"],"campfire_rested":2,"item_purchase_floors":[5],"current_hp_per_floor":[56,60,60,64,64,53,45,15,15,36,21,39,27,16,37,2,2],"gold":188,"neow_bonus":"TRANSFORM_TWO_CARDS","is_daily":false,"chose_seed":false,"campfire_upgraded":0,"win_rate":0.0,"timestamp":1608580528,"path_taken":["M","M","?","M","$","E","?","E","T","R","E","?","E","M","R","BOSS"],"items_purchased_type":["Card"],"build_version":"2020-12-13","purchased_purges":1,"victory":false,"max_hp_per_floor":[72,72,72,72,72,72,72,72,72,72,72,72,72,72,72,72,72],"card_choices":[{"not_picked":["Power Through","Cleave"],"picked":"Hemokinesis","floor":1},{"not_picked":["Perfected Strike","Reckless Charge","Cleave"],"picked":"SKIP","floor":2},{"not_picked":["Shrug It Off","Body Slam"],"picked":"Feel No Pain","floor":4},{"not_picked":["Battle Trance","Entrench","Rupture"],"picked":"SKIP","floor":6},{"not_picked":["Anger","Headbutt","Thunderclap"],"picked":"SKIP","floor":7},{"not_picked":["Seeing Red","Dropkick"],"picked":"Disarm","floor":8},{"not_picked":["Wild Strike","Berserk","Dual Wield"],"picked":"SKIP","floor":11},{"not_picked":["Pommel Strike","Bloodletting"],"picked":"Evolve","floor":13},{"not_picked":["True Grit","Clothesline"],"picked":"Metallicize","floor":14}],"player_experience":215079,"relics_obtained":[{"floor":6,"key":"Bottled Tornado"},{"floor":8,"key":"Paper Frog"},{"floor":11,"key":"Smiling Mask"},{"floor":13,"key":"Lantern"}],"event_choices":[{"damage_healed":0,"gold_gain":0,"player_choice":"Upgraded","damage_taken":0,"max_hp_gain":0,"max_hp_loss":0,"event_name":"Upgrade Shrine","floor":3,"gold_loss":0,"cards_upgraded":["Hemokinesis"]},{"damage_healed":18,"gold_gain":0,"player_choice":"Healed","damage_taken":0,"max_hp_gain":0,"max_hp_loss":0,"event_name":"The Cleric","floor":12,"gold_loss":35}],"is_beta":false,"boss_relics":[],"items_purged_floors":[5],"is_endless":false,"potions_floor_spawned":[1,2,4,7,13],"killed_by":"Slime Boss","ascension_level":5}}