{"host":"wonp23fsqqcu31ie","time":1608555019,"event":{"mods":["2.2 Compatiblity","AchievementEnabler","Aspiration","BaseMod","Bestiary","Better Altar","Better Match","Better Sensory Stone","Better Skull","Better Third Choice","BetterRewards","Block Reminder","Colored Map","Colored Powertips","Conspire","DeckTracker","Displayed Cursed Tome","Downfall","Hermit","Highlight Path","Hubris","Minty Spire (QoL Compilation)","Permanent Neow","Quick Restart","Rare Cards Sparkle","Relic Stats","Replay The Spire","Shade Mod","Shop Mod","StSLib","SuperFastMode","The Animator","The Cursed","The Dragon Tamer","The Gatherer","The Necromancer","The Runesmith","The Servant 0.9.4"],"gold_per_floor":[99,131,131,131,23,33,33,51,51,81,93,112,128,147,158,263,263,188,24,69,96,96,139,139,180,180,230,259,259,283,1,30,139,139,64,124,151,176,176,213,213,213,260,260,260,308,337,337,389,408,427,439],"floor_reached":53,"playtime":2728,"items_purged":[],"score":1129,"play_id":"5c0f154e-041e-40c0-8a64-7b43cd557e84","local_time":"20201221235019","is_ascension_mode":true,"campfire_choices":[{"floor":1.0,"key":"RECALL"},{"floor":9.0,"key":"REST"},{"data":"hexamod:TimeOfNeed","floor":18.0,"key":"SMITH"},{"data":"hexamod:EtherealExpedition","floor":22.0,"key":"SMITH"},{"floor":26.0,"key":"REST"},{"floor":42,"key":"REST"}],"circlet_count":0,"master_deck":["hexamod:Strike+1","hexamod:Strike+1","hexamod:Strike+1","hexamod:Strike+1","hexamod:Defend+1","hexamod:Defend+1","hexamod:Defend+1","hexamod:Defend+1","hexamod:Sear","hexamod:Float","Pot Of Greed","hexamod:GhostShield","hexamod:SwordOfDarkness","Pot Of Greed","Replay:SS_fish_2","hexamod:SoulSteal","hexamod:DynamicBlow","hexamod:ShieldOfDarkness","hexamod:RadiantFlame","hexamod:Incineration","hexamod:PowerFromBeyond","hexamod:Rewind","hexamod:HeatShield","hexamod:TimeOfNeed+1","hexamod:RainOfEmbers","hexamod:PowerFromBeyond","Pot Of Greed","hexamod:EtherealExpedition+1","hexamod:WildfireWeapon","Shame","hexamod:RecurringNightmare","hexamod:BurningTouch+1","hexamod:NightmareGuise+1","animator:Curse_Nutcracker","hexamod:PhantomFireball","Regret","hexamod:SpectersWail","hexamod:EmpoweredFlame+1","hexamod:Toasty","Pot Of Greed","hexamod:ExtraCrispy","hexamod:HeatCrush","hexamod:NightmareGuise+1","hubris:Envy","hexamod:GhostLash+1","hexamod:Hexaguard+1","expansioncontent:FaceSlap","hubris:Disease","hexamod:BurningTouch+1","hexamod:SpectersWail+1","hexamod:FirstSeal"],"relics":["hexamod:SpiritBrand","Grinning Jar","Centennial Puzzle","Cursed Key","downfall:HeartBlessingRed","Replay:Bandana","Incense Burner","Iron Hammer","Orichalcum","Akabeko","aspiration:Stabinomicon","Durian","aspiration:ArtOfWarUpgrade","MerchantsRug","ReplayTheSpireMod:CursedCoin","hubris:MedicalManual","hubris:Stopwatch","downfall:HeartBlessingBlue","Vajra","Sling","Bag of Marbles","Pantograph","Bag of Preparation","Ginger","conspire:DecoderRing"],"acts_visited":["Exordium","TheCity","TheBeyond"],"potions_floor_usage":[37,46,50,50,52,52],"damage_taken":[{"damage":61.0,"enemies":"Gremlin Nob","floor":2.0,"turns":5.0},{"damage":0.0,"enemies":"downfall:FleeingMerchant","floor":5.0,"turns":4.0},{"damage":1.0,"enemies":"Jaw Worm","floor":6.0,"turns":3.0},{"damage":3.0,"enemies":"Small Slimes","floor":8.0,"turns":4.0},{"damage":7.0,"enemies":"Lagavulin","floor":10.0,"turns":5.0},{"damage":3.0,"enemies":"Cultist","floor":11.0,"turns":4.0},{"damage":16.0,"enemies":"Gremlin Gang","floor":12.0,"turns":4.0},{"damage":7.0,"enemies":"2 Fungi Beasts","floor":13.0,"turns":3.0},{"damage":4.0,"enemies":"Exordium Wildlife","floor":14.0,"turns":3.0},{"damage":4.0,"enemies":"Red Slaver","floor":15.0,"turns":3.0},{"damage":49.0,"enemies":"downfall:Watcher","floor":16.0,"turns":10.0},{"damage":0.0,"enemies":"downfall:FleeingMerchant","floor":19.0,"turns":4.0},{"damage":17.0,"enemies":"Book of Stabbing","floor":20.0,"turns":6.0},{"damage":9.0,"enemies":"3 Byrds","floor":21.0,"turns":5.0},{"damage":0.0,"enemies":"Gremlin Leader","floor":23.0,"turns":8.0},{"damage":12.0,"enemies":"Book of Stabbing","floor":25.0,"turns":4.0},{"damage":4.0,"enemies":"Slavers","floor":27.0,"turns":4.0},{"damage":0.0,"enemies":"Shell Parasite","floor":28.0,"turns":3.0},{"damage":8.0,"enemies":"downfall:FleeingMerchant","floor":31.0,"turns":4.0},{"damage":1.0,"enemies":"Cultist and Chosen","floor":32.0,"turns":5.0},{"damage":1.0,"enemies":"downfall:Defect","floor":33.0,"turns":7.0},{"damage":2.0,"enemies":"downfall:FleeingMerchant","floor":36.0,"turns":4.0},{"damage":37,"enemies":"Giant Head","floor":37,"turns":7},{"damage":0,"enemies":"Orb Walker","floor":38,"turns":3},{"damage":15,"enemies":"Nemesis","floor":40,"turns":5},{"damage":20,"enemies":"Giant Head","floor":43,"turns":6},{"damage":18,"enemies":"Reptomancer","floor":46,"turns":7},{"damage":4,"enemies":"3 Shapes","floor":47,"turns":3},{"damage":19,"enemies":"Transient","floor":50,"turns":5},{"damage":8,"enemies":"4 Shapes","floor":51,"turns":3},{"damage":49,"enemies":"downfall:Ironclad","floor":52,"turns":11}],"seed_played":"-1317818954525125590","potions_obtained":[{"floor":2.0,"key":"ColorlessPotion"},{"floor":4.0,"key":"FearPotion"},{"floor":4.0,"key":"LifebloodPotion"},{"floor":10.0,"key":"Guardian:BlockOnCardUsePotion"},{"floor":11.0,"key":"Weak Potion"},{"floor":12.0,"key":"Fire Potion"},{"floor":20.0,"key":"SkillPotion"},{"floor":25.0,"key":"AttackPotion"},{"floor":32.0,"key":"hexamod:InfernoChargePotion"},{"floor":33.0,"key":"hexamod:DoubleChargePotion"},{"floor":38,"key":"FearPotion"},{"floor":40,"key":"hexamod:InfernoChargePotion"},{"floor":47,"key":"Regen Potion"},{"floor":50,"key":"Fire Potion"},{"floor":51,"key":"LifebloodPotion"}],"is_trial":false,"path_per_floor":["R","E","?","?","$","M","T","M","R","E","M","M","M","M","M","B",null,"R","$","E","M","R","E","T","E","R","E","M","?","T","$","M","B",null,"R","$","E","M","R","E","T","R","E","PTL","PTL","E","M","?","?","M","M","B",null],"character_chosen":"THE_SPIRIT","items_purchased":["Replay:SS_fish_2","Replay:Bandana","MerchantsRug","ReplayTheSpireMod:CursedCoin","hubris:MedicalManual","hexamod:SpectersWail","Vajra","Sling"],"campfire_rested":3,"item_purchase_floors":[5,19,31,31,31,31,36,36],"current_hp_per_floor":[63,2,30,30,30,37,37,42,67,68,65,57,58,62,66,25,84,84,84,68,67,67,75,75,63,84,85,89,89,89,81,80,87,89,99,97,68,76,76,61,61,90,70,70,70,60,64,64,64,54,54,37],"gold":439,"neow_bonus":"TWENTY_PERCENT_HP_BONUS","is_daily":false,"chose_seed":false,"campfire_upgraded":2,"win_rate":0.0,"timestamp":1608555019,"path_taken":["R","E","?","?","$","M","T","M","R","E","?","M","M","M","M","BOSS","R","$","E","?","R","E","T","E","R","E","M","?","?","?","M","BOSS","R","$","E","M","R","E","T","R","E","PTL","PTL","E","M","?","?","M","M","BOSS"],"items_purchased_type":["Card","Relic","Relic","Relic","Relic","Card","Relic","Relic"],"build_version":"2020-12-13","purchased_purges":0,"victory":true,"max_hp_per_floor":[84,84,84,84,84,84,84,84,84,84,84,84,84,84,84,84,84,84,84,84,84,84,84,84,84,84,89,89,89,89,89,89,89,89,99,99,99,99,99,99,99,99,99,99,99,99,99,99,99,99,99,99],"relic_stats":{"Centennial Puzzle":[66],"counters":[31,152],"Pantograph":25,"Bag of Preparation":[10],"Ginger":[1],"Orichalcum":[54],"Cursed Key":3,"obtain_stats":[{"Vajra":36,"Incense Burner":20,"aspiration:Stabinomicon":25,"Bag of Preparation":43,"Ginger":46,"Cursed Key":17,"Sling":36,"Centennial Puzzle":10,"Replay:Bandana":19,"Matryoshka":7,"downfall:HeartBlessingBlue":35,"hubris:Stopwatch":34,"Pantograph":41,"conspire:DecoderRing":49,"aspiration:ArtOfWarUpgrade":39,"Iron Hammer":23,"hexamod:SpiritBrand":0,"MerchantsRug":31,"downfall:HeartBlessingRed":18,"ReplayTheSpireMod:CursedCoin":31,"hubris:MedicalManual":31,"Orichalcum":24,"Akabeko":24,"Durian":27,"Art of War":30,"Bag of Marbles":40,"Grinning Jar":2},{"Vajra":22,"Incense Burner":13,"aspiration:Stabinomicon":16,"Bag of Preparation":26,"Ginger":27,"Cursed Key":11,"Sling":22,"Centennial Puzzle":5,"Replay:Bandana":12,"Matryoshka":3,"downfall:HeartBlessingBlue":21,"hubris:Stopwatch":21,"Pantograph":25,"conspire:DecoderRing":28,"aspiration:ArtOfWarUpgrade":24,"Iron Hammer":15,"hexamod:SpiritBrand":0,"MerchantsRug":19,"downfall:HeartBlessingRed":11,"ReplayTheSpireMod:CursedCoin":19,"hubris:MedicalManual":19,"Orichalcum":15,"Akabeko":15,"Durian":17,"Art of War":18,"Bag of Marbles":25,"Grinning Jar":1},{"Vajra":102,"Incense Burner":58,"aspiration:Stabinomicon":75,"Bag of Preparation":123,"Ginger":130,"Cursed Key":48,"Sling":102,"Centennial Puzzle":21,"Replay:Bandana":52,"Matryoshka":12,"downfall:HeartBlessingBlue":98,"hubris:Stopwatch":98,"Pantograph":117,"conspire:DecoderRing":133,"aspiration:ArtOfWarUpgrade":112,"Iron Hammer":71,"hexamod:SpiritBrand":0,"MerchantsRug":86,"downfall:HeartBlessingRed":48,"ReplayTheSpireMod:CursedCoin":86,"hubris:MedicalManual":86,"Orichalcum":71,"Akabeko":71,"Durian":79,"Art of War":82,"Bag of Marbles":117,"Grinning Jar":5}]},"card_choices":[{"not_picked":["hexamod:NecessarySacrifice","hexamod:BacktrackSmack"],"picked":"hexamod:GhostShield","floor":2.0},{"not_picked":["hexamod:GhostShield","hexamod:InspiringFlames"],"picked":"hexamod:SwordOfDarkness","floor":5.0},{"not_picked":["hexamod:PhantomCloak","hexamod:InspiringFlames"],"picked":"hexamod:SoulSteal","floor":6.0},{"not_picked":["hexamod:RainOfEmbers","hexamod:FastForward"],"picked":"hexamod:DynamicBlow","floor":8.0},{"not_picked":["hexamod:SwordOfDarkness","hexamod:AdvancingGuard"],"picked":"hexamod:ShieldOfDarkness","floor":10.0},{"not_picked":["hexamod:GhostOfSpirePast","hexamod:GhostShield"],"picked":"hexamod:RadiantFlame","floor":11.0},{"not_picked":["hexamod:CrushingStance","hexamod:NightmareStrike"],"picked":"hexamod:Incineration","floor":12.0},{"not_picked":["hexamod:ThermalTransfer","hexamod:FastForward"],"picked":"hexamod:PowerFromBeyond","floor":13.0},{"not_picked":["hexamod:RadiantFlame","hexamod:EtherealExpedition"],"picked":"hexamod:Rewind","floor":14.0},{"not_picked":["hexamod:HauntingEcho","hexamod:SpectersWail"],"picked":"hexamod:HeatShield","floor":15.0},{"not_picked":["hexamod:VolcanoVisage","hexamod:FifthSeal"],"picked":"hexamod:TimeOfNeed","floor":16.0},{"not_picked":["hexamod:ShieldOfDarkness","hexamod:HauntingEcho"],"picked":"hexamod:RainOfEmbers","floor":19.0},{"not_picked":["hexamod:HeatShield","hexamod:RetreatToShadows+1"],"picked":"hexamod:PowerFromBeyond","floor":20.0},{"not_picked":["hexamod:NightmareGuise","hexamod:SuperheatedStrike"],"picked":"hexamod:EtherealExpedition","floor":21.0},{"not_picked":["hexamod:RainOfEmbers+1","hexamod:SwordOfDarkness"],"picked":"hexamod:WildfireWeapon","floor":23.0},{"not_picked":["hexamod:DynamicBlow","hexamod:BacktrackSmack+1"],"picked":"hexamod:RecurringNightmare","floor":25.0},{"not_picked":["hexamod:DynamicBlow","hexamod:EtherealExpedition"],"picked":"hexamod:BurningTouch+1","floor":27.0},{"not_picked":["hexamod:AdvancingGuard+1","hexamod:SwordOfDarkness"],"picked":"hexamod:NightmareGuise+1","floor":28.0},{"not_picked":["hexamod:NightmareStrike","hexamod:Firestarter"],"picked":"hexamod:PhantomFireball","floor":31.0},{"not_picked":["hexamod:NightmareStrike","hexamod:Firestarter"],"picked":"hexamod:EmpoweredFlame+1","floor":32.0},{"not_picked":["hexamod:TimeOfNeed","hexamod:WildfireWeapon"],"picked":"hexamod:Toasty","floor":33.0},{"not_picked":["hexamod:HauntingEcho+1","hexamod:BurningTouch"],"picked":"hexamod:ExtraCrispy","floor":37},{"not_picked":["hexamod:PowerFromBeyond","hexamod:NecessarySacrifice"],"picked":"hexamod:HeatCrush","floor":38},{"not_picked":["hexamod:FastForward+1","hexamod:BurningTouch"],"picked":"hexamod:NightmareGuise+1","floor":40},{"not_picked":["hexamod:AdvancingGuard+1","hexamod:DynamicBlow"],"picked":"hexamod:GhostLash+1","floor":43},{"not_picked":["hexamod:Firestarter","hexamod:SpectralAdrenaline"],"picked":"hexamod:Hexaguard+1","floor":46},{"not_picked":["hexamod:HauntingEcho+1","hexamod:GhostLash","hexamod:TurnItUp"],"picked":"SKIP","floor":47},{"not_picked":["expansioncontent:DarkVoid","expansioncontent:Collect"],"picked":"expansioncontent:FaceSlap","floor":48},{"not_picked":["hexamod:ShieldOfDarkness","hexamod:GhostShield"],"picked":"hexamod:BurningTouch+1","floor":49},{"not_picked":["hexamod:BacktrackSmack","hexamod:Hexaguard+1"],"picked":"hexamod:SpectersWail+1","floor":49},{"not_picked":["hexamod:GhostShield+1","hexamod:SwordOfDarkness","hexamod:InspiringFlames+1"],"picked":"SKIP","floor":50},{"not_picked":["hexamod:GhostLash","hexamod:PhantomFireball"],"picked":"hexamod:FirstSeal","floor":51}],"player_experience":661348,"relics_obtained":[{"floor":2.0,"key":"Grinning Jar"},{"floor":7.0,"key":"Matryoshka"},{"floor":10.0,"key":"Centennial Puzzle"},{"floor":20.0,"key":"Incense Burner"},{"floor":23.0,"key":"Iron Hammer"},{"floor":24.0,"key":"Orichalcum"},{"floor":24.0,"key":"Akabeko"},{"floor":25.0,"key":"aspiration:Stabinomicon"},{"floor":27.0,"key":"Durian"},{"floor":30.0,"key":"Art of War"},{"floor":40,"key":"Bag of Marbles"},{"floor":41,"key":"Pantograph"},{"floor":43,"key":"Bag of Preparation"},{"floor":46,"key":"Ginger"},{"floor":49,"key":"conspire:DecoderRing"}],"event_choices":[{"damage_healed":28.0,"max_hp_gain":0.0,"max_hp_loss":0.0,"gold_gain":0.0,"event_name":"Big Fish","player_choice":"Banana","floor":3.0,"gold_loss":0.0,"damage_taken":0.0},{"damage_healed":0.0,"max_hp_gain":0.0,"max_hp_loss":0.0,"gold_gain":0.0,"event_name":"Lab","player_choice":"Got Potions","floor":4.0,"gold_loss":0.0,"damage_taken":0.0},{"damage_healed":0.0,"max_hp_gain":0.0,"max_hp_loss":8.0,"gold_gain":0.0,"event_name":"betterThird:BetterWriting","player_choice":"Simplicity","floor":29.0,"gold_loss":0.0,"damage_taken":0.0}],"is_beta":false,"boss_relics":[{"not_picked":["Ectoplasm","conspire:SlowCooker"],"picked":"Cursed Key"},{"not_picked":["conspire:SpecialSausage","Painkiller Herb"],"picked":"hubris:Stopwatch"}],"items_purged_floors":[],"is_endless":false,"potions_floor_spawned":[2,6,10,11,12,20,25,32,33,38,40,47,50,51],"ascension_level":1}}