{"host":"78zdngn0u28jm0pp","time":1608518999,"event":{"mods":["BaseMod","Jorbs\u0027s Wanderer Trilogy","Minty Spire (QoL Compilation)","Permanent Neow","Quick Restart","Relic Stats","StSLib","Unceasing Turn Reminder"],"gold_per_floor":[113,113,263,274,65,94,94,122,201,216,216,216,1,1,1,77,77,97,111,123,123,123,123,48,48,48,63,89,99,149,166,166,166,166],"floor_reached":33,"playtime":1218,"items_purged":["Decay"],"score":596,"play_id":"5e62e59c-7973-47b9-88cd-42975bb65dbd","local_time":"20201220194959","is_ascension_mode":true,"campfire_choices":[{"data":"Apotheosis","floor":7,"key":"SMITH"},{"floor":12,"key":"REST"},{"data":"Crippling Poison","floor":15,"key":"SMITH"},{"floor":23,"key":"REST"},{"floor":32,"key":"REST"}],"circlet_count":0,"master_deck":["AscendersBane","Strike_G","Strike_G","Strike_G","Strike_G","Strike_G","Defend_G+1","Defend_G","Defend_G+1","Defend_G","Defend_G","Survivor","Neutralize+1","Cloak And Dagger","All Out Attack","Apotheosis+1","Glass Knife+1","Crippling Poison+1","Noxious Fumes+1","Dagger Throw","After Image","Backstab","Slice","Backflip+1","Deflect+1","Corpse Explosion+1","Acrobatics+1","Dash+1"],"relics":["Ring of the Snake","NeowsBlessing","War Paint","Orichalcum","Question Card","Medical Kit","Runic Pyramid","Toxic Egg 2","Meat on the Bone","Whetstone"],"acts_visited":["Exordium","TheCity"],"potions_floor_usage":[5,6,18,19,33],"damage_taken":[{"damage":0,"enemies":"2 Louse","floor":1,"turns":1},{"damage":0,"enemies":"Jaw Worm","floor":4,"turns":1},{"damage":0,"enemies":"3 Sentries","floor":6,"turns":1},{"damage":43,"enemies":"Gremlin Nob","floor":8,"turns":5},{"damage":0,"enemies":"Small Slimes","floor":10,"turns":2},{"damage":26,"enemies":"The Guardian","floor":16,"turns":11},{"damage":11,"enemies":"2 Thieves","floor":18,"turns":4},{"damage":16,"enemies":"Shell Parasite","floor":19,"turns":5},{"damage":19,"enemies":"Snake Plant","floor":20,"turns":5},{"damage":0,"enemies":"Cultist and Chosen","floor":27,"turns":6},{"damage":9,"enemies":"Gremlin Leader","floor":28,"turns":6},{"damage":0,"enemies":"Chosen and Byrds","floor":29,"turns":5},{"damage":25,"enemies":"Snake Plant","floor":31,"turns":4},{"damage":99,"enemies":"Automaton","floor":33,"turns":10}],"seed_played":"-5353209000986882537","potions_obtained":[{"floor":1,"key":"ColorlessPotion"},{"floor":4,"key":"Fruit Juice"},{"floor":8,"key":"ColorlessPotion"},{"floor":10,"key":"FairyPotion"},{"floor":18,"key":"ColorlessPotion"},{"floor":20,"key":"BlessingOfTheForge"},{"floor":28,"key":"FearPotion"}],"is_trial":false,"path_per_floor":["M","?","?","M","$","E","R","E","T","M","?","R","$","?","R","B",null,"M","M","M","T","?","R","$","?","T","M","E","M","?","M","R","B"],"character_chosen":"THE_SILENT","items_purchased":["Apotheosis","Medical Kit","Dagger Throw"],"campfire_rested":3,"item_purchase_floors":[5,13,13],"current_hp_per_floor":[59,64,64,64,69,69,69,26,26,26,19,41,41,41,41,15,61,50,34,15,15,15,37,37,37,37,49,40,40,33,20,42,0,0],"gold":166,"neow_bonus":"THREE_ENEMY_KILL","is_daily":false,"chose_seed":false,"campfire_upgraded":2,"win_rate":0.0,"timestamp":1608518999,"path_taken":["M","?","?","?","$","E","R","E","T","M","?","R","$","?","R","BOSS","M","M","M","?","?","R","$","?","T","M","E","M","?","M","R","BOSS"],"items_purchased_type":["Card","Relic","Card"],"build_version":"2020-12-13","purchased_purges":1,"victory":false,"max_hp_per_floor":[66,71,71,71,76,76,76,76,76,76,76,76,76,76,76,76,76,76,76,76,76,76,76,76,76,76,76,76,76,76,76,76,76,76],"relic_stats":{"counters":[14,66],"Whetstone":["Glass Knife","Neutralize"],"War Paint":["Defend_G","Defend_G"],"Orichalcum":[60],"Question Card":9,"Medical Kit":[3],"obtain_stats":[{"NeowsBlessing":0,"Whetstone":28,"War Paint":6,"Orichalcum":8,"Toxic Egg 2":21,"Question Card":9,"Medical Kit":13,"Ring of the Snake":0,"Runic Pyramid":17,"Meat on the Bone":26},{"NeowsBlessing":0,"Whetstone":11,"War Paint":3,"Orichalcum":4,"Toxic Egg 2":9,"Question Card":4,"Medical Kit":5,"Ring of the Snake":0,"Runic Pyramid":6,"Meat on the Bone":9},{"NeowsBlessing":0,"Whetstone":47,"War Paint":3,"Orichalcum":8,"Toxic Egg 2":35,"Question Card":8,"Medical Kit":10,"Ring of the Snake":0,"Runic Pyramid":21,"Meat on the Bone":35}],"Ring of the Snake":[28],"Meat on the Bone":24},"card_choices":[{"not_picked":["Choke","PiercingWail"],"picked":"Cloak And Dagger","floor":1},{"not_picked":["Outmaneuver","Flechettes"],"picked":"All Out Attack","floor":4},{"not_picked":["Choke","Cloak And Dagger"],"picked":"Glass Knife","floor":6},{"not_picked":["Cloak And Dagger","Dagger Throw"],"picked":"Crippling Poison","floor":8},{"not_picked":["Outmaneuver","Infinite Blades","Deadly Poison"],"picked":"Noxious Fumes","floor":10},{"not_picked":["Burst","Envenom","Venomology"],"picked":"After Image","floor":16},{"not_picked":["Blur","Deadly Poison","All Out Attack"],"picked":"Backstab","floor":18},{"not_picked":["Predator","Calculated Gamble","Deadly Poison+1"],"picked":"Slice","floor":19},{"not_picked":["Quick Slash","Flechettes","Sucker Punch"],"picked":"Backflip+1","floor":20},{"not_picked":["Crippling Poison+1","Poisoned Stab","Noxious Fumes"],"picked":"Deflect+1","floor":27},{"not_picked":["Caltrops","Reflex+1","Flying Knee+1"],"picked":"Corpse Explosion+1","floor":28},{"not_picked":["Underhanded Strike","Flying Knee","Skewer"],"picked":"Acrobatics+1","floor":29},{"not_picked":["Dodge and Roll+1","Poisoned Stab","Caltrops"],"picked":"Dash+1","floor":31}],"player_experience":660567,"relics_obtained":[{"floor":6,"key":"War Paint"},{"floor":8,"key":"Orichalcum"},{"floor":9,"key":"Question Card"},{"floor":21,"key":"Toxic Egg 2"},{"floor":26,"key":"Meat on the Bone"},{"floor":28,"key":"Whetstone"}],"event_choices":[{"damage_healed":0,"gold_gain":0,"player_choice":"Donut","damage_taken":0,"max_hp_gain":5,"max_hp_loss":0,"event_name":"Big Fish","floor":2,"gold_loss":0},{"damage_healed":0,"gold_gain":150,"player_choice":"AGREE","damage_taken":0,"max_hp_gain":0,"max_hp_loss":0,"event_name":"Liars Game","floor":3,"gold_loss":0,"cards_obtained":["Doubt"]},{"cards_removed":["Doubt"],"damage_healed":0,"gold_gain":0,"player_choice":"Card Removal","damage_taken":7,"max_hp_gain":0,"max_hp_loss":0,"event_name":"Golden Wing","floor":11,"gold_loss":0},{"damage_healed":0,"gold_gain":0,"player_choice":"Forge","damage_taken":0,"max_hp_gain":0,"max_hp_loss":0,"event_name":"Accursed Blacksmith","floor":14,"gold_loss":0,"cards_upgraded":["Noxious Fumes"]},{"damage_healed":0,"gold_gain":0,"player_choice":"Smashed Altar","damage_taken":0,"max_hp_gain":0,"max_hp_loss":0,"event_name":"Forgotten Altar","floor":22,"gold_loss":0,"cards_obtained":["Decay"]},{"damage_healed":0,"gold_gain":0,"player_choice":"Ignored","damage_taken":0,"max_hp_gain":0,"max_hp_loss":0,"event_name":"Vampires","floor":25,"gold_loss":0},{"damage_healed":0,"gold_gain":50,"player_choice":"Touch","damage_taken":7,"max_hp_gain":0,"max_hp_loss":0,"event_name":"FaceTrader","floor":30,"gold_loss":0}],"is_beta":false,"boss_relics":[{"not_picked":["HoveringKite","Astrolabe"],"picked":"Runic Pyramid"}],"items_purged_floors":[24],"is_endless":false,"potions_floor_spawned":[1,4,8,10,18,20,28],"killed_by":"Automaton","ascension_level":20}}