{"host":"fne7yx97fnz7kq05","time":1608586165,"event":{"mods":["BaseMod","Colored Map","Colored Powertips","Highlight Path","Minty Spire (QoL Compilation)","Relic Stats"],"gold_per_floor":[117,117,138,138,138,177,177,220,267,267,292,333,0,14,14,138,138,157,181,202,202,8,8,47,47,72,92,130,130,130,149,149,273,273,294,308,308,333,333,333,333],"floor_reached":40,"playtime":1868,"items_purged":["Strike_G"],"score":618,"play_id":"bdf34e3b-55c8-4004-beb7-02e3a62de479","local_time":"20201221152925","is_ascension_mode":true,"campfire_choices":[{"data":"Dagger Spray","floor":7,"key":"SMITH"},{"data":"Masterful Stab","floor":10,"key":"SMITH"},{"floor":15,"key":"REST"},{"data":"Accuracy","floor":23,"key":"SMITH"},{"data":"Blade Dance","floor":25,"key":"SMITH"},{"floor":29,"key":"REST"},{"data":"Burst","floor":32,"key":"SMITH"}],"circlet_count":0,"master_deck":["Strike_G","Defend_G","Defend_G","Defend_G","Defend_G","Defend_G","Survivor","Neutralize","Backflip","Masterful Stab+1","Dagger Spray+1","Bouncing Flask","Cloak And Dagger","Accuracy+1","Burst+1","Dodge and Roll","Blade Dance","Phantasmal Killer","Flechettes+1","Noxious Fumes+1","Choke+1","Blade Dance+1","Backflip+1","After Image","Sucker Punch","Acrobatics+1","Malaise","Catalyst+1","Accuracy","Envenom","Cloak And Dagger"],"relics":["Philosopher\u0027s Stone","Golden Idol","Blood Vial","Dream Catcher","Oddly Smooth Stone","Tiny Chest","Torii","Membership Card","Astrolabe","Gremlin Horn","Strawberry","Centennial Puzzle","Art of War","Kunai","Runic Dome"],"acts_visited":["Exordium","TheCity","TheBeyond"],"potions_floor_usage":[6,12,16,16,18,28],"damage_taken":[{"damage":1,"enemies":"Small Slimes","floor":1,"turns":4},{"damage":5,"enemies":"Jaw Worm","floor":3,"turns":4},{"damage":24,"enemies":"Lagavulin","floor":6,"turns":9},{"damage":7,"enemies":"3 Sentries","floor":8,"turns":7},{"damage":0,"enemies":"Cultist","floor":11,"turns":2},{"damage":17,"enemies":"Gremlin Nob","floor":12,"turns":3},{"damage":0,"enemies":"Exordium Wildlife","floor":14,"turns":2},{"damage":0,"enemies":"Slime Boss","floor":16,"turns":6},{"damage":0,"enemies":"Spheric Guardian","floor":18,"turns":3},{"damage":20,"enemies":"Shell Parasite","floor":19,"turns":4},{"damage":10,"enemies":"Snecko","floor":20,"turns":5},{"damage":12,"enemies":"Gremlin Leader","floor":24,"turns":5},{"damage":18,"enemies":"Centurion and Healer","floor":27,"turns":4},{"damage":2,"enemies":"Slavers","floor":28,"turns":4},{"damage":1,"enemies":"3 Cultists","floor":31,"turns":4},{"damage":14,"enemies":"Champ","floor":33,"turns":7},{"damage":12,"enemies":"3 Darklings","floor":35,"turns":6},{"damage":12,"enemies":"Orb Walker","floor":36,"turns":2},{"damage":29,"enemies":"Maw","floor":38,"turns":5},{"damage":24,"enemies":"Nemesis","floor":40,"turns":5}],"seed_played":"-5948789442962398850","potions_obtained":[{"floor":3,"key":"Swift Potion"},{"floor":8,"key":"SpeedPotion"},{"floor":11,"key":"ColorlessPotion"},{"floor":16,"key":"Swift Potion"},{"floor":19,"key":"Strength Potion"},{"floor":24,"key":"DuplicationPotion"},{"floor":33,"key":"DistilledChaos"},{"floor":38,"key":"Dexterity Potion"}],"is_trial":false,"path_per_floor":["M","?","M","?","?","E","R","E","T","R","M","E","$","M","R","B",null,"M","M","M","?","$","R","E","R","T","M","E","R","T","M","R","B",null,"M","M","?","M","T","E"],"character_chosen":"THE_SILENT","items_purchased":["Membership Card","Accuracy","Burst","DuplicationPotion","Gremlin Horn","After Image"],"campfire_rested":2,"item_purchase_floors":[13,13,13,13,22,22],"current_hp_per_floor":[69,65,60,53,58,36,36,31,31,31,33,18,18,20,41,43,63,65,47,39,39,39,39,36,36,36,20,20,43,43,44,44,32,66,56,46,46,19,19,0,0],"gold":333,"neow_bonus":"BOSS_RELIC","is_daily":false,"chose_seed":false,"campfire_upgraded":5,"win_rate":0.0,"timestamp":1608586165,"path_taken":["M","?","M","?","?","E","R","E","T","R","M","E","?","M","R","BOSS","M","M","M","?","?","R","E","R","T","M","E","R","?","M","R","BOSS","M","M","?","M","?","E"],"items_purchased_type":["Relic","Card","Card","Potion","Relic","Card"],"build_version":"2020-12-13","purchased_purges":1,"victory":false,"max_hp_per_floor":[70,65,65,65,70,70,70,70,70,70,70,70,70,70,70,70,70,70,70,70,70,70,70,77,77,77,77,77,77,77,77,77,77,77,77,77,77,77,77,77,77],"relic_stats":{"Blood Vial":36,"Dream Catcher":2,"Centennial Puzzle":[24],"Torii":20,"Gremlin Horn":[13,13],"counters":[20,91],"Golden Idol":136,"Astrolabe":["Flechettes","Noxious Fumes","Choke"],"Tiny Chest":1,"Art of War":[7],"Kunai":[23],"obtain_stats":[{"Torii":12,"Gremlin Horn":22,"Golden Idol":2,"Astrolabe":17,"Oddly Smooth Stone":8,"Blood Vial":4,"Runic Dome":34,"Dream Catcher":6,"Centennial Puzzle":26,"Strawberry":24,"Philosopher\u0027s Stone":0,"Tiny Chest":9,"Art of War":28,"Membership Card":13,"Kunai":30,"Ring of the Snake":0},{"Torii":6,"Gremlin Horn":11,"Golden Idol":1,"Astrolabe":8,"Oddly Smooth Stone":4,"Blood Vial":2,"Runic Dome":16,"Dream Catcher":3,"Centennial Puzzle":12,"Strawberry":12,"Philosopher\u0027s Stone":0,"Tiny Chest":4,"Art of War":14,"Membership Card":6,"Kunai":14,"Ring of the Snake":0},{"Torii":29,"Gremlin Horn":49,"Golden Idol":4,"Astrolabe":37,"Oddly Smooth Stone":24,"Blood Vial":8,"Runic Dome":73,"Dream Catcher":17,"Centennial Puzzle":54,"Strawberry":54,"Philosopher\u0027s Stone":0,"Tiny Chest":24,"Art of War":62,"Membership Card":29,"Kunai":62,"Ring of the Snake":0}]},"card_choices":[{"not_picked":["Prepared","Endless Agony"],"picked":"Backflip","floor":1},{"not_picked":["Outmaneuver","Backflip"],"picked":"Masterful Stab","floor":3},{"not_picked":["Cloak And Dagger","Flying Knee"],"picked":"Dagger Spray","floor":6},{"not_picked":["All Out Attack","Backstab","Setup"],"picked":"SKIP","floor":8},{"not_picked":["Slice","Prepared"],"picked":"Bouncing Flask","floor":11},{"not_picked":["Dagger Spray","Setup"],"picked":"Cloak And Dagger","floor":12},{"not_picked":["All Out Attack","Masterful Stab"],"picked":"Dodge and Roll","floor":14},{"not_picked":["Backflip","Infinite Blades"],"picked":"Blade Dance","floor":15},{"not_picked":["Glass Knife","Night Terror"],"picked":"Phantasmal Killer","floor":16},{"not_picked":["Concentrate","Crippling Poison"],"picked":"Blade Dance","floor":18},{"not_picked":["Quick Slash","PiercingWail"],"picked":"Backflip+1","floor":19},{"not_picked":["Caltrops","Eviscerate","Noxious Fumes+1"],"picked":"SKIP","floor":20},{"not_picked":["Quick Slash","Escape Plan"],"picked":"Sucker Punch","floor":24},{"not_picked":["Sucker Punch+1","Dagger Spray"],"picked":"Acrobatics+1","floor":27},{"not_picked":["Distraction","Dagger Throw"],"picked":"Malaise","floor":28},{"not_picked":["Backflip+1","Bane"],"picked":"Catalyst+1","floor":29},{"not_picked":["Underhanded Strike","Dash"],"picked":"Accuracy","floor":31},{"not_picked":["Tools of the Trade","Grand Finale"],"picked":"Envenom","floor":33},{"not_picked":["Bane","Poisoned Stab+1","All Out Attack+1"],"picked":"SKIP","floor":35},{"not_picked":["Deadly Poison","Flechettes","Bane"],"picked":"SKIP","floor":36},{"not_picked":["Dagger Throw","Predator+1"],"picked":"Cloak And Dagger","floor":38}],"player_experience":133383,"relics_obtained":[{"floor":6,"key":"Dream Catcher"},{"floor":8,"key":"Oddly Smooth Stone"},{"floor":9,"key":"Tiny Chest"},{"floor":12,"key":"Torii"},{"floor":24,"key":"Strawberry"},{"floor":26,"key":"Centennial Puzzle"},{"floor":28,"key":"Art of War"},{"floor":30,"key":"Kunai"}],"event_choices":[{"damage_healed":0,"gold_gain":0,"player_choice":"Lose Max HP","damage_taken":0,"relics_obtained":["Golden Idol"],"max_hp_gain":0,"max_hp_loss":5,"event_name":"Golden Idol","floor":2,"gold_loss":0},{"damage_healed":0,"gold_gain":0,"player_choice":"Success","damage_taken":7,"relics_obtained":["Blood Vial"],"max_hp_gain":0,"max_hp_loss":0,"event_name":"Scrap Ooze","floor":4,"gold_loss":0},{"damage_healed":0,"gold_gain":0,"player_choice":"Donut","damage_taken":0,"max_hp_gain":5,"max_hp_loss":0,"event_name":"Big Fish","floor":5,"gold_loss":0},{"damage_healed":0,"gold_gain":0,"player_choice":"Ignored","damage_taken":0,"max_hp_gain":0,"max_hp_loss":0,"event_name":"Vampires","floor":21,"gold_loss":0},{"damage_healed":0,"gold_gain":0,"player_choice":"Ignored","damage_taken":0,"max_hp_gain":0,"max_hp_loss":0,"event_name":"Tomb of Lord Red Mask","floor":37,"gold_loss":0}],"is_beta":false,"boss_relics":[{"not_picked":["Sozu","Cursed Key"],"picked":"Astrolabe"},{"not_picked":["Fusion Hammer","Velvet Choker"],"picked":"Runic Dome"}],"items_purged_floors":[13],"is_endless":false,"potions_floor_spawned":[3,8,11,16,19,24,33,38],"killed_by":"Nemesis","ascension_level":5}}