{"host":"rmsq46plbpwfbxcc","time":1608553548,"event":{"mods":["AchievementEnabler","BaseMod","Colored Map","DeckTracker","Minty Spire (QoL Compilation)","Permanent Neow","SuperFastMode"],"gold_per_floor":[111,127,139,151,151,151,184,202,202,202,229,229,242,192,192,270,270,270,305,305,260,260],"floor_reached":21,"playtime":714,"items_purged":["Defend_G"],"score":340,"play_id":"9655387c-ddc1-432f-aa53-3d21c60a5526","local_time":"20201221212548","is_ascension_mode":true,"campfire_choices":[{"data":"Neutralize","floor":6.0,"key":"SMITH"},{"floor":10.0,"key":"REST"},{"data":"Cloak And Dagger","floor":12.0,"key":"SMITH"},{"floor":15.0,"key":"REST"}],"circlet_count":0,"master_deck":["AscendersBane","Strike_G","Strike_G","Strike_G","Strike_G","Defend_G","Defend_G","Defend_G","Defend_G","Survivor","Neutralize+1","Cloak And Dagger+1","Backflip","Finisher","Accuracy","Dash","PiercingWail","A Thousand Cuts","Backstab"],"relics":["WristBlade","Smiling Mask","Bottled Lightning","Gremlin Horn","Coffee Dripper","Nloth\u0027s Gift"],"acts_visited":["Exordium","TheCity"],"potions_floor_usage":[],"damage_taken":[{"damage":10.0,"enemies":"Jaw Worm","floor":1.0,"turns":6.0},{"damage":0.0,"enemies":"Small Slimes","floor":2.0,"turns":4.0},{"damage":0.0,"enemies":"Cultist","floor":3.0,"turns":3.0},{"damage":7.0,"enemies":"Exordium Thugs","floor":4.0,"turns":5.0},{"damage":9.0,"enemies":"Lagavulin","floor":7.0,"turns":8.0},{"damage":7.0,"enemies":"2 Fungi Beasts","floor":8.0,"turns":4.0},{"damage":25.0,"enemies":"3 Sentries","floor":11.0,"turns":13.0},{"damage":0.0,"enemies":"Exordium Wildlife","floor":13.0,"turns":4.0},{"damage":16.0,"enemies":"The Guardian","floor":16.0,"turns":15.0},{"damage":1.0,"enemies":"Spheric Guardian","floor":18.0,"turns":3.0},{"damage":52,"enemies":"Masked Bandits","floor":19,"turns":5},{"damage":7,"enemies":"2 Thieves","floor":21,"turns":3}],"seed_played":"-8697630068126292955","potions_obtained":[{"floor":3.0,"key":"Strength Potion"},{"floor":4.0,"key":"Swift Potion"},{"floor":11.0,"key":"Poison Potion"},{"floor":13.0,"key":"SmokeBomb"}],"is_trial":false,"path_per_floor":["M","M","M","M","?","R","E","M","T","R","E","R","M","$","R","B",null,"M","?","?","M"],"character_chosen":"THE_SILENT","items_purchased":[],"campfire_rested":2,"item_purchase_floors":[],"current_hp_per_floor":[49,49,49,42,35,35,26,19,19,38,13,13,13,13,32,16,54,53,1,1,0,0],"gold":260,"neow_bonus":"BOSS_RELIC","is_daily":false,"chose_seed":false,"campfire_upgraded":2,"win_rate":0.0,"timestamp":1608553548,"path_taken":["M","M","M","M","?","R","E","M","T","R","E","R","M","$","R","BOSS","M","?","?","M"],"items_purchased_type":[],"build_version":"2020-12-13","purchased_purges":1,"victory":false,"max_hp_per_floor":[66,66,66,66,66,66,66,66,66,66,66,66,66,66,66,66,66,66,66,66,66,66],"card_choices":[{"not_picked":["Poisoned Stab","Escape Plan"],"picked":"Cloak And Dagger","floor":1.0},{"not_picked":["Outmaneuver","Poisoned Stab"],"picked":"Backflip","floor":2.0},{"not_picked":["Catalyst","Expertise"],"picked":"Finisher","floor":3.0},{"not_picked":["Poisoned Stab","Sucker Punch","Bouncing Flask"],"picked":"SKIP","floor":4.0},{"not_picked":["Bullet Time","Cloak And Dagger"],"picked":"Accuracy","floor":7.0},{"not_picked":["Acrobatics","Flying Knee","Poisoned Stab"],"picked":"SKIP","floor":8.0},{"not_picked":["Acrobatics","Cloak And Dagger"],"picked":"Dash","floor":11.0},{"not_picked":["Dash","Infinite Blades"],"picked":"PiercingWail","floor":13.0},{"not_picked":["Die Die Die","Wraith Form v2"],"picked":"A Thousand Cuts","floor":16.0},{"not_picked":["Flying Knee","Quick Slash+1"],"picked":"Backstab","floor":19}],"player_experience":1350332,"relics_obtained":[{"floor":7.0,"key":"Smiling Mask"},{"floor":9.0,"key":"Bottled Lightning"},{"floor":11.0,"key":"Gremlin Horn"},{"floor":19,"key":"Red Mask"}],"event_choices":[{"cards_removed":["Strike_G"],"damage_healed":0.0,"max_hp_gain":0.0,"max_hp_loss":0.0,"gold_gain":0.0,"event_name":"Golden Wing","player_choice":"Card Removal","floor":5.0,"gold_loss":0.0,"damage_taken":7.0},{"damage_healed":0,"gold_gain":0,"player_choice":"Fought Bandits","damage_taken":0,"max_hp_gain":0,"max_hp_loss":0,"event_name":"Masked Bandits","floor":19,"gold_loss":0},{"damage_healed":0,"gold_gain":0,"player_choice":"Traded Relic","damage_taken":0,"relics_obtained":["Nloth\u0027s Gift"],"max_hp_gain":0,"max_hp_loss":0,"event_name":"N\u0027loth","floor":20,"relics_lost":["Red Mask"],"gold_loss":0}],"is_beta":false,"boss_relics":[{"not_picked":["Runic Pyramid","Tiny House"],"picked":"Coffee Dripper"}],"items_purged_floors":[14],"is_endless":false,"potions_floor_spawned":[3,4,11,13,18],"killed_by":"2 Thieves","ascension_level":16}}