{"host":"mvlqq966zh3ccmv5","time":1608538379,"event":{"mods":["AchievementEnabler","BaseMod","DeckTracker","Minty Spire (QoL Compilation)","SuperFastMode"],"gold_per_floor":[110,128,140,156,156,156,174,187,187,187,212,212,225,244,244,244,244],"floor_reached":16,"playtime":295,"items_purged":[],"score":197,"play_id":"fc16f807-b016-4ac4-ad15-80564b558169","local_time":"20201221171259","is_ascension_mode":true,"campfire_choices":[{"floor":6.0,"key":"REST"},{"data":"Blade Dance","floor":12.0,"key":"SMITH"},{"data":"Blade Dance","floor":15.0,"key":"SMITH"}],"circlet_count":0,"master_deck":["AscendersBane","Strike_G","Strike_G","Strike_G","Strike_G","Strike_G","Defend_G","Defend_G","Defend_G","Defend_G","Defend_G","Survivor","Neutralize","Poisoned Stab","Blade Dance+1","Adrenaline+1","Finisher","Slice","Blade Dance+1","Flying Knee","Masterful Stab"],"relics":["Ring of the Snake","NeowsBlessing","Thread and Needle","Bottled Lightning"],"acts_visited":["Exordium"],"potions_floor_usage":[16],"damage_taken":[{"damage":0.0,"enemies":"Small Slimes","floor":1.0,"turns":1.0},{"damage":0.0,"enemies":"Cultist","floor":2.0,"turns":1.0},{"damage":0.0,"enemies":"2 Louse","floor":3.0,"turns":1.0},{"damage":32.0,"enemies":"Gremlin Gang","floor":4.0,"turns":6.0},{"damage":16.0,"enemies":"Exordium Thugs","floor":7.0,"turns":5.0},{"damage":1.0,"enemies":"Looter","floor":8.0,"turns":3.0},{"damage":0.0,"enemies":"Gremlin Nob","floor":11.0,"turns":3.0},{"damage":0.0,"enemies":"3 Louse","floor":13.0,"turns":2.0},{"damage":3.0,"enemies":"Lots of Slimes","floor":14.0,"turns":3.0},{"damage":24,"enemies":"The Guardian","floor":16,"turns":5}],"seed_played":"6511508739803048167","potions_obtained":[{"floor":7.0,"key":"SteroidPotion"},{"floor":8.0,"key":"Swift Potion"},{"floor":10.0,"key":"Fruit Juice"},{"floor":10.0,"key":"GamblersBrew"},{"floor":11.0,"key":"GamblersBrew"},{"floor":14.0,"key":"Swift Potion"}],"is_trial":false,"path_per_floor":["M","M","M","M","?","R","M","M","T","?","E","R","M","M","R","B"],"character_chosen":"THE_SILENT","items_purchased":[],"campfire_rested":1,"item_purchase_floors":[],"current_hp_per_floor":[63,63,63,31,31,52,36,35,35,40,40,40,40,37,37,13,13],"gold":244,"neow_bonus":"THREE_ENEMY_KILL","is_daily":false,"chose_seed":false,"campfire_upgraded":2,"win_rate":0.0,"timestamp":1608538379,"path_taken":["M","M","M","M","?","R","M","?","T","?","E","R","M","?","R","BOSS"],"items_purchased_type":[],"build_version":"2020-12-13","purchased_purges":0,"victory":false,"max_hp_per_floor":[70,70,70,70,70,70,70,70,70,75,75,75,75,75,75,75,75],"card_choices":[{"not_picked":["PiercingWail","Deflect"],"picked":"Poisoned Stab","floor":1.0},{"not_picked":["Quick Slash","Sucker Punch"],"picked":"Blade Dance","floor":2.0},{"not_picked":["Crippling Poison","Endless Agony"],"picked":"Adrenaline","floor":3.0},{"not_picked":["Catalyst","Caltrops","Deadly Poison"],"picked":"SKIP","floor":4.0},{"not_picked":["Choke","Dagger Spray"],"picked":"Finisher","floor":7.0},{"not_picked":["Crippling Poison","Well Laid Plans"],"picked":"Slice","floor":8.0},{"not_picked":["Night Terror","Flying Knee"],"picked":"Blade Dance","floor":11.0},{"not_picked":["Skewer","Prepared"],"picked":"Flying Knee","floor":13.0},{"not_picked":["Backflip","Dodge and Roll"],"picked":"Masterful Stab","floor":14.0}],"player_experience":220022,"relics_obtained":[{"floor":9.0,"key":"Thread and Needle"},{"floor":11.0,"key":"Bottled Lightning"}],"event_choices":[{"damage_healed":0.0,"max_hp_gain":0.0,"max_hp_loss":0.0,"gold_gain":0.0,"event_name":"Upgrade Shrine","player_choice":"Upgraded","floor":5.0,"gold_loss":0.0,"damage_taken":0.0,"cards_upgraded":["Adrenaline"]},{"damage_healed":0.0,"max_hp_gain":0.0,"max_hp_loss":0.0,"gold_gain":0.0,"event_name":"Lab","player_choice":"Got Potions","floor":10.0,"gold_loss":0.0,"damage_taken":0.0}],"is_beta":false,"boss_relics":[],"items_purged_floors":[],"is_endless":false,"potions_floor_spawned":[7,8,11,14],"killed_by":"The Guardian","ascension_level":10}}