{"host":"78zdngn0u28jm0pp","time":1608531746,"event":{"mods":["BaseMod","Jorbs\u0027s Wanderer Trilogy","Minty Spire (QoL Compilation)","Permanent Neow","Quick Restart","Relic Stats","StSLib","Unceasing Turn Reminder"],"gold_per_floor":[110,110,123,133,54,54,65,65,65,97,97,159,159,193,193,267,267,283,283,130,144,160,160,172,187,211,211,241,256,281,62,62,136,136,152,152,102,114,130,165,165,190,190,210,210,229,229,229,229,229,229],"floor_reached":50,"playtime":2228,"items_purged":["Writhe","Strike_G"],"score":1200,"play_id":"80f68cd5-1d42-4ada-aa2e-46291530f346","local_time":"20201220232226","is_ascension_mode":true,"campfire_choices":[{"data":"Leg Sweep","floor":6,"key":"SMITH"},{"floor":8,"key":"REST"},{"data":"Poisoned Stab","floor":11,"key":"SMITH"},{"data":"Deadly Poison","floor":13,"key":"SMITH"},{"data":"Poisoned Stab","floor":15,"key":"SMITH"},{"data":"Crippling Poison","floor":23,"key":"SMITH"},{"data":"Catalyst","floor":32,"key":"SMITH"},{"data":"Catalyst","floor":41,"key":"SMITH"},{"data":"After Image","floor":45,"key":"SMITH"},{"floor":49,"key":"RECALL"}],"circlet_count":0,"master_deck":["AscendersBane","Strike_G","Defend_G+1","Defend_G","Defend_G","Defend_G","Defend_G","Survivor","Neutralize","Flying Knee","Leg Sweep+1","Blade Dance+1","Poisoned Stab+1","PiercingWail","Backflip","Deadly Poison+1","Poisoned Stab+1","Adrenaline","Dash","Crippling Poison+1","Dodge and Roll","Noxious Fumes","Prepared+1","Catalyst+1","Outmaneuver","Caltrops","Backstab","Catalyst+1","After Image+1","Bouncing Flask+1","Bouncing Flask+1","Catalyst+1","Deflect+1","Tactician"],"relics":["Ring of the Snake","The Specimen","Eternal Feather","HornCleat","Bag of Preparation","Snake Skull","Coffee Dripper","Art of War","PreservedInsect","War Paint","Bottled Flame","SlaversCollar","Question Card","Centennial Puzzle"],"acts_visited":["Exordium","TheCity","TheBeyond"],"potions_floor_usage":[10,12,12,21,25,28,33,33,38,50],"damage_taken":[{"damage":2,"enemies":"Jaw Worm","floor":1,"turns":6},{"damage":0,"enemies":"Cultist","floor":3,"turns":4},{"damage":3,"enemies":"Small Slimes","floor":4,"turns":5},{"damage":0,"enemies":"2 Fungi Beasts","floor":7,"turns":4},{"damage":10,"enemies":"3 Sentries","floor":10,"turns":9},{"damage":22,"enemies":"Lagavulin Event","floor":12,"turns":7},{"damage":14,"enemies":"Gremlin Nob","floor":14,"turns":4},{"damage":9,"enemies":"The Guardian","floor":16,"turns":9},{"damage":0,"enemies":"Spheric Guardian","floor":18,"turns":2},{"damage":1,"enemies":"Shell Parasite","floor":21,"turns":4},{"damage":0,"enemies":"Centurion and Healer","floor":22,"turns":6},{"damage":0,"enemies":"Cultist and Chosen","floor":24,"turns":5},{"damage":8,"enemies":"Snake Plant","floor":25,"turns":4},{"damage":3,"enemies":"Book of Stabbing","floor":28,"turns":4},{"damage":3,"enemies":"Sentry and Sphere","floor":29,"turns":5},{"damage":0,"enemies":"Gremlin Leader","floor":30,"turns":4},{"damage":51,"enemies":"Champ","floor":33,"turns":9},{"damage":0,"enemies":"Orb Walker","floor":35,"turns":2},{"damage":1,"enemies":"3 Darklings","floor":38,"turns":5},{"damage":3,"enemies":"Writhing Mass","floor":39,"turns":3},{"damage":19,"enemies":"Reptomancer","floor":40,"turns":4},{"damage":9,"enemies":"Giant Head","floor":42,"turns":3},{"damage":0,"enemies":"Transient","floor":44,"turns":5},{"damage":8,"enemies":"4 Shapes","floor":46,"turns":4},{"damage":68,"enemies":"Awakened One","floor":50,"turns":7}],"seed_played":"3975775949582387482","potions_obtained":[{"floor":3,"key":"AttackPotion"},{"floor":7,"key":"Energy Potion"},{"floor":10,"key":"Poison Potion"},{"floor":16,"key":"GamblersBrew"},{"floor":18,"key":"AttackPotion"},{"floor":24,"key":"Dexterity Potion"},{"floor":29,"key":"Swift Potion"},{"floor":30,"key":"Regen Potion"},{"floor":33,"key":"GhostInAJar"},{"floor":38,"key":"LiquidBronze"},{"floor":39,"key":"SmokeBomb"},{"floor":42,"key":"Swift Potion"}],"is_trial":false,"path_per_floor":["M","?","M","M","$","R","M","R","T","E","R","?","R","E","R","B",null,"M","?","$","M","M","R","M","M","T","?","E","M","E","$","R","B",null,"M","?","?","M","M","E","R","E","T","M","R","M","?","?","R","B"],"character_chosen":"THE_SILENT","items_purchased":["Poisoned Stab","PiercingWail","Crippling Poison","Catalyst","Noxious Fumes"],"campfire_rested":1,"item_purchase_floors":[5,5,20,31,31],"current_hp_per_floor":[42,42,42,39,39,39,39,58,58,48,57,35,44,30,42,33,58,58,58,58,57,57,66,66,58,58,58,55,52,52,52,66,27,56,56,56,56,55,52,33,51,42,42,42,63,55,55,55,66,0,0],"gold":229,"neow_bonus":"ONE_RARE_RELIC","is_daily":false,"chose_seed":false,"campfire_upgraded":8,"win_rate":0.0,"timestamp":1608531746,"path_taken":["M","?","M","M","$","R","?","R","T","E","R","?","R","E","R","BOSS","M","?","$","M","M","R","M","M","T","?","E","M","E","?","R","BOSS","M","?","?","?","?","E","R","E","T","M","R","M","?","?","R","BOSS"],"items_purchased_type":["Card","Card","Card","Card","Card"],"build_version":"2020-12-13","purchased_purges":2,"victory":false,"max_hp_per_floor":[66,66,66,66,66,66,66,66,66,66,66,66,66,66,66,66,66,66,66,66,66,66,66,66,66,66,66,66,66,66,66,66,66,66,66,66,66,66,66,66,66,66,66,66,66,66,66,66,66,66,66],"relic_stats":{"Centennial Puzzle":[6],"counters":[25,124],"Eternal Feather":103,"Snake Skull":[238],"PreservedInsect":293,"Bag of Preparation":[38],"Art of War":[19],"War Paint":["Defend_G","Blade Dance"],"Question Card":3,"obtain_stats":[{"The Specimen":0,"Eternal Feather":9,"Snake Skull":14,"PreservedInsect":26,"Bag of Preparation":12,"War Paint":28,"Question Card":40,"SlaversCollar":34,"Bottled Flame":30,"Centennial Puzzle":42,"HornCleat":10,"Coffee Dripper":17,"Art of War":19,"Ring of the Snake":0},{"The Specimen":0,"Eternal Feather":4,"Snake Skull":7,"PreservedInsect":13,"Bag of Preparation":6,"War Paint":14,"Question Card":21,"SlaversCollar":17,"Bottled Flame":16,"Centennial Puzzle":22,"HornCleat":5,"Coffee Dripper":8,"Art of War":9,"Ring of the Snake":0},{"The Specimen":0,"Eternal Feather":19,"Snake Skull":39,"PreservedInsect":69,"Bag of Preparation":35,"War Paint":73,"Question Card":105,"SlaversCollar":91,"Bottled Flame":82,"Centennial Puzzle":108,"HornCleat":28,"Coffee Dripper":48,"Art of War":50,"Ring of the Snake":0}],"Ring of the Snake":[50]},"card_choices":[{"not_picked":["Dodge and Roll","Backflip"],"picked":"Flying Knee","floor":1},{"not_picked":["Acrobatics","Slice"],"picked":"Leg Sweep","floor":3},{"not_picked":["Infinite Blades","Cloak And Dagger"],"picked":"Blade Dance","floor":4},{"not_picked":["Expertise","Cloak And Dagger","Finisher"],"picked":"SKIP","floor":7},{"not_picked":["Cloak And Dagger","Dodge and Roll"],"picked":"Backflip","floor":10},{"not_picked":["Backstab","Cloak And Dagger"],"picked":"Deadly Poison","floor":12},{"not_picked":["Sucker Punch","Riddle With Holes"],"picked":"Poisoned Stab","floor":14},{"not_picked":["Night Terror","Bullet Time"],"picked":"Adrenaline","floor":16},{"not_picked":["Dagger Spray","Flying Knee"],"picked":"Dash","floor":18},{"not_picked":["Quick Slash","Heel Hook"],"picked":"Dodge and Roll","floor":21},{"not_picked":["Poisoned Stab","Quick Slash"],"picked":"Noxious Fumes","floor":22},{"not_picked":["Deadly Poison","Cloak And Dagger"],"picked":"Prepared+1","floor":24},{"not_picked":["Sucker Punch","Riddle With Holes"],"picked":"Catalyst","floor":25},{"not_picked":["Flying Knee","Accuracy","A Thousand Cuts"],"picked":"SKIP","floor":28},{"not_picked":["Quick Slash","Predator","Masterful Stab"],"picked":"SKIP","floor":29},{"not_picked":["Cloak And Dagger+1","Crippling Poison"],"picked":"Backstab","floor":30},{"not_picked":["Glass Knife","Doppelganger"],"picked":"After Image","floor":33},{"not_picked":["Backflip","Deadly Poison"],"picked":"Bouncing Flask+1","floor":35},{"not_picked":["Dagger Throw","Bane","Backstab"],"picked":"SKIP","floor":38},{"not_picked":["Poisoned Stab+1","Caltrops"],"picked":"Bouncing Flask+1","floor":39},{"not_picked":["Backstab","Bane"],"picked":"Catalyst","floor":40},{"not_picked":["Deadly Poison","Dodge and Roll","Bouncing Flask"],"picked":"Deflect+1","floor":42},{"not_picked":["Dodge and Roll","Backflip","Backstab"],"picked":"Tactician","floor":44},{"not_picked":["Dagger Spray+1","Bane","Quick Slash","Poisoned Stab"],"picked":"SKIP","floor":46}],"player_experience":660567,"relics_obtained":[{"floor":9,"key":"Eternal Feather"},{"floor":10,"key":"HornCleat"},{"floor":12,"key":"Bag of Preparation"},{"floor":14,"key":"Snake Skull"},{"floor":26,"key":"PreservedInsect"},{"floor":28,"key":"War Paint"},{"floor":30,"key":"Bottled Flame"},{"floor":40,"key":"Question Card"},{"floor":42,"key":"Centennial Puzzle"}],"event_choices":[{"cards_removed":["Strike_G"],"damage_healed":0,"gold_gain":0,"player_choice":"Offered Basic","damage_taken":0,"max_hp_gain":0,"max_hp_loss":0,"event_name":"Bonfire Elementals","floor":2,"gold_loss":0},{"damage_healed":0,"gold_gain":0,"player_choice":"Searched \u00271\u0027 times","damage_taken":0,"max_hp_gain":0,"max_hp_loss":0,"event_name":"Dead Adventurer","floor":12,"gold_loss":0},{"damage_healed":0,"gold_gain":0,"player_choice":"Opened","damage_taken":0,"relics_obtained":["Art of War"],"max_hp_gain":0,"max_hp_loss":0,"event_name":"The Mausoleum","floor":19,"gold_loss":0,"cards_obtained":["Writhe"]},{"damage_healed":0,"gold_gain":0,"cards_transformed":["Strike_G","Strike_G"],"player_choice":"Became Test Subject","damage_taken":0,"max_hp_gain":0,"max_hp_loss":0,"event_name":"Drug Dealer","floor":27,"gold_loss":0,"cards_obtained":["Outmaneuver","Caltrops"]},{"damage_healed":0,"gold_gain":0,"player_choice":"Memory 1","damage_taken":0,"max_hp_gain":0,"max_hp_loss":0,"event_name":"SensoryStone","floor":36,"gold_loss":0},{"damage_healed":0,"gold_gain":0,"player_choice":"Upgrade","damage_taken":0,"max_hp_gain":0,"max_hp_loss":0,"event_name":"Designer","floor":37,"gold_loss":50,"cards_upgraded":["Catalyst"]},{"cards_removed":["Noxious Fumes"],"damage_healed":0,"gold_gain":0,"player_choice":"Removed Power","damage_taken":0,"max_hp_gain":0,"max_hp_loss":0,"event_name":"Falling","floor":47,"gold_loss":0},{"damage_healed":0,"gold_gain":0,"player_choice":"Got Potions","damage_taken":0,"max_hp_gain":0,"max_hp_loss":0,"event_name":"Lab","floor":48,"gold_loss":0}],"is_beta":false,"boss_relics":[{"not_picked":["HoveringKite","Tiny House"],"picked":"Coffee Dripper"},{"not_picked":["WristBlade","Fusion Hammer"],"picked":"SlaversCollar"}],"items_purged_floors":[20,31],"is_endless":false,"potions_floor_spawned":[3,7,10,16,18,24,29,30,33,38,39,42],"killed_by":"Awakened One","ascension_level":20}}