{"host":"mhqduxukdrgo72m7","time":1608568860,"event":{"mods":["BaseMod","Minty Spire (QoL Compilation)","StSLib","The Hierophant"],"gold_per_floor":[119,144,0,24,49,49,84,84,138,138,63,81,101,101,101,58,58],"floor_reached":16,"playtime":500,"items_purged":["hierophant:Strike_Hierophant"],"score":102,"play_id":"13a6c6e4-d47e-4376-a3e5-5c55ecd20207","local_time":"20201221104100","is_ascension_mode":false,"campfire_choices":[{"data":"hierophant:Flagellation","floor":6,"key":"SMITH"},{"data":"hierophant:ChurchCoffers","floor":8,"key":"SMITH"},{"data":"hierophant:Punish","floor":10,"key":"SMITH"},{"data":"hierophant:HolyVerse","floor":15,"key":"SMITH"}],"circlet_count":0,"master_deck":["hierophant:Strike_Hierophant","hierophant:Strike_Hierophant","hierophant:Strike_Hierophant","hierophant:Punish+1","hierophant:Defend_Hierophant","hierophant:Defend_Hierophant","hierophant:Defend_Hierophant","hierophant:Defend_Hierophant","hierophant:ChurchCoffers+1","hierophant:Doubloon","hierophant:Remorse","hierophant:Flagellation+1","hierophant:ThreeLashes","hierophant:Smite","hierophant:AuricForm","hierophant:HolyVerse+1","hierophant:Zeal"],"relics":["hierophant:PropheticMaskRelic","NeowsBlessing","PreservedInsect","Matryoshka","Bottled Flame","Juzu Bracelet"],"acts_visited":["Exordium"],"potions_floor_usage":[7],"damage_taken":[{"damage":0,"enemies":"Cultist","floor":1,"turns":1},{"damage":0,"enemies":"Small Slimes","floor":2,"turns":1},{"damage":0,"enemies":"Jaw Worm","floor":4,"turns":1},{"damage":0,"enemies":"3 Louse","floor":5,"turns":1},{"damage":6,"enemies":"3 Sentries","floor":7,"turns":2},{"damage":12,"enemies":"2 Fungi Beasts","floor":12,"turns":2},{"damage":0,"enemies":"Exordium Thugs","floor":13,"turns":2},{"damage":50,"enemies":"Hexaghost","floor":16,"turns":8}],"seed_played":"-6141726519319645998","potions_obtained":[{"floor":4,"key":"Dexterity Potion"},{"floor":5,"key":"PowerPotion"},{"floor":12,"key":"SmokeBomb"}],"is_trial":false,"path_per_floor":["M","M","$","M","M","R","E","R","T","R","$","M","M","?","R","B"],"character_chosen":"HIEROPHANT","items_purchased":["PreservedInsect"],"campfire_rested":0,"item_purchase_floors":[3],"current_hp_per_floor":[75,75,75,75,75,75,69,69,69,69,69,57,57,50,50,0,0],"gold":58,"neow_bonus":"THREE_ENEMY_KILL","is_daily":false,"chose_seed":false,"campfire_upgraded":4,"win_rate":0.0,"timestamp":1608568860,"path_taken":["M","M","$","M","M","R","E","R","T","R","?","M","M","?","R","BOSS"],"items_purchased_type":["Relic"],"build_version":"2020-12-13","purchased_purges":1,"victory":false,"max_hp_per_floor":[75,75,75,75,75,75,75,75,75,75,75,75,75,75,75,75,75],"card_choices":[{"not_picked":["hierophant:FieryStrike","hierophant:PassingBell"],"picked":"hierophant:Remorse","floor":1},{"not_picked":["hierophant:MorningPrayer","hierophant:AuricBeam"],"picked":"hierophant:Flagellation","floor":2},{"not_picked":["hierophant:SealAway","hierophant:FieryStrike"],"picked":"hierophant:ThreeLashes","floor":4},{"not_picked":["hierophant:HammerAndAnvil","hierophant:FieryStrike"],"picked":"hierophant:Smite","floor":5},{"not_picked":["hierophant:Shelter","hierophant:FaithHealing"],"picked":"hierophant:AuricForm","floor":7},{"not_picked":["hierophant:Purify","hierophant:Doomsaying"],"picked":"hierophant:HolyVerse","floor":12},{"not_picked":["hierophant:AuricBeam","hierophant:Purify"],"picked":"hierophant:Zeal","floor":13}],"player_experience":209640,"relics_obtained":[{"floor":7,"key":"Matryoshka"},{"floor":9,"key":"Bottled Flame"},{"floor":9,"key":"Juzu Bracelet"}],"event_choices":[{"damage_healed":0,"gold_gain":0,"player_choice":"Damaged","damage_taken":7,"max_hp_gain":0,"max_hp_loss":0,"event_name":"Wheel of Change","floor":14,"gold_loss":0}],"is_beta":false,"boss_relics":[],"items_purged_floors":[11],"is_endless":false,"potions_floor_spawned":[4,5,12],"killed_by":"Hexaghost","ascension_level":0}}