{"host":"hgkb2zpbo2dcws21","time":1608555735,"event":{"mods":["AchievementEnabler","BaseMod","Colored Map","Colored Powertips","Custom Start","DeckTracker","KOR Keyword Fix","Minty Spire (QoL Compilation)","Relic Stats","StSLib","SuperFastMode"],"gold_per_floor":[115,125,125,50,125,156,168,202,202,222,147,147,162,185,185,185,185],"floor_reached":16,"playtime":222,"items_purged":["Defend_G"],"score":257,"play_id":"a1f86dd8-3ea0-4269-b11e-525d14e193c4","local_time":"20201221220215","is_ascension_mode":true,"campfire_choices":[{"floor":12,"key":"REST"},{"data":"Deadly Poison","floor":15,"key":"SMITH"}],"circlet_count":0,"master_deck":["AscendersBane","Strike_G","Strike_G","Strike_G","Defend_G","Defend_G","Defend_G","Defend_G","Survivor","Neutralize","Dagger Spray","Deadly Poison+1","Dagger Throw","Poisoned Stab","Dash","Prepared"],"relics":["Ring of the Snake","NeowsBlessing","Gremlin Horn","The Specimen","Turnip","Centennial Puzzle"],"acts_visited":["Exordium"],"potions_floor_usage":[8],"damage_taken":[{"damage":0,"enemies":"Cultist","floor":1,"turns":1},{"damage":0,"enemies":"Jaw Worm","floor":2,"turns":1},{"damage":0,"enemies":"Gremlin Nob","floor":6,"turns":1},{"damage":1,"enemies":"2 Louse","floor":7,"turns":2},{"damage":24,"enemies":"3 Sentries","floor":8,"turns":11},{"damage":2,"enemies":"Exordium Wildlife","floor":10,"turns":3},{"damage":15,"enemies":"3 Louse","floor":13,"turns":3},{"damage":28,"enemies":"Slime Boss","floor":16,"turns":3}],"seed_played":"6219915357212087966","potions_obtained":[{"floor":6,"key":"Poison Potion"},{"floor":13,"key":"FearPotion"}],"is_trial":false,"path_per_floor":["M","M","?","$","?","E","M","E","T","M","?","R","M","T","R","B"],"character_chosen":"THE_SILENT","items_purchased":[],"campfire_rested":1,"item_purchase_floors":[],"current_hp_per_floor":[59,59,59,59,48,48,47,23,23,21,21,40,25,25,25,0,0],"gold":185,"neow_bonus":"THREE_ENEMY_KILL","is_daily":false,"chose_seed":false,"campfire_upgraded":1,"win_rate":0.0,"timestamp":1608555735,"path_taken":["M","M","?","?","?","E","M","E","T","?","?","R","M","?","R","BOSS"],"items_purchased_type":[],"build_version":"2020-12-13","purchased_purges":1,"victory":false,"max_hp_per_floor":[66,66,66,66,66,66,66,66,66,66,66,66,66,66,66,66,66],"relic_stats":{"Centennial Puzzle":[0],"Gremlin Horn":[6,6],"counters":[8,25],"Turnip":[1],"obtain_stats":[{"Centennial Puzzle":14,"NeowsBlessing":0,"Gremlin Horn":6,"The Specimen":8,"Turnip":9,"Ring of the Snake":0},{"Centennial Puzzle":7,"NeowsBlessing":0,"Gremlin Horn":3,"The Specimen":5,"Turnip":5,"Ring of the Snake":0},{"Centennial Puzzle":22,"NeowsBlessing":0,"Gremlin Horn":3,"The Specimen":16,"Turnip":16,"Ring of the Snake":0}],"Ring of the Snake":[16]},"card_choices":[{"not_picked":["Underhanded Strike","Backstab"],"picked":"Dagger Spray","floor":1},{"not_picked":["All Out Attack","PiercingWail"],"picked":"Deadly Poison","floor":2},{"not_picked":["Quick Slash","Expertise"],"picked":"Dagger Throw","floor":6},{"not_picked":["Bane","Flechettes"],"picked":"Poisoned Stab","floor":7},{"not_picked":["PiercingWail","All Out Attack"],"picked":"Dash","floor":8},{"not_picked":["Accuracy","Flechettes","Blade Dance"],"picked":"SKIP","floor":10},{"not_picked":["Quick Slash","Deadly Poison"],"picked":"Prepared","floor":13}],"player_experience":1094198,"relics_obtained":[{"floor":6,"key":"Gremlin Horn"},{"floor":8,"key":"The Specimen"},{"floor":9,"key":"Turnip"},{"floor":14,"key":"Centennial Puzzle"}],"event_choices":[{"cards_removed":["Strike_G"],"damage_healed":0,"gold_gain":0,"player_choice":"Offered Basic","damage_taken":0,"max_hp_gain":0,"max_hp_loss":0,"event_name":"Bonfire Elementals","floor":3,"gold_loss":0},{"damage_healed":0,"gold_gain":75,"player_choice":"Gather Gold","damage_taken":11,"max_hp_gain":0,"max_hp_loss":0,"event_name":"World of Goop","floor":5,"gold_loss":0},{"cards_removed":["Strike_G"],"damage_healed":0,"gold_gain":0,"player_choice":"Card Removal","damage_taken":0,"max_hp_gain":0,"max_hp_loss":0,"event_name":"The Cleric","floor":11,"gold_loss":75}],"is_beta":false,"boss_relics":[],"items_purged_floors":[4],"is_endless":false,"potions_floor_spawned":[6,13],"killed_by":"Slime Boss","ascension_level":18}}