{"host":"gsgpu9obojnqwpp0","time":1608522686,"event":{"mods":["AchievementEnabler","BaseMod","Block Reminder","DeckTracker","Minty Spire (QoL Compilation)","Permanent Neow"],"gold_per_floor":[215,94,104,124,124,143,161,43,43,74,74,100,100,112,112,212,212,228,245,245,245,14,14,28,28,77,97,29,64,76,105,105,201,201,218,229,279,293,6,6,33,33,33,43,43,43,78,88,88,88,88],"floor_reached":50,"playtime":2069,"items_purged":["Defend_G"],"score":685,"play_id":"4dfcd470-aa4d-4559-ab27-e6a0e669e228","local_time":"20201220225126","is_ascension_mode":true,"campfire_choices":[{"data":"Backstab","floor":11,"key":"SMITH"},{"data":"Die Die Die","floor":13,"key":"SMITH"},{"data":"Backstab","floor":15,"key":"SMITH"},{"data":"Footwork","floor":23,"key":"SMITH"},{"data":"Blur","floor":25,"key":"SMITH"},{"floor":32,"key":"REST"},{"data":"Accuracy","floor":40,"key":"SMITH"},{"floor":42,"key":"REST"},{"floor":46,"key":"REST"},{"floor":49,"key":"REST"}],"circlet_count":0,"master_deck":["Strike_G","Strike_G","Strike_G","Strike_G","Defend_G","Defend_G","Defend_G","Defend_G","Survivor","Neutralize","Cloak And Dagger","Dagger Throw","Blade Dance","Dash","Deflect","Blade Dance","Blade Dance","Backstab+1","Footwork+1","Die Die Die+1","Phantasmal Killer","Backstab+1","Adrenaline","Backstab+1","Prepared","Footwork+1","Blur+1","Crippling Poison+1","Backstab","Footwork","Infinite Blades+1","Crippling Poison","After Image","Cloak And Dagger+1","Choke+1","Accuracy+1","Accuracy","Prepared+1"],"relics":["Ring of the Snake","Mercury Hourglass","CaptainsWheel","Sundial","Philosopher\u0027s Stone","TwistedFunnel","Smiling Mask","Boot","Kunai","Busted Crown","Prayer Wheel","InkBottle","Meat on the Bone","MealTicket","Mummified Hand"],"acts_visited":["Exordium","TheCity","TheBeyond"],"potions_floor_usage":[10,10,16,27,33,33,38,38,50,50,50],"damage_taken":[{"damage":0,"enemies":"Cultist","floor":1,"turns":4},{"damage":0,"enemies":"2 Louse","floor":3,"turns":3},{"damage":0,"enemies":"Small Slimes","floor":4,"turns":4},{"damage":0,"enemies":"Blue Slaver","floor":6,"turns":3},{"damage":5,"enemies":"Gremlin Gang","floor":7,"turns":3},{"damage":6,"enemies":"Lagavulin","floor":10,"turns":5},{"damage":4,"enemies":"3 Sentries","floor":12,"turns":5},{"damage":0,"enemies":"Large Slime","floor":14,"turns":3},{"damage":28,"enemies":"Hexaghost","floor":16,"turns":7},{"damage":0,"enemies":"Spheric Guardian","floor":18,"turns":3},{"damage":0,"enemies":"3 Byrds","floor":19,"turns":3},{"damage":5,"enemies":"Centurion and Healer","floor":24,"turns":3},{"damage":0,"enemies":"Snake Plant","floor":27,"turns":3},{"damage":0,"enemies":"Book of Stabbing","floor":29,"turns":5},{"damage":10,"enemies":"Shelled Parasite and Fungi","floor":30,"turns":3},{"damage":3,"enemies":"Slavers","floor":31,"turns":3},{"damage":18,"enemies":"Collector","floor":33,"turns":7},{"damage":3,"enemies":"3 Shapes","floor":35,"turns":2},{"damage":2,"enemies":"Orb Walker","floor":36,"turns":3},{"damage":5,"enemies":"Mind Bloom Boss Battle","floor":37,"turns":7},{"damage":34,"enemies":"Writhing Mass","floor":38,"turns":6},{"damage":8,"enemies":"Nemesis","floor":41,"turns":3},{"damage":5,"enemies":"Jaw Worm Horde","floor":44,"turns":3},{"damage":17,"enemies":"Giant Head","floor":47,"turns":7},{"damage":0,"enemies":"Transient","floor":48,"turns":5},{"damage":68,"enemies":"Time Eater","floor":50,"turns":5}],"seed_played":"4944672222960725391","potions_obtained":[{"floor":1,"key":"Weak Potion"},{"floor":4,"key":"SpeedPotion"},{"floor":7,"key":"SkillPotion"},{"floor":12,"key":"AttackPotion"},{"floor":16,"key":"EssenceOfSteel"},{"floor":18,"key":"LiquidMemories"},{"floor":19,"key":"Block Potion"},{"floor":27,"key":"Strength Potion"},{"floor":31,"key":"Fire Potion"},{"floor":33,"key":"FearPotion"},{"floor":35,"key":"Regen Potion"},{"floor":41,"key":"LiquidBronze"},{"floor":47,"key":"Dexterity Potion"}],"is_trial":false,"path_per_floor":["M","$","M","M","?","M","M","$","T","E","R","E","R","M","R","B",null,"M","M","?","?","$","R","M","R","T","M","$","E","M","E","R","B",null,"M","M","?","M","$","R","E","R","T","M","?","R","E","M","R","B"],"character_chosen":"THE_SILENT","items_purchased":["Dagger Throw","Backstab","Footwork","TwistedFunnel","Footwork","Backstab","Accuracy","InkBottle"],"campfire_rested":4,"item_purchase_floors":[2,8,8,22,22,28,39,39],"current_hp_per_floor":[70,70,70,70,70,70,65,65,65,59,59,55,55,55,55,27,70,70,70,70,70,70,70,65,65,65,65,65,65,55,52,70,52,70,67,65,60,40,40,40,32,53,53,48,48,66,49,49,66,0,0],"gold":88,"neow_bonus":"HUNDRED_GOLD","is_daily":false,"chose_seed":false,"campfire_upgraded":6,"win_rate":0.0,"timestamp":1608522686,"path_taken":["M","?","?","M","?","M","M","$","T","E","R","E","R","?","R","BOSS","M","M","?","?","$","R","?","R","T","M","$","E","M","E","R","BOSS","M","M","?","M","$","R","E","R","T","M","?","R","E","M","R","BOSS"],"items_purchased_type":["Card","Card","Card","Relic","Card","Card","Card","Relic"],"build_version":"2020-12-13","purchased_purges":1,"victory":false,"max_hp_per_floor":[70,70,70,70,70,70,70,70,70,70,70,70,70,70,70,70,70,70,70,70,70,70,70,70,70,70,70,70,70,70,70,70,70,70,70,70,70,70,70,70,70,70,70,70,66,66,66,66,66,66,66],"card_choices":[{"not_picked":["Skewer","Slice"],"picked":"Cloak And Dagger","floor":1},{"not_picked":["Underhanded Strike","Blur"],"picked":"Blade Dance","floor":3},{"not_picked":["Deflect","Flechettes"],"picked":"Dash","floor":4},{"not_picked":["Sucker Punch","PiercingWail"],"picked":"Blade Dance","floor":6},{"not_picked":["Tactician","Dodge and Roll"],"picked":"Blade Dance","floor":7},{"not_picked":["Bane","Acrobatics"],"picked":"Die Die Die","floor":10},{"not_picked":["Distraction","Sucker Punch"],"picked":"Phantasmal Killer","floor":12},{"not_picked":["All Out Attack","Dodge and Roll"],"picked":"Backstab","floor":14},{"not_picked":["Grand Finale","Tools of the Trade"],"picked":"Adrenaline","floor":16},{"not_picked":["Riddle With Holes","Heel Hook"],"picked":"Backstab+1","floor":18},{"not_picked":["Skewer","Setup"],"picked":"Prepared","floor":19},{"not_picked":["Acrobatics+1","Setup+1"],"picked":"Blur","floor":24},{"not_picked":["PiercingWail+1","Slice"],"picked":"Crippling Poison+1","floor":27},{"not_picked":["Riddle With Holes","Leg Sweep"],"picked":"Footwork","floor":29},{"not_picked":["Terror","Dash"],"picked":"Infinite Blades+1","floor":30},{"not_picked":["Deflect","Riddle With Holes+1"],"picked":"Crippling Poison","floor":31},{"not_picked":["Storm of Steel","Venomology"],"picked":"After Image","floor":33},{"not_picked":["Underhanded Strike+1"],"picked":"SKIP","floor":35},{"not_picked":["Sucker Punch"],"picked":"SKIP","floor":36},{"not_picked":[],"picked":"Cloak And Dagger+1","floor":38},{"not_picked":[],"picked":"Choke+1","floor":38},{"not_picked":["Acrobatics+1"],"picked":"SKIP","floor":41},{"not_picked":[],"picked":"Accuracy","floor":44},{"not_picked":["Expertise"],"picked":"SKIP","floor":44},{"not_picked":["Catalyst+1"],"picked":"SKIP","floor":47},{"not_picked":[],"picked":"Prepared+1","floor":48},{"not_picked":["Quick Slash+1"],"picked":"SKIP","floor":48}],"player_experience":237722,"relics_obtained":[{"floor":9,"key":"Mercury Hourglass"},{"floor":10,"key":"CaptainsWheel"},{"floor":12,"key":"Sundial"},{"floor":26,"key":"Smiling Mask"},{"floor":29,"key":"Boot"},{"floor":31,"key":"Kunai"},{"floor":37,"key":"Prayer Wheel"},{"floor":41,"key":"Meat on the Bone"},{"floor":43,"key":"MealTicket"},{"floor":47,"key":"Mummified Hand"}],"event_choices":[{"damage_healed":0,"gold_gain":0,"cards_transformed":["Strike_G"],"player_choice":"Transformed","damage_taken":0,"max_hp_gain":0,"max_hp_loss":0,"event_name":"Transmorgrifier","floor":5,"gold_loss":0,"cards_obtained":["Deflect"]},{"damage_healed":0,"gold_gain":0,"player_choice":"Ignored","damage_taken":0,"max_hp_gain":0,"max_hp_loss":0,"event_name":"Vampires","floor":20,"gold_loss":0},{"damage_healed":0,"gold_gain":0,"player_choice":"Upgraded","damage_taken":0,"max_hp_gain":0,"max_hp_loss":0,"event_name":"Upgrade Shrine","floor":21,"gold_loss":0,"cards_upgraded":["Footwork"]},{"damage_healed":0,"gold_gain":0,"player_choice":"Fight","damage_taken":0,"max_hp_gain":0,"max_hp_loss":0,"event_name":"MindBloom","floor":37,"gold_loss":0},{"damage_healed":0,"gold_gain":0,"player_choice":"Max HP","damage_taken":0,"max_hp_gain":0,"max_hp_loss":4,"event_name":"Winding Halls","floor":45,"gold_loss":0}],"is_beta":false,"boss_relics":[{"not_picked":["Calling Bell","Astrolabe"],"picked":"Philosopher\u0027s Stone"},{"not_picked":["Black Star","Coffee Dripper"],"picked":"Busted Crown"}],"items_purged_floors":[2],"is_endless":false,"potions_floor_spawned":[1,4,7,12,16,18,19,27,31,33,35,36,41,47,48],"killed_by":"Time Eater","ascension_level":2}}