{"host":"vqd8yewason9t24a","time":1608537900,"event":{"mods":["AchievementEnabler","Act Like it!","Aspiration","BaseMod","Better Match","Better Note","BetterRewards","Block Reminder","Card Forge","Colored Map","Colored Powertips","Conspire","DeckTracker","Downfall","Energized Spire","Friendly Minions","Highlight Path","Hubris","Infinite Spire","Minty Spire (QoL Compilation)","Quick Restart","READ ME - Guardian Mod","Rare Cards Sparkle","Relic Stats","Replay The Spire","Spikes Relics","StSLib","SuperFastMode"],"gold_per_floor":[99,99,24,43,43,69,69,85,115,40,60,71,71,87,100,203,203,203,238,257,275,275,275,275,275,288,288,307,307,97,97,112,212,212,212,212,221,221,239,239,263,263,263,263],"floor_reached":42,"playtime":4115,"items_purged":[],"score":449,"play_id":"2f460834-f789-491b-a223-11c1b4b18299","local_time":"20201221000500","is_ascension_mode":false,"campfire_choices":[{"floor":1,"key":"RECALL"},{"floor":3,"key":"REST"},{"floor":5,"key":"REST"},{"floor":10,"key":"REST"},{"floor":18,"key":"REST"},{"floor":23,"key":"REST"},{"floor":25,"key":"REST"},{"floor":27,"key":"REST"},{"floor":35,"key":"REST"}],"circlet_count":0,"master_deck":["Slimebound:Strike_Slimebound+1","Slimebound:Strike_Slimebound+1","Slimebound:Strike_Slimebound+1","Slimebound:Tackle+1","Slimebound:Defend_Slimebound+1","Slimebound:Defend_Slimebound+1","Slimebound:Defend_Slimebound+1","Slimebound:Defend_Slimebound+1","Slimebound:Split+1","Slimebound:CorrosiveSpit+1","Slimebound:FinishingTackle+1","Slimebound:FlameTackle+1","Slimebound:ComboTackle+1","Slimebound:GrowthPunch+1","Slimebound:RollThrough+1","Double Tap+1","Slimebound:ComboTackle+1","Slimebound:FinishingTackle+1","Slimebound:SlimeSpikes+1","Slimebound:SplitLeeching+1","Slimebound:LeechingTouch+1","Slimebound:Schlurp+1","Slimebound:DisruptingSlam+1","Slimebound:DouseInSlime+1","expansioncontent:DarkVoid+1","expansioncontent:Sear+1","expansioncontent:CaCaw+1","Slimebound:LeechEnergy+1","Slimebound:LeechingTouch+1"],"relics":["m_GuardianBlood","Hammer of Thor","Seething Fire","Anvil of the Gods","PreservedInsect","downfall:HeartBlessingRed","InkBottle","infinitespire:Beetle Shell","downfall:HeartBlessingBlue","infinitespire:Cubic Diamond","energizedSpire:CursedPentagram","aspiration:StickyExplosives_weak","Regal Pillow","ReplayTheSpireMod:TigerMarble","Tiny Chest","aspiration:DefectSkillbook","infinitespire:Golems Mask","Orichalcum","Blood Vial"],"acts_visited":["Exordium","TheCity","TheBeyond"],"potions_floor_usage":[],"damage_taken":[{"damage":14,"enemies":"Jaw Worm","floor":4,"turns":2},{"damage":19,"enemies":"Lagavulin","floor":6,"turns":3},{"damage":8,"enemies":"2 Louse","floor":8,"turns":3},{"damage":31,"enemies":"3 Sentries","floor":9,"turns":6},{"damage":10,"enemies":"conspire:RoseBush","floor":11,"turns":2},{"damage":16,"enemies":"Blue Slaver","floor":12,"turns":3},{"damage":19,"enemies":"Red Slaver","floor":14,"turns":2},{"damage":31,"enemies":"Lots of Slimes","floor":15,"turns":3},{"damage":52,"enemies":"downfall:Ironclad","floor":16,"turns":6},{"damage":32,"enemies":"Nightmare","floor":19,"turns":5},{"damage":38,"enemies":"conspire:FuzzyDice","floor":20,"turns":3},{"damage":34,"enemies":"Spheric Guardian","floor":21,"turns":3},{"damage":29,"enemies":"Shelled Parasite and Fungi","floor":26,"turns":3},{"damage":29,"enemies":"Snake Plant","floor":28,"turns":3},{"damage":18,"enemies":"downfall:FleeingMerchant","floor":30,"turns":4},{"damage":26,"enemies":"conspire:HollyBat","floor":32,"turns":6},{"damage":48,"enemies":"downfall:Defect","floor":33,"turns":7},{"damage":24,"enemies":"downfall:FleeingMerchant","floor":37,"turns":3},{"damage":28,"enemies":"3 Darklings","floor":39,"turns":3},{"damage":63,"enemies":"Nightmare","floor":42,"turns":7}],"seed_played":"2580276175647036287","potions_obtained":[{"floor":6,"key":"AttackPotion"},{"floor":9,"key":"Reflective Coating"},{"floor":15,"key":"DuplicationPotion"},{"floor":32,"key":"LiquidMemories"}],"is_trial":false,"path_per_floor":["R","?","R","M","R","E","T","M","E","R","M","M","?","M","M","B",null,"R","NM","M","M","?","R","T","R","M","R","M","?","$","T","M","B",null,"R","?","$","?","M","?","T","NM"],"character_chosen":"SLIMEBOUND","items_purchased":["ReplayTheSpireMod:TigerMarble","Slimebound:Schlurp","infinitespire:Golems Mask"],"campfire_rested":8,"item_purchase_floors":[30,30,37],"current_hp_per_floor":[54,47,68,66,72,68,68,68,57,82,80,78,78,69,56,18,82,82,64,40,24,24,48,48,82,67,82,67,67,67,67,61,35,82,82,72,54,62,52,52,52,0,0,0],"gold":263,"neow_bonus":"TWENTY_PERCENT_HP_BONUS","is_daily":false,"chose_seed":false,"campfire_upgraded":0,"win_rate":0.0,"timestamp":1608537900,"path_taken":["R","?","R","M","R","E","T","M","E","R","M","M","?","?","M","BOSS","R","NM","M","M","?","R","T","R","?","R","M","?","$","?","M","BOSS","R","?","$","?","M","?","T","NM"],"items_purchased_type":["Relic","Card","Relic"],"build_version":"2020-12-13","purchased_purges":0,"victory":false,"max_hp_per_floor":[72,72,72,72,72,72,72,72,72,82,82,82,82,82,82,82,82,82,82,82,82,82,82,82,82,82,82,82,82,82,82,82,82,82,82,82,82,82,82,82,82,82,82,82],"relic_stats":{"Blood Vial":2,"Regal Pillow":10,"counters":[20,73],"Tiny Chest":0,"PreservedInsect":310,"Orichalcum":[12],"obtain_stats":[{"Regal Pillow":24,"downfall:HeartBlessingRed":3,"Hammer of Thor":0,"PreservedInsect":2,"infinitespire:Beetle Shell":9,"infinitespire:Cubic Diamond":13,"Seething Fire":0,"Orichalcum":40,"m_GuardianBlood":13,"aspiration:StickyExplosives_weak":19,"Blood Vial":41,"energizedSpire:CursedPentagram":17,"aspiration:DefectSkillbook":34,"Anvil of the Gods":0,"downfall:HeartBlessingBlue":10,"Tiny Chest":31,"infinitespire:Golems Mask":37,"Slimebound:AbsorbEndCombat":0,"ReplayTheSpireMod:TigerMarble":30,"InkBottle":6},{"Regal Pillow":12,"downfall:HeartBlessingRed":0,"Hammer of Thor":0,"PreservedInsect":0,"infinitespire:Beetle Shell":4,"infinitespire:Cubic Diamond":6,"Seething Fire":0,"Orichalcum":19,"m_GuardianBlood":6,"aspiration:StickyExplosives_weak":10,"Blood Vial":19,"energizedSpire:CursedPentagram":9,"aspiration:DefectSkillbook":17,"Anvil of the Gods":0,"downfall:HeartBlessingBlue":4,"Tiny Chest":15,"infinitespire:Golems Mask":18,"Slimebound:AbsorbEndCombat":0,"ReplayTheSpireMod:TigerMarble":15,"InkBottle":2},{"Regal Pillow":37,"downfall:HeartBlessingRed":0,"Hammer of Thor":0,"PreservedInsect":0,"infinitespire:Beetle Shell":13,"infinitespire:Cubic Diamond":16,"Seething Fire":0,"Orichalcum":66,"m_GuardianBlood":16,"aspiration:StickyExplosives_weak":32,"Blood Vial":66,"energizedSpire:CursedPentagram":27,"aspiration:DefectSkillbook":60,"Anvil of the Gods":0,"downfall:HeartBlessingBlue":13,"Tiny Chest":47,"infinitespire:Golems Mask":63,"Slimebound:AbsorbEndCombat":0,"ReplayTheSpireMod:TigerMarble":47,"InkBottle":5}],"InkBottle":[25]},"card_choices":[{"not_picked":["Slimebound:SplitLeeching","Slimebound:SplitMire"],"picked":"Slimebound:FinishingTackle","floor":4},{"not_picked":["Slimebound:GoopSpray","Slimebound:SlimeBarrage"],"picked":"Slimebound:FlameTackle","floor":6},{"not_picked":["Slimebound:ProtectTheBoss","Slimebound:ServeAndProtect"],"picked":"Slimebound:ComboTackle","floor":8},{"not_picked":["Slimebound:SlimeSlap","Slimebound:SlimeTap"],"picked":"Slimebound:SplitMire","floor":9},{"not_picked":["Slimebound:LevelUp","Slimebound:Grow"],"picked":"Slimebound:SplitLeeching","floor":11},{"not_picked":["Slimebound:SplitBruiser","Slimebound:RainOfGoop"],"picked":"Slimebound:GrowthPunch","floor":12},{"not_picked":["Thunderclap","Slimebound:Dissolve"],"picked":"Slimebound:TagTeam","floor":14},{"not_picked":["Guardian:WalkerClaw","Slimebound:LeadByExample"],"picked":"Slimebound:RollThrough","floor":15},{"not_picked":["Slimebound:SlimeSlap","Limit Break"],"picked":"Double Tap","floor":16},{"not_picked":["Slimebound:SplitBruiser","Slimebound:FirmFortitude+1"],"picked":"Slimebound:SplitAcid","floor":19},{"not_picked":["Slimebound:SplitAcid","Slimebound:Dissolve"],"picked":"Slimebound:ComboTackle+1","floor":20},{"not_picked":["Slimebound:ComboTackle+1","Slimebound:ServeAndProtect+1"],"picked":"Slimebound:FinishingTackle","floor":21},{"not_picked":["Slimebound:MinionMaster","Slimebound:Grow"],"picked":"Slimebound:SlimeSpikes","floor":26},{"not_picked":["Slimebound:SlimeBarrage","Slimebound:ComboTackle"],"picked":"Slimebound:SplitLeeching","floor":28},{"not_picked":["Slimebound:ServeAndProtect","Slimebound:GrowthPunch"],"picked":"Slimebound:LeechingTouch","floor":30},{"not_picked":["Slimebound:FinishingTackle","Slimebound:Dissolve"],"picked":"Slimebound:DisruptingSlam+1","floor":32},{"not_picked":["Slimebound:PrepareCrush","Slimebound:Overexert"],"picked":"Slimebound:DouseInSlime","floor":33},{"not_picked":["expansioncontent:DonusPower","expansioncontent:Torchfire","expansioncontent:TimeRipple"],"picked":"expansioncontent:DarkVoid","floor":36},{"not_picked":["expansioncontent:DonusPower","Replay:SS_hec_2","expansioncontent:HyperBeam"],"picked":"expansioncontent:Sear","floor":36},{"not_picked":["expansioncontent:YouAreMine","expansioncontent:FaceSlap","expansioncontent:Flail"],"picked":"expansioncontent:CaCaw","floor":36},{"not_picked":["ReplayTheSpireMod:Calculation Training+1","Go for the Eyes+1","ReplayTheSpireMod:System Scan+1"],"picked":"Slimebound:LeechEnergy","floor":37},{"not_picked":["ReplayTheSpireMod:GoodbyeWorld+1","Hologram","Slimebound:AcidTongue+1"],"picked":"Slimebound:LeechingTouch","floor":39}],"player_experience":530140,"relics_obtained":[{"floor":6,"key":"InkBottle"},{"floor":9,"key":"infinitespire:Beetle Shell"},{"floor":19,"key":"aspiration:StickyExplosives_weak"},{"floor":24,"key":"Regal Pillow"},{"floor":31,"key":"Tiny Chest"},{"floor":40,"key":"Orichalcum"},{"floor":41,"key":"Blood Vial"}],"event_choices":[{"damage_healed":0,"gold_gain":0,"player_choice":"Success","damage_taken":7,"relics_obtained":["PreservedInsect"],"max_hp_gain":0,"max_hp_loss":0,"event_name":"Scrap Ooze","floor":2,"gold_loss":0},{"damage_healed":0,"gold_gain":0,"player_choice":"Ignored","damage_taken":0,"max_hp_gain":0,"max_hp_loss":0,"event_name":"Purifier","floor":22,"gold_loss":0},{"damage_healed":0,"gold_gain":0,"player_choice":"Ignored","damage_taken":0,"max_hp_gain":0,"max_hp_loss":0,"event_name":"betterNote:BetterNote","floor":29,"gold_loss":0,"cards_obtained":["Slimebound:SlimeSpikes"]}],"is_beta":false,"boss_relics":[{"not_picked":["hubris:CrackedHourglass","energizedSpire:NeverEndingSparkler"],"picked":"energizedSpire:CursedPentagram"},{"not_picked":["Sandwich","Replay:Grab Bag"],"picked":"aspiration:DefectSkillbook"}],"items_purged_floors":[],"is_endless":true,"potions_floor_spawned":[6,9,15,19,21,32,33,39],"killed_by":"Nightmare","ascension_level":0}}