{"host":"flm17o2q7bfjyna6","time":1608590644,"event":{"mods":["2.2 Compatiblity","Act Like it!","BaseMod","Better Altar","Better Match","Better Note","Better Sensory Stone","Better Skull","Better Third Choice","Better Vampires","Colored Map","Colored Powertips","DeckTracker","Hermit","Minty Spire (QoL Compilation)","Quick Restart","Replay The Spire","Reworked Bosses","Spicy Shops","StSLib","Wandering Minibosses"],"gold_per_floor":[116,12,32,43,218,249,249,22,75,115,3,21,52,52,52,155,155,172,192,192,41,41,41],"floor_reached":22,"playtime":1512,"items_purged":["Doubt"],"score":303,"play_id":"246f6c38-8294-43d9-ab5e-ce6028640249","local_time":"20201221174404","is_ascension_mode":true,"campfire_choices":[{"data":"Crippling Poison","floor":7,"key":"SMITH"},{"floor":15,"key":"REST"}],"circlet_count":0,"master_deck":["AscendersBane","Strike_G","Strike_G","Strike_G","Strike_G","Strike_G","Defend_G","Defend_G","Defend_G","Defend_G","Defend_G","Survivor","Neutralize","Tools of the Trade+1","Flying Knee","Dagger Spray","Masterful Stab+1","Poisoned Stab","Crippling Poison+1","Burst","Bane","ReplayTheSpireMod:Speed Training","Corpse Explosion","Prepared+1","Acrobatics+1","Decay"],"relics":["Ring of the Snake","Regal Pillow","Replay:Mystery Machine","Guide Book","MawBank","Smiling Mask","Question Card","Centennial Puzzle","Black Star","PreservedInsect"],"acts_visited":["Exordium","TheCity"],"potions_floor_usage":[6,10,16,22],"damage_taken":[{"damage":7,"enemies":"Small Slimes","floor":1,"turns":5},{"damage":2,"enemies":"2 Louse","floor":3,"turns":3},{"damage":4,"enemies":"Jaw Worm","floor":4,"turns":4},{"damage":5,"enemies":"3 Sentries","floor":6,"turns":7},{"damage":17,"enemies":"Lagavulin","floor":10,"turns":5},{"damage":10,"enemies":"Large Slime","floor":12,"turns":6},{"damage":8,"enemies":"3 Sentries","floor":13,"turns":5},{"damage":30,"enemies":"Slime Boss","floor":16,"turns":15},{"damage":18,"enemies":"3 Byrds","floor":18,"turns":2},{"damage":30,"enemies":"2 Thieves","floor":19,"turns":3},{"damage":15,"enemies":"Cultist and Chosen","floor":22,"turns":3}],"seed_played":"2296019908570857611","potions_obtained":[{"floor":3,"key":"BlessingOfTheForge"},{"floor":6,"key":"SneckoOil"},{"floor":13,"key":"DistilledChaos"},{"floor":19,"key":"Fruit Juice"}],"is_trial":false,"path_per_floor":["M","$","M","M","?","E","R","$","T","E","$","M","E","?","R","B",null,"M","M","?","$","M"],"character_chosen":"THE_SILENT","items_purchased":["Dagger Spray","Regal Pillow","Guide Book","Question Card","PreservedInsect"],"campfire_rested":1,"item_purchase_floors":[2,2,8,11,21],"current_hp_per_floor":[56,56,54,50,50,45,45,45,45,28,28,18,10,10,46,16,57,39,9,9,9,0,0],"gold":41,"neow_bonus":"ONE_RANDOM_RARE_CARD","is_daily":false,"chose_seed":false,"campfire_upgraded":1,"win_rate":0.0,"timestamp":1608590644,"path_taken":["M","$","M","M","?","E","R","$","T","E","$","M","E","?","R","BOSS","M","M","?","$","M"],"items_purchased_type":["Card","Relic","Relic","Relic","Relic"],"build_version":"2020-12-13","purchased_purges":1,"victory":false,"max_hp_per_floor":[70,70,70,70,70,70,70,70,70,70,70,70,70,70,70,70,70,70,70,70,70,75,75],"card_choices":[{"not_picked":["ReplayTheSpireMod:Shiv Toss","Cloak And Dagger"],"picked":"Flying Knee","floor":1},{"not_picked":["Acrobatics","Sucker Punch"],"picked":"Masterful Stab","floor":3},{"not_picked":["Acrobatics","Prepared"],"picked":"Poisoned Stab","floor":4},{"not_picked":["ReplayTheSpireMod:Shiv Toss","Sneak Up"],"picked":"Crippling Poison","floor":6},{"not_picked":["PiercingWail","Sucker Punch"],"picked":"Burst","floor":10},{"not_picked":["Catalyst","Well Laid Plans","Flying Knee"],"picked":"Bane","floor":12},{"not_picked":["Dodge and Roll","Accuracy","Blade Dance"],"picked":"ReplayTheSpireMod:Speed Training","floor":13},{"not_picked":["Grand Finale","Malaise","Venomology"],"picked":"Corpse Explosion","floor":16},{"not_picked":["Poisoned Stab","Cloak And Dagger+1","Well Laid Plans+1"],"picked":"Prepared+1","floor":18},{"not_picked":["Poisoned Stab+1","Concentrate","Cloak And Dagger"],"picked":"Acrobatics+1","floor":19}],"player_experience":1594955,"relics_obtained":[{"floor":6,"key":"Replay:Mystery Machine"},{"floor":9,"key":"MawBank"},{"floor":10,"key":"Smiling Mask"},{"floor":13,"key":"Centennial Puzzle"}],"event_choices":[{"damage_healed":0,"gold_gain":175,"player_choice":"AGREE","damage_taken":43,"max_hp_gain":0,"max_hp_loss":0,"event_name":"betterThird:BetterSerpent","floor":5,"gold_loss":0},{"damage_healed":0,"gold_gain":0,"player_choice":"LEAVE","damage_taken":0,"max_hp_gain":0,"max_hp_loss":0,"event_name":"betterThird:BetterScrap","floor":14,"gold_loss":0,"cards_obtained":["Blood for Blood"]},{"damage_healed":0,"gold_gain":0,"player_choice":"Cursed","damage_taken":0,"max_hp_gain":0,"max_hp_loss":0,"event_name":"Wheel of Change","floor":20,"gold_loss":0,"cards_obtained":["Decay"]}],"is_beta":false,"boss_relics":[{"not_picked":["Painkiller Herb","Cursed Key"],"picked":"Black Star"}],"items_purged_floors":[8],"is_endless":false,"potions_floor_spawned":[3,6,13,19],"killed_by":"Cultist and Chosen","ascension_level":10}}