{"host":"e0cd4bhk462yjjnf","time":1608595034,"event":{"mods":["AchievementEnabler","BaseMod","Block Reminder","Colored Map","Colored Powertips","Downfall","Highlight Path","Hubris","Minty Spire (QoL Compilation)","Replay The Spire","Shop Mod","Spicy Shops","StSLib","The Disciple","The Jungle","Wandering Minibosses"],"gold_per_floor":[99,111,126,126,144,129,202,202,219,232,263,316,345,362,379,379,379,379],"floor_reached":16,"playtime":1125,"items_purged":[],"score":114,"play_id":"24fbb55a-297b-40da-a63b-33014b0be331","local_time":"20201221185714","is_ascension_mode":false,"campfire_choices":[{"floor":1,"key":"RECALL"}],"circlet_count":0,"master_deck":["hexamod:Strike","hexamod:Strike","hexamod:Strike","hexamod:Defend","hexamod:Defend","hexamod:Defend","hexamod:Defend","hexamod:Sear","hexamod:Float","hexamod:RadiantFlame","hexamod:StepThrough","hexamod:HeatMetal","hexamod:Hexaguard","Clumsy","hexamod:GhostShield","hexamod:PhantomFireball","hexamod:RadiantFlame","hexamod:StepThrough","hexamod:VolcanoVisage","hexamod:PhantomFireball"],"relics":["hexamod:SpiritBrand","hubris:DisguiseKit","ReplayTheSpireMod:Lightbulb","Toy Ornithopter","Bottled Flame"],"acts_visited":["Exordium"],"potions_floor_usage":[11,11,14,16],"damage_taken":[{"damage":0,"enemies":"Cultist","floor":2,"turns":3},{"damage":2,"enemies":"Small Slimes","floor":3,"turns":3},{"damage":6,"enemies":"2 Louse","floor":5,"turns":3},{"damage":0,"enemies":"downfall:FleeingMerchant","floor":6,"turns":4},{"damage":2,"enemies":"Blue Slaver","floor":9,"turns":4},{"damage":10,"enemies":"Gremlin Gang","floor":10,"turns":6},{"damage":16,"enemies":"Gremlin Nob","floor":11,"turns":5},{"damage":19,"enemies":"Lagavulin","floor":13,"turns":6},{"damage":4,"enemies":"Large Slime","floor":14,"turns":4},{"damage":0,"enemies":"2 Fungi Beasts","floor":15,"turns":3},{"damage":48,"enemies":"downfall:Defect","floor":16,"turns":6}],"seed_played":"5259345821009231942","potions_obtained":[{"floor":2,"key":"AttackPotion"},{"floor":3,"key":"Regen Potion"},{"floor":10,"key":"SneckoOil"},{"floor":13,"key":"Fire Potion"},{"floor":15,"key":"sneckomod:MuddlingPotion"}],"is_trial":false,"path_per_floor":["R","M","M","?","M","$","T","?","M","M","E","T","E","M","M","B"],"character_chosen":"THE_SPIRIT","items_purchased":[],"campfire_rested":0,"item_purchase_floors":[],"current_hp_per_floor":[77,77,75,75,69,69,69,69,67,57,55,55,36,37,37,0,0,0],"gold":379,"neow_bonus":"TEN_PERCENT_HP_BONUS","is_daily":false,"chose_seed":false,"campfire_upgraded":0,"win_rate":0.0,"timestamp":1608595034,"path_taken":["R","M","?","?","M","$","T","?","M","M","E","?","E","?","M","BOSS"],"items_purchased_type":[],"build_version":"2020-12-13","purchased_purges":0,"victory":false,"max_hp_per_floor":[77,77,77,77,77,77,77,77,77,77,77,77,77,77,77,77,77,77],"card_choices":[{"not_picked":["hexamod:HeatCrush","hexamod:Incineration"],"picked":"hexamod:RadiantFlame","floor":2},{"not_picked":["hexamod:NightmareStrike","hexamod:Hexaguard"],"picked":"hexamod:StepThrough","floor":3},{"not_picked":["hexamod:CatchUp","hexamod:Haunt"],"picked":"hexamod:HeatMetal","floor":5},{"not_picked":["hexamod:SpectersWail","hexamod:PhantomCloak"],"picked":"hexamod:Hexaguard","floor":6},{"not_picked":["hexamod:InspiringFlames","hexamod:Haunt","Abandon"],"picked":"hexamod:GhostShield","floor":9},{"not_picked":["hexamod:Hexaguard","hexamod:FirstSeal","Shrug It Off"],"picked":"hexamod:PhantomFireball","floor":10},{"not_picked":["hexamod:GhostLash","hexamod:RecurringNightmare","Wild Strike"],"picked":"hexamod:RadiantFlame","floor":11},{"not_picked":["hexamod:ShieldOfDarkness","hexamod:SpectralAdrenaline","Power Through"],"picked":"hexamod:StepThrough","floor":13},{"not_picked":["hexamod:ThirdSeal","hexamod:HauntingEcho","Power Through"],"picked":"hexamod:VolcanoVisage","floor":14},{"not_picked":["hexamod:GhostLash","hexamod:GhostShield","Second Wind"],"picked":"hexamod:PhantomFireball","floor":15}],"player_experience":363045,"relics_obtained":[{"floor":11,"key":"ReplayTheSpireMod:Lightbulb"},{"floor":12,"key":"Toy Ornithopter"},{"floor":13,"key":"Bottled Flame"}],"event_choices":[],"is_beta":false,"boss_relics":[],"items_purged_floors":[],"is_endless":false,"potions_floor_spawned":[2,3,10,13,15],"killed_by":"downfall:Defect","ascension_level":0}}