{"host":"78hrz0ylpj9lzvi8","time":1608583532,"event":{"mods":["BaseMod","Bestiary","Block Reminder","Curses Come First","Minty Spire (QoL Compilation)","Quick Restart","Random Character Button","Relic Stats","StSLib"],"gold_per_floor":[110,35,46,121,14,14,49,49,75,105,105,115,115,115,115],"floor_reached":14,"playtime":386,"items_purged":["Regret"],"score":192,"play_id":"6ab496f4-c960-4633-9f1e-5e4357b09ef5","local_time":"20201221174532","is_ascension_mode":true,"campfire_choices":[{"data":"Zap","floor":6,"key":"SMITH"},{"floor":8,"key":"REST"},{"data":"Dualcast","floor":13,"key":"SMITH"}],"circlet_count":0,"master_deck":["AscendersBane","Strike_B","Strike_B","Strike_B","Defend_B","Defend_B","Defend_B","Defend_B","Zap+1","Dualcast+1","Compile Driver","Rip and Tear","Sweeping Beam","Melter"],"relics":["Cracked Core","Torii","Singing Bowl","Oddly Smooth Stone","Toy Ornithopter"],"acts_visited":["Exordium"],"potions_floor_usage":[7,7,10,12],"damage_taken":[{"damage":15,"enemies":"Jaw Worm","floor":1,"turns":4},{"damage":1,"enemies":"Cultist","floor":3,"turns":3},{"damage":27,"enemies":"Gremlin Nob","floor":7,"turns":4},{"damage":23,"enemies":"3 Sentries","floor":10,"turns":6},{"damage":1,"enemies":"2 Louse","floor":12,"turns":2},{"damage":28,"enemies":"Lagavulin","floor":14,"turns":5}],"seed_played":"7614033138210084014","potions_obtained":[{"floor":3,"key":"PowerPotion"},{"floor":7,"key":"SteroidPotion"},{"floor":10,"key":"Fruit Juice"}],"is_trial":false,"path_per_floor":["M","$","M","?","$","R","E","R","T","E","?","M","R","E"],"character_chosen":"DEFECT","items_purchased":["Sweeping Beam","Block Potion"],"campfire_rested":1,"item_purchase_floors":[5,5],"current_hp_per_floor":[49,49,48,37,37,37,10,31,31,10,10,21,21,0,0],"gold":115,"neow_bonus":"ONE_RARE_RELIC","is_daily":false,"chose_seed":false,"campfire_upgraded":2,"win_rate":0.0,"timestamp":1608583532,"path_taken":["M","$","M","?","$","R","E","R","T","E","?","?","R","E"],"items_purchased_type":["Card","Potion"],"build_version":"2020-12-13","purchased_purges":1,"victory":false,"max_hp_per_floor":[71,71,71,71,71,71,71,71,71,73,73,80,80,80,80],"relic_stats":{"Torii":11,"Singing Bowl":4,"counters":[6,24],"obtain_stats":[{"Torii":0,"Singing Bowl":7,"Oddly Smooth Stone":9,"Cracked Core":0,"Toy Ornithopter":10},{"Torii":0,"Singing Bowl":3,"Oddly Smooth Stone":3,"Cracked Core":0,"Toy Ornithopter":4},{"Torii":0,"Singing Bowl":11,"Oddly Smooth Stone":11,"Cracked Core":0,"Toy Ornithopter":17}],"Toy Ornithopter":5},"card_choices":[{"not_picked":["Chaos","Hologram"],"picked":"Compile Driver","floor":1},{"not_picked":["Gash","Coolheaded"],"picked":"Rip and Tear","floor":3},{"not_picked":["Coolheaded","Lockon"],"picked":"Melter","floor":7},{"not_picked":["Sunder","Storm","Stack"],"picked":"Singing Bowl","floor":10},{"not_picked":["Melter","Steam","Barrage"],"picked":"Singing Bowl","floor":12}],"player_experience":956750,"relics_obtained":[{"floor":7,"key":"Singing Bowl"},{"floor":9,"key":"Oddly Smooth Stone"},{"floor":10,"key":"Toy Ornithopter"}],"event_choices":[{"damage_healed":0,"gold_gain":75,"player_choice":"Gather Gold","damage_taken":11,"max_hp_gain":0,"max_hp_loss":0,"event_name":"World of Goop","floor":4,"gold_loss":0},{"cards_removed":["Strike_B"],"damage_healed":0,"gold_gain":0,"player_choice":"Offered Basic","damage_taken":0,"max_hp_gain":0,"max_hp_loss":0,"event_name":"Bonfire Elementals","floor":11,"gold_loss":0}],"is_beta":false,"boss_relics":[],"items_purged_floors":[2],"is_endless":false,"potions_floor_spawned":[3,7,10],"killed_by":"Lagavulin","ascension_level":20}}