{"host":"5fasz840ryq7obdf","time":1608579266,"event":{"mods":["AchievementEnabler","BaseMod","Bestiary","Better Altar","Better Skull","Better Third Choice","BetterRewards","Block Reminder","Colored Powertips","Curses Come First","Minty Spire (QoL Compilation)","Quick Restart","Relic Stats","Shop Mod","Spicy Shops","StSLib"],"gold_per_floor":[117,131,131,150,150,183,197,197,244,244,271,4,38,49,49,120,120,137,154,154,172,191,216,216,236,316,316,349,349,380,317,329,415,427,459,488,500,525,537,18,18,53,77,7,41,96,2,14,14,14,14,14],"floor_reached":51,"playtime":5061,"items_purged":["Defend_G","Strike_G","Strike_G","Strike_G"],"score":1691,"play_id":"28334f28-142e-4dee-bb6e-1ca6c8916022","local_time":"20201221193426","is_ascension_mode":true,"campfire_choices":[{"floor":10.0,"key":"REST"},{"data":"Terror","floor":15.0,"key":"SMITH"},{"data":"Well Laid Plans","floor":24.0,"key":"SMITH"},{"floor":29.0,"key":"REST"},{"data":"Adrenaline","floor":32.0,"key":"SMITH"},{"data":"Night Terror","floor":41.0,"key":"SMITH"},{"floor":49.0,"key":"REST"}],"circlet_count":0,"master_deck":["AscendersBane","Strike_G","Strike_G","Defend_G","Survivor","Neutralize","Finisher","Expertise","Blade Dance","Footwork+1","Terror","Footwork","Terror+1","Concentrate","Flash of Steel","Well Laid Plans+1","Cloak And Dagger","Envenom","Accuracy","Acrobatics","Prepared","Cloak And Dagger+1","Adrenaline+1","Die Die Die","Doppelganger","Burst","Cloak And Dagger","Prepared","Night Terror+1","A Thousand Cuts","Blade Dance","Blur","Storm of Steel","Prepared+1","Panache","Slice","Backflip"],"relics":["Ring of the Snake","Membership Card","Kunai","Nunchaku","TwistedFunnel","Orichalcum","Anchor","Centennial Puzzle","Strawberry","Boot","Pen Nib","HandDrill","TungstenRod","Philosopher\u0027s Stone","Tiny Chest","Pear","Bottled Flame","MawBank","HoveringKite","Ice Cream","Meat on the Bone","Shuriken","Happy Flower","Vajra","The Courier","The Specimen"],"acts_visited":["Exordium","TheCity","TheBeyond"],"potions_floor_usage":[],"damage_taken":[{"damage":2.0,"enemies":"Small Slimes","floor":1.0,"turns":3.0},{"damage":0.0,"enemies":"2 Louse","floor":2.0,"turns":2.0},{"damage":0.0,"enemies":"Jaw Worm","floor":4.0,"turns":4.0},{"damage":19.0,"enemies":"Lagavulin","floor":6.0,"turns":4.0},{"damage":0.0,"enemies":"2 Fungi Beasts","floor":7.0,"turns":3.0},{"damage":0.0,"enemies":"3 Sentries","floor":11.0,"turns":6.0},{"damage":0.0,"enemies":"Gremlin Nob","floor":13.0,"turns":3.0},{"damage":0.0,"enemies":"Large Slime","floor":14.0,"turns":3.0},{"damage":2.0,"enemies":"Slime Boss","floor":16.0,"turns":7.0},{"damage":0.0,"enemies":"Chosen","floor":18.0,"turns":3.0},{"damage":3.0,"enemies":"Shell Parasite","floor":19.0,"turns":3.0},{"damage":5.0,"enemies":"Centurion and Healer","floor":21.0,"turns":5.0},{"damage":8.0,"enemies":"Snake Plant","floor":22.0,"turns":4.0},{"damage":13.0,"enemies":"Book of Stabbing","floor":23.0,"turns":4.0},{"damage":15.0,"enemies":"Snecko","floor":25.0,"turns":6.0},{"damage":18.0,"enemies":"Gremlin Leader","floor":28.0,"turns":4.0},{"damage":3.0,"enemies":"Slavers","floor":30.0,"turns":3.0},{"damage":6.0,"enemies":"Automaton","floor":33.0,"turns":5.0},{"damage":8.0,"enemies":"3 Shapes","floor":35.0,"turns":3.0},{"damage":0.0,"enemies":"Orb Walker","floor":36.0,"turns":2.0},{"damage":6.0,"enemies":"Writhing Mass","floor":38.0,"turns":2.0},{"damage":43.0,"enemies":"Reptomancer","floor":42.0,"turns":4.0},{"damage":1.0,"enemies":"Nemesis","floor":45.0,"turns":4.0},{"damage":7.0,"enemies":"2 Orb Walkers","floor":46.0,"turns":2.0},{"damage":21.0,"enemies":"4 Shapes","floor":48.0,"turns":2.0},{"damage":27.0,"enemies":"Donu and Deca","floor":50.0,"turns":5.0},{"damage":44,"enemies":"Time Eater","floor":51,"turns":4}],"seed_played":"8415856260684357322","potions_obtained":[{"floor":6.0,"key":"EssenceOfSteel"},{"floor":7.0,"key":"EssenceOfSteel"},{"floor":14.0,"key":"Weak Potion"},{"floor":19.0,"key":"GamblersBrew"},{"floor":22.0,"key":"BlessingOfTheForge"},{"floor":33.0,"key":"Weak Potion"},{"floor":38.0,"key":"PowerPotion"},{"floor":46.0,"key":"SpeedPotion"}],"is_trial":false,"path_per_floor":["M","M","?","M","?","E","M","?","T","R","E","$","E","M","R","B",null,"M","M","?","M","M","E","R","M","T","?","E","R","E","?","R","B",null,"M","M","?","M","T","$","R","E","T","$","E","?","$","M","R","B","B"],"character_chosen":"THE_SILENT","items_purchased":["Membership Card","Kunai","Nunchaku","Finisher","Expertise","Blade Dance","Footwork","TwistedFunnel","Orichalcum","Pen Nib","HandDrill","Flash of Steel","Shuriken","Prepared","Night Terror","Happy Flower","Blade Dance","Blur","Panache","Slice"],"campfire_rested":3,"item_purchase_floors":[0,0,0,0,0,0,0,0,0,12,12,12,40,40,40,40,44,44,47,47],"current_hp_per_floor":[26,26,26,26,21,2,2,24,31,52,52,52,52,52,52,50,67,67,64,64,59,51,38,38,23,33,33,15,39,36,36,36,30,70,62,62,62,56,56,56,56,25,25,25,36,41,41,32,56,41,0,0],"gold":14,"neow_bonus":"","is_daily":false,"chose_seed":false,"campfire_upgraded":4,"win_rate":0.0,"timestamp":1608579266,"path_taken":["M","M","?","M","?","E","M","?","T","R","E","$","E","M","R","BOSS","M","M","?","M","M","E","R","M","T","?","E","R","E","?","R","BOSS","M","M","?","M","?","$","R","E","T","$","E","?","?","M","R","BOSS","BOSS"],"items_purchased_type":["Relic","Relic","Relic","Card","Card","Card","Card","Relic","Relic","Relic","Relic","Card","Relic","Card","Card","Relic","Card","Card","Card","Card"],"build_version":"2020-12-13","purchased_purges":4,"victory":false,"max_hp_per_floor":[66,66,66,66,66,66,66,66,73,73,73,73,73,73,73,73,73,73,73,73,73,73,73,73,73,83,83,83,83,83,83,83,83,83,83,83,83,83,83,83,83,83,83,83,83,83,83,83,83,83,83,83],"relic_stats":{"Happy Flower":[7],"counters":[27,100],"HoveringKite":[21],"Pen Nib":[28],"Orichalcum":[96],"Boot":[122],"MawBank":120,"Nunchaku":[33],"Centennial Puzzle":[51],"Shuriken":[24],"Tiny Chest":1,"HandDrill":[36],"Kunai":[81],"obtain_stats":[{"TwistedFunnel":0,"Ice Cream":37,"HoveringKite":34,"Vajra":42,"Boot":11,"Nunchaku":0,"Centennial Puzzle":6,"Strawberry":9,"Philosopher\u0027s Stone":17,"Tiny Chest":23,"HandDrill":12,"Kunai":0,"Ring of the Snake":0,"Pear":26,"Happy Flower":40,"The Specimen":46,"Pen Nib":12,"The Courier":45,"Orichalcum":0,"MawBank":30,"Anchor":5,"Bottled Flame":28,"Shuriken":40,"Membership Card":0,"TungstenRod":13,"Meat on the Bone":39},{"TwistedFunnel":0,"Ice Cream":20,"HoveringKite":18,"Vajra":22,"Boot":6,"Nunchaku":0,"Centennial Puzzle":4,"Strawberry":5,"Philosopher\u0027s Stone":9,"Tiny Chest":14,"HandDrill":6,"Kunai":0,"Ring of the Snake":0,"Pear":15,"Happy Flower":21,"The Specimen":24,"Pen Nib":6,"The Courier":23,"Orichalcum":0,"MawBank":17,"Anchor":3,"Bottled Flame":16,"Shuriken":21,"Membership Card":0,"TungstenRod":7,"Meat on the Bone":21},{"TwistedFunnel":0,"Ice Cream":77,"HoveringKite":72,"Vajra":83,"Boot":22,"Nunchaku":0,"Centennial Puzzle":13,"Strawberry":16,"Philosopher\u0027s Stone":35,"Tiny Chest":54,"HandDrill":22,"Kunai":0,"Ring of the Snake":0,"Pear":60,"Happy Flower":79,"The Specimen":89,"Pen Nib":22,"The Courier":87,"Orichalcum":0,"MawBank":67,"Anchor":9,"Bottled Flame":64,"Shuriken":79,"Membership Card":0,"TungstenRod":25,"Meat on the Bone":79}],"TungstenRod":37,"Ring of the Snake":[54],"Meat on the Bone":60},"card_choices":[{"not_picked":["Flying Knee","Backflip"],"picked":"Terror","floor":1.0},{"not_picked":["Acrobatics","Terror"],"picked":"Footwork","floor":2.0},{"not_picked":["Underhanded Strike","Distraction"],"picked":"Terror","floor":4.0},{"not_picked":["Bane","Underhanded Strike"],"picked":"Concentrate","floor":6.0},{"not_picked":["Underhanded Strike","Bane","Dagger Throw"],"picked":"SKIP","floor":7.0},{"not_picked":["Outmaneuver","Quick Slash","Poisoned Stab"],"picked":"SKIP","floor":11.0},{"not_picked":["Masterful Stab","Sucker Punch"],"picked":"Well Laid Plans","floor":13.0},{"not_picked":["Prepared","Tools of the Trade"],"picked":"Cloak And Dagger","floor":14.0},{"not_picked":["Bullet Time","Doppelganger"],"picked":"Envenom","floor":16.0},{"not_picked":["Underhanded Strike","Escape Plan"],"picked":"Accuracy","floor":18.0},{"not_picked":["Terror","Well Laid Plans+1"],"picked":"Acrobatics","floor":19.0},{"not_picked":["Reflex","Backflip"],"picked":"Prepared","floor":21.0},{"not_picked":["All Out Attack","Quick Slash","Expertise"],"picked":"SKIP","floor":22.0},{"not_picked":["Dagger Spray","Dash","Poisoned Stab"],"picked":"SKIP","floor":23.0},{"not_picked":["Blade Dance","Riddle With Holes"],"picked":"Cloak And Dagger+1","floor":25.0},{"not_picked":["Flying Knee","Riddle With Holes"],"picked":"Doppelganger","floor":28.0},{"not_picked":["Caltrops","Bane","Underhanded Strike"],"picked":"SKIP","floor":30.0},{"not_picked":["Bullet Time","Unload"],"picked":"Burst","floor":33.0},{"not_picked":["Bane+1","Expertise+1","Setup"],"picked":"SKIP","floor":35.0},{"not_picked":["Deadly Poison+1","Masterful Stab","Leg Sweep"],"picked":"SKIP","floor":36.0},{"not_picked":["Dodge and Roll","Eviscerate"],"picked":"Cloak And Dagger","floor":38.0},{"not_picked":["Acrobatics","Slice"],"picked":"A Thousand Cuts","floor":42.0},{"not_picked":["Terror+1","Outmaneuver"],"picked":"Storm of Steel","floor":45.0},{"not_picked":["Caltrops","PiercingWail"],"picked":"Prepared+1","floor":46.0},{"not_picked":["Bouncing Flask","Deflect"],"picked":"Backflip","floor":48.0}],"player_experience":897982,"relics_obtained":[{"floor":6.0,"key":"Centennial Puzzle"},{"floor":9.0,"key":"Strawberry"},{"floor":11.0,"key":"Boot"},{"floor":13.0,"key":"TungstenRod"},{"floor":23.0,"key":"Tiny Chest"},{"floor":26.0,"key":"Pear"},{"floor":28.0,"key":"Bottled Flame"},{"floor":30.0,"key":"MawBank"},{"floor":39.0,"key":"Meat on the Bone"},{"floor":42.0,"key":"Vajra"},{"floor":45.0,"key":"The Courier"},{"floor":46.0,"key":"The Specimen"}],"event_choices":[{"damage_healed":0.0,"max_hp_gain":0.0,"max_hp_loss":0.0,"gold_gain":0.0,"event_name":"Living Wall","player_choice":"Grow","floor":3.0,"gold_loss":0.0,"damage_taken":0.0,"cards_upgraded":["Footwork"]},{"damage_healed":0.0,"max_hp_gain":0.0,"max_hp_loss":0.0,"gold_gain":0.0,"event_name":"betterThird:BetterScrap","player_choice":"Relic ","floor":5.0,"gold_loss":0.0,"damage_taken":5.0,"cards_obtained":["EmptyMind"]},{"damage_healed":22.0,"max_hp_gain":0.0,"max_hp_loss":0.0,"gold_gain":0.0,"event_name":"Big Fish","player_choice":"Banana","floor":8.0,"gold_loss":0.0,"damage_taken":0.0},{"damage_healed":0.0,"max_hp_gain":0.0,"max_hp_loss":0.0,"gold_gain":0.0,"event_name":"Ghosts","player_choice":"Ignored","floor":20.0,"gold_loss":0.0,"damage_taken":0.0},{"damage_healed":0.0,"max_hp_gain":0.0,"max_hp_loss":0.0,"gold_gain":0.0,"cards_transformed":["Defend_G","Defend_G"],"event_name":"Drug Dealer","player_choice":"Became Test Subject","floor":27.0,"gold_loss":0.0,"damage_taken":0.0,"cards_obtained":["Adrenaline","Die Die Die"]},{"cards_removed":["Defend_G"],"damage_healed":0.0,"max_hp_gain":0.0,"max_hp_loss":0.0,"gold_gain":0.0,"event_name":"Beggar","player_choice":"Gave Gold","floor":31.0,"gold_loss":75.0,"damage_taken":0.0},{"damage_healed":0.0,"max_hp_gain":0.0,"max_hp_loss":0.0,"gold_gain":0.0,"event_name":"WeMeetAgain","player_choice":"Gave Potion","floor":37.0,"gold_loss":0.0,"damage_taken":0.0,"relics_obtained":["Ice Cream"]},{"damage_healed":0.0,"max_hp_gain":0.0,"max_hp_loss":0.0,"gold_gain":0.0,"event_name":"Mysterious Sphere","player_choice":"Fight","floor":46.0,"gold_loss":0.0,"damage_taken":0.0}],"is_beta":false,"boss_relics":[{"not_picked":["Snecko Eye","Ectoplasm"],"picked":"Philosopher\u0027s Stone"},{"not_picked":["Astrolabe","Fusion Hammer"],"picked":"HoveringKite"}],"items_purged_floors":[0,12,40,40],"is_endless":false,"potions_floor_spawned":[6,7,11,14,19,22,33,35,38,46],"killed_by":"Time Eater","ascension_level":20}}