{"host":"gt2xw11t93hs94eb","time":1608516075,"event":{"mods":["Act Like it!","Aspiration","BaseMod","Colored Map","Colored Powertips","Conspire","Minty Spire (QoL Compilation)","Pale of the Ancients","Quick Restart","Replay The Spire","Shop Mod","Spicy Shops","StSLib","Td1madao Mod","The Gatherer","篝火指南"],"gold_per_floor":[111,111,130,148,159,159,170,198,224,250,263,9,19,39,39,138,138,158,28,42,42,60,87,87,87,87,100,100,110,144,158,158,255,255,274,291,310,79,79,79,111,111,111,122,174,174,4,14,14,14,14],"floor_reached":50,"playtime":5077,"items_purged":[],"score":693,"play_id":"ec75ae83-e712-4ba1-975e-c9b863be530a","local_time":"20201221030115","is_ascension_mode":false,"campfire_choices":[{"data":"Gatherer:FlowerFalling","floor":6.0,"key":"SMITH"},{"floor":15.0,"key":"REST"},{"data":"Buffer","floor":24.0,"key":"SMITH"},{"floor":28.0,"key":"REST"},{"floor":32.0,"key":"REST"},{"floor":40.0,"key":"REST"},{"floor":46.0,"key":"REST"},{"floor":49.0,"key":"REST"}],"circlet_count":0,"master_deck":["Strike_B","Strike_B","Strike_B","Defend_B","Defend_B","Defend_B","Zap","Dualcast","Gatherer:FlowerFalling+1","Beam Cell","Gatherer:AlchemyTrial","Black Spear","Fixing","Floating Swing Kick","Self Repair","Melter","Perfect Defend","Gatherer:ScherryThrow","Coolheaded","Defragment","Hologram","Buffer+1","Cooling Song","Gatherer:CarefulStrike+1","conspire:Rain","Leap","Fire Up","Black Shadow","Gatherer:Duality+1","Static Discharge","Fixing+1","Pod Laser","Gatherer:StoneFence","Gatherer:Convert+1","Gatherer:BambuSword+1","Gatherer:EnergyBasket","Madness","Madness","Rainbow","Gatherer:Convert","Chill+1","Time Bomb","Recovery Mechanism+1","ReplayTheSpireMod:Dual Polarity+1","Gatherer:BalancedGrowth"],"relics":["Cracked Core","NeowsBlessing","Bag of Marbles","Pen Nib","Carrot","Geode","Nuclear Battery","aspiration:FaultyCoupler","Dream Catcher","aspiration:RunicSpoon","MerchantsRug","Oddly Smooth Stone","ReplayTheSpireMod:Lightbulb","conspire:TopHat","Membership Card"],"acts_visited":["Exordium","TheCity","TheBeyond"],"potions_floor_usage":[50],"damage_taken":[{"damage":0.0,"enemies":"Jaw Worm","floor":1.0,"turns":1.0},{"damage":0.0,"enemies":"Cultist","floor":3.0,"turns":1.0},{"damage":0.0,"enemies":"2 Louse","floor":4.0,"turns":1.0},{"damage":8.0,"enemies":"Gremlin Gang","floor":5.0,"turns":4.0},{"damage":7.0,"enemies":"2 Fungi Beasts","floor":7.0,"turns":3.0},{"damage":8.0,"enemies":"Lagavulin","floor":8.0,"turns":5.0},{"damage":26.0,"enemies":"conspire:MimicChest","floor":10.0,"turns":6.0},{"damage":4.0,"enemies":"Red Slaver","floor":11.0,"turns":3.0},{"damage":6.0,"enemies":"Exordium Wildlife","floor":13.0,"turns":2.0},{"damage":0.0,"enemies":"Large Slime","floor":14.0,"turns":4.0},{"damage":26.0,"enemies":"The Guardian","floor":16.0,"turns":9.0},{"damage":15.0,"enemies":"2 Thieves","floor":18.0,"turns":4.0},{"damage":0.0,"enemies":"conspire:FuzzyDice","floor":20.0,"turns":6.0},{"damage":4.0,"enemies":"conspire:HollyBat","floor":22.0,"turns":7.0},{"damage":17.0,"enemies":"conspire:SneckoGhost","floor":23.0,"turns":6.0},{"damage":17.0,"enemies":"Snecko","floor":27.0,"turns":5.0},{"damage":11.0,"enemies":"3 Cultists","floor":29.0,"turns":6.0},{"damage":12.0,"enemies":"Gremlin Leader","floor":30.0,"turns":5.0},{"damage":12.0,"enemies":"Snake Plant","floor":31.0,"turns":4.0},{"damage":49.0,"enemies":"Pondfish","floor":33.0,"turns":8.0},{"damage":3.0,"enemies":"Orb Walker","floor":35.0,"turns":3.0},{"damage":2.0,"enemies":"3 Darklings","floor":36.0,"turns":5.0},{"damage":30.0,"enemies":"Spire Growth","floor":37.0,"turns":5.0},{"damage":33.0,"enemies":"Reptomancer","floor":41.0,"turns":10.0},{"damage":0.0,"enemies":"Maw","floor":44.0,"turns":6.0},{"damage":0.0,"enemies":"Jaw Worm Horde","floor":48.0,"turns":5.0},{"damage":87,"enemies":"Awakened One","floor":50,"turns":6}],"seed_played":"-9038679474978421645","potions_obtained":[{"floor":1.0,"key":"SteroidPotion"},{"floor":4.0,"key":"SpeedPotion"},{"floor":7.0,"key":"Strength Potion"},{"floor":13.0,"key":"Strength Potion"},{"floor":14.0,"key":"FearPotion"},{"floor":16.0,"key":"Reflective Coating"},{"floor":22.0,"key":"EssenceOfSteel"},{"floor":27.0,"key":"Dexterity Potion"},{"floor":29.0,"key":"Adrenaline Potion"},{"floor":30.0,"key":"Dexterity Potion"},{"floor":36.0,"key":"Explosive Potion"},{"floor":41.0,"key":"DistilledChaos"}],"is_trial":false,"path_per_floor":["M","?","M","M","M","R","M","E","T","?","M","$","M","M","R","B",null,"M","$","M","?","M","E","R","?","T","M","R","M","E","M","R","B",null,"M","M","M","$","?","R","E","?","T","M","T","R","$","M","R","B"],"character_chosen":"DEFECT","items_purchased":["Geode","Gatherer:ScherryThrow","Coolheaded","aspiration:FaultyCoupler","MerchantsRug","Oddly Smooth Stone","Recovery Mechanism+1","Membership Card","conspire:TimeTravelPotion"],"campfire_rested":6,"item_purchase_floors":[12,12,12,19,38,38,47,47,47],"current_hp_per_floor":[75,75,75,75,67,67,60,52,52,33,36,36,30,37,59,33,75,67,67,74,74,75,65,65,51,51,41,65,61,56,51,75,33,80,77,75,45,45,35,59,26,34,34,41,41,65,65,65,80,0,0],"gold":14,"neow_bonus":"THREE_ENEMY_KILL","is_daily":false,"chose_seed":false,"campfire_upgraded":2,"win_rate":0.0,"timestamp":1608516075,"path_taken":["M","?","M","M","M","R","?","E","T","?","M","$","M","M","R","BOSS","M","$","?","?","?","E","R","?","T","M","R","M","E","M","R","BOSS","M","M","M","$","?","R","E","?","T","M","?","R","$","M","R","BOSS"],"items_purchased_type":["Relic","Card","Card","Relic","Relic","Relic","Card","Relic","Potion"],"build_version":"2020-12-13","purchased_purges":0,"victory":false,"max_hp_per_floor":[75,75,75,75,75,75,75,75,75,75,75,75,75,75,75,75,75,75,75,75,75,75,75,75,80,80,80,80,80,80,80,80,80,80,80,80,80,80,80,80,80,80,80,80,80,80,80,80,80,80,80],"card_choices":[{"not_picked":["Hello World","Resistance"],"picked":"Gatherer:FlowerFalling","floor":1.0},{"not_picked":["Preparedness","Gatherer:AcidicSpray"],"picked":"Gatherer:AlchemyTrial","floor":3.0},{"not_picked":["Go for the Eyes","Gatherer:CollectorsShot"],"picked":"Black Spear","floor":4.0},{"not_picked":["Gatherer:Polymorphism","Gatherer:Nutrients"],"picked":"Fixing","floor":5.0},{"not_picked":["Fire Blade","Fixing"],"picked":"Floating Swing Kick","floor":7.0},{"not_picked":["Sunder","Resistance"],"picked":"Self Repair","floor":8.0},{"not_picked":["Steam","Gatherer:DrugPower"],"picked":"Melter","floor":10.0},{"not_picked":["Melter","Gatherer:SaveValuables"],"picked":"Perfect Defend","floor":11.0},{"not_picked":["Steam","Reinforcement Parts"],"picked":"Defragment","floor":13.0},{"not_picked":["Perfect Defend","Gatherer:RecipeChange"],"picked":"Hologram","floor":14.0},{"not_picked":["Bursts","Meteor Strike"],"picked":"Buffer","floor":16.0},{"not_picked":["Recovery Mechanism","Go for the Eyes+1"],"picked":"Cooling Song","floor":18.0},{"not_picked":["Leap","FIFO Queue+1"],"picked":"Gatherer:CarefulStrike+1","floor":20.0},{"not_picked":["FIFO Queue+1","Fixing"],"picked":"Leap","floor":22.0},{"not_picked":["Rip and Tear","Heatsinks"],"picked":"Fire Up","floor":23.0},{"not_picked":["Gatherer:WoolGloves","Compile Driver"],"picked":"Black Shadow","floor":27.0},{"not_picked":["Black Shadow+1","Gatherer:Duplicator+1"],"picked":"Gatherer:Duality+1","floor":29.0},{"not_picked":["Fusion","Gatherer:UpgradeBag"],"picked":"Static Discharge","floor":30.0},{"not_picked":["Barrage+1","Light Attack+1"],"picked":"Fixing+1","floor":31.0},{"not_picked":["Gatherer:ScrollOfWall","Conserve Battery"],"picked":"Pod Laser","floor":32.0},{"not_picked":["All For One","Machine Learning"],"picked":"Gatherer:StoneFence","floor":33.0},{"not_picked":["Steam Power","Winding Magic"],"picked":"Gatherer:Convert+1","floor":35.0},{"not_picked":["Sweeping Beam","Light Attack"],"picked":"Gatherer:BambuSword+1","floor":36.0},{"not_picked":["Gatherer:CollectorsShot+1","Gatherer:Duplicator+1"],"picked":"Gatherer:EnergyBasket","floor":37.0},{"not_picked":["Ball Lightning+1","Floating Even+1"],"picked":"Rainbow","floor":40.0},{"not_picked":["Stack","Static Discharge"],"picked":"Gatherer:Convert","floor":41.0},{"not_picked":["Energy Supply","Rebound+1"],"picked":"Chill+1","floor":44.0},{"not_picked":["Hologram+1","Stack"],"picked":"Time Bomb","floor":46.0},{"not_picked":["Gash+1","Static Discharge+1"],"picked":"ReplayTheSpireMod:Dual Polarity+1","floor":48.0},{"not_picked":["Gatherer:WoolGloves+1","Compile Driver+1"],"picked":"Gatherer:BalancedGrowth","floor":49.0}],"player_experience":306276,"relics_obtained":[{"floor":8.0,"key":"Bag of Marbles"},{"floor":9.0,"key":"Pen Nib"},{"floor":10.0,"key":"Carrot"},{"floor":23.0,"key":"Tiny Chest"},{"floor":26.0,"key":"conspire:Flyswatter"},{"floor":30.0,"key":"Dream Catcher"},{"floor":41.0,"key":"ReplayTheSpireMod:Lightbulb"},{"floor":43.0,"key":"conspire:TopHat"},{"floor":45.0,"key":"Blue Doll"}],"event_choices":[{"cards_removed":["Defend_B"],"damage_healed":0.0,"max_hp_gain":0.0,"max_hp_loss":0.0,"gold_gain":0.0,"event_name":"NoteForYourself","player_choice":"Took Card","floor":2.0,"gold_loss":0.0,"damage_taken":0.0,"cards_obtained":["Beam Cell"]},{"damage_healed":0.0,"max_hp_gain":0.0,"max_hp_loss":0.0,"gold_gain":0.0,"cards_transformed":["Strike_B"],"event_name":"Transmorgrifier","player_choice":"Transformed","floor":21.0,"gold_loss":0.0,"damage_taken":0.0,"cards_obtained":["conspire:Rain"]},{"damage_healed":0.0,"max_hp_gain":5.0,"max_hp_loss":0.0,"gold_gain":0.0,"event_name":"Forgotten Altar","player_choice":"Shed Blood","floor":25.0,"gold_loss":0.0,"damage_taken":19.0},{"damage_healed":0.0,"max_hp_gain":0.0,"max_hp_loss":0.0,"gold_gain":0.0,"event_name":"Winding Halls","player_choice":"Embrace Madness","floor":39.0,"gold_loss":0.0,"damage_taken":10.0,"cards_obtained":["Madness","Madness"]}],"is_beta":false,"boss_relics":[{"not_picked":["Honey Jar","Replay:Grab Bag"],"picked":"Nuclear Battery"},{"not_picked":["Ring of Chaos","Runic Dome"],"picked":"aspiration:RunicSpoon"}],"items_purged_floors":[],"is_endless":false,"potions_floor_spawned":[1,4,7,13,14,16,22,27,29,30,36,41],"killed_by":"Awakened One","ascension_level":0}}