{"host":"dbzukadmkvvxpu74","time":1608537065,"event":{"mods":["2.2 Compatiblity","AchievementEnabler","BaseMod","Better Altar","Better Match","Colored Map","Colored Powertips","Downfall","Googly Eyes","Highlight Path","Minty Spire (QoL Compilation)","Permanent Neow","Replay The Spire","StSLib"],"gold_per_floor":[99,109,142,161,86,105,129,169,169,169,169,205,231,255,300,312,312,312],"floor_reached":16,"playtime":1511,"items_purged":[],"score":114,"play_id":"794d458b-281d-43f0-aa02-c4e12a5dcaed","local_time":"20201221005105","is_ascension_mode":false,"campfire_choices":[{"floor":1,"key":"RECALL"},{"floor":5,"key":"REST"},{"floor":10,"key":"REST"}],"circlet_count":0,"master_deck":["champ:Strike","champ:Strike","champ:Strike","champ:Strike","champ:Defend","champ:Defend","champ:Defend","champ:Defend","champ:Execute","champ:Taunt","champ:FanOfKnives","champ:Shatter","champ:FaceSlap","champ:DefensiveShout","champ:Improvising","champ:Taunt","champ:CrookedStrike","champ:BladeFlurry","champ:StanceDance","champ:ViciousMockery"],"relics":["champ:ChampionCrown","Blue Doll","downfall:HeartBlessingRed","Replay:Bandana","Bottled Flame","champ:DefensiveTrainingManual"],"acts_visited":["Exordium"],"potions_floor_usage":[13,16,16],"damage_taken":[{"damage":13,"enemies":"Small Slimes","floor":2,"turns":4},{"damage":64,"enemies":"Lagavulin","floor":3,"turns":7},{"damage":14,"enemies":"Cultist","floor":4,"turns":3},{"damage":11,"enemies":"Jaw Worm","floor":6,"turns":2},{"damage":27,"enemies":"Replay:BlueRogue","floor":8,"turns":6},{"damage":21,"enemies":"Lots of Slimes","floor":12,"turns":2},{"damage":5,"enemies":"Exordium Wildlife","floor":13,"turns":3},{"damage":7,"enemies":"3 Louse","floor":14,"turns":4},{"damage":14,"enemies":"Exordium Thugs","floor":15,"turns":3},{"damage":18,"enemies":"downfall:Ironclad","floor":16,"turns":2}],"seed_played":"-2302972559103266921","potions_obtained":[{"floor":4,"key":"Block Potion"},{"floor":6,"key":"FearPotion"},{"floor":12,"key":"AttackPotion"},{"floor":13,"key":"BlessingOfTheForge"},{"floor":15,"key":"Adrenaline Potion"}],"is_trial":false,"path_per_floor":["R","M","E","M","R","M","T","E","?","R","?","M","M","M","M","B"],"character_chosen":"THE_CHAMP","items_purchased":[],"campfire_rested":2,"item_purchase_floors":[],"current_hp_per_floor":[99,96,47,41,70,59,59,35,17,46,46,25,25,18,4,0,0,0],"gold":312,"neow_bonus":"TEN_PERCENT_HP_BONUS","is_daily":false,"chose_seed":false,"campfire_upgraded":0,"win_rate":0.0,"timestamp":1608537065,"path_taken":["R","M","E","M","R","M","T","E","?","R","?","M","M","?","M","BOSS"],"items_purchased_type":[],"build_version":"2020-12-13","purchased_purges":0,"victory":false,"max_hp_per_floor":[99,99,99,99,99,99,99,99,99,99,99,99,99,99,99,99,99,99],"card_choices":[{"not_picked":["champ:EndlessRage","champ:Encircle"],"picked":"champ:FanOfKnives","floor":2},{"not_picked":["champ:PerfectedStrike","champ:TornadoPunch"],"picked":"champ:Shatter","floor":3},{"not_picked":["champ:TornadoPunch","champ:FanOfKnives"],"picked":"champ:FaceSlap","floor":4},{"not_picked":["champ:BerserkersShout","champ:EndlessRage"],"picked":"champ:DefensiveShout","floor":6},{"not_picked":["champ:TornadoPunch","champ:DefensiveShout"],"picked":"champ:Improvising","floor":8},{"not_picked":["champ:FocusedDefense","champ:FocusedGladiator"],"picked":"champ:CrookedStrike","floor":12},{"not_picked":["champ:Haymaker","champ:Riposte"],"picked":"champ:BladeFlurry","floor":13},{"not_picked":["champ:BerserkersShout","champ:Circumvent"],"picked":"champ:StanceDance","floor":14},{"not_picked":["champ:Backstep","champ:BerserkersShout"],"picked":"champ:ViciousMockery","floor":15}],"player_experience":45695,"relics_obtained":[{"floor":3,"key":"Blue Doll"},{"floor":7,"key":"Replay:Bandana"},{"floor":8,"key":"Bottled Flame"}],"event_choices":[{"damage_healed":0,"gold_gain":0,"player_choice":"Success","damage_taken":18,"relics_obtained":["champ:DefensiveTrainingManual"],"max_hp_gain":0,"max_hp_loss":0,"event_name":"Scrap Ooze","floor":9,"gold_loss":0}],"is_beta":false,"boss_relics":[],"items_purged_floors":[],"is_endless":false,"potions_floor_spawned":[4,6,12,13,15],"killed_by":"downfall:Ironclad","ascension_level":0}}