{"host":"usewcu4ohw2wtmxk","time":1608527124,"event":{"mods":["BaseMod","Minty Spire (QoL Compilation)","Permanent Neow","Quick Restart","Relic Stats"],"gold_per_floor":[119,119,135,60,1,1,33,33,83,116,133,153,164,184,184,261,261,281,281,300,319,61,90,102,114,126,167,194,121,144,167,179,268,280,303,332,355,1366,862,896,896,896,896,896,256,275,275,302,302,302,302,302],"floor_reached":51,"playtime":1230,"items_purged":["Normality","Defend_P"],"score":1639,"play_id":"9caf8f76-f034-45d1-a654-b0a6c7629656","local_time":"20201221130524","is_ascension_mode":true,"campfire_choices":[{"data":"Eruption","floor":6.0,"key":"SMITH"},{"data":"Wallop","floor":8.0,"key":"SMITH"},{"data":"Adaptation","floor":15.0,"key":"SMITH"},{"floor":24.0,"key":"REST"},{"data":"Vault","floor":32.0,"key":"SMITH"},{"data":"DeusExMachina","floor":44.0,"key":"SMITH"},{"floor":47.0,"key":"RECALL"},{"data":"MasterReality","floor":49.0,"key":"SMITH"}],"circlet_count":0,"master_deck":["AscendersBane","Strike_P","Strike_P","Strike_P","Strike_P","Defend_P","Eruption+1","Vigilance","Wallop+1","BowlingBash","Wallop+1","Tantrum+1","Adaptation+1","Vault+1","DeusExMachina+1","Indignation","TalkToTheHand+1","FlurryOfBlows+1","MasterReality+1","Study+1","Purity"],"relics":["PureWater","NeowsBlessing","Molten Egg 2","Mercury Hourglass","Runic Dome","TheAbacus","MawBank","Ornamental Fan","Gremlin Horn","Pear","Bag of Preparation","Coffee Dripper","Strange Spoon","Meat on the Bone","Regal Pillow","Sundial","Melange","Frozen Egg 2","Toy Ornithopter"],"acts_visited":["Exordium","TheCity","TheBeyond"],"potions_floor_usage":[],"damage_taken":[{"damage":0.0,"enemies":"2 Louse","floor":1.0,"turns":1.0},{"damage":0.0,"enemies":"Small Slimes","floor":3.0,"turns":1.0},{"damage":0.0,"enemies":"3 Sentries","floor":7.0,"turns":1.0},{"damage":28.0,"enemies":"Gremlin Nob","floor":10.0,"turns":4.0},{"damage":7.0,"enemies":"Jaw Worm","floor":11.0,"turns":3.0},{"damage":17.0,"enemies":"Exordium Thugs","floor":12.0,"turns":3.0},{"damage":3.0,"enemies":"Looter","floor":13.0,"turns":2.0},{"damage":7.0,"enemies":"3 Louse","floor":14.0,"turns":3.0},{"damage":2.0,"enemies":"Hexaghost","floor":16.0,"turns":6.0},{"damage":0.0,"enemies":"Chosen","floor":18.0,"turns":3.0},{"damage":13.0,"enemies":"3 Byrds","floor":20.0,"turns":4.0},{"damage":4.0,"enemies":"Centurion and Healer","floor":21.0,"turns":3.0},{"damage":16.0,"enemies":"Slavers","floor":23.0,"turns":3.0},{"damage":0.0,"enemies":"Book of Stabbing","floor":27.0,"turns":3.0},{"damage":2.0,"enemies":"Shelled Parasite and Fungi","floor":28.0,"turns":2.0},{"damage":0.0,"enemies":"Chosen and Byrds","floor":30.0,"turns":3.0},{"damage":0.0,"enemies":"3 Cultists","floor":31.0,"turns":3.0},{"damage":4.0,"enemies":"Automaton","floor":33.0,"turns":7.0},{"damage":0.0,"enemies":"3 Darklings","floor":35.0,"turns":3.0},{"damage":0.0,"enemies":"Orb Walker","floor":36.0,"turns":2.0},{"damage":0.0,"enemies":"Jaw Worm Horde","floor":37.0,"turns":2.0},{"damage":0.0,"enemies":"Reptomancer","floor":40.0,"turns":4.0},{"damage":0.0,"enemies":"3 Darklings","floor":46.0,"turns":3.0},{"damage":0.0,"enemies":"Giant Head","floor":48.0,"turns":5.0},{"damage":69.0,"enemies":"Donu and Deca","floor":50.0,"turns":7.0},{"damage":24,"enemies":"Awakened One","floor":51,"turns":3}],"seed_played":"2198286193548788008","potions_obtained":[{"floor":1.0,"key":"BlessingOfTheForge"},{"floor":11.0,"key":"EssenceOfSteel"},{"floor":13.0,"key":"Swift Potion"},{"floor":16.0,"key":"AttackPotion"},{"floor":18.0,"key":"DistilledChaos"},{"floor":27.0,"key":"FearPotion"},{"floor":28.0,"key":"SkillPotion"},{"floor":35.0,"key":"Block Potion"},{"floor":37.0,"key":"BottledMiracle"}],"is_trial":false,"path_per_floor":["M","?","M","?","$","R","E","R","T","E","M","M","M","M","R","B",null,"M","?","M","M","$","E","R","T","T","E","M","?","M","M","R","B",null,"M","M","M","?","$","E","?","?","T","R","$","M","R","E","R","B","B"],"character_chosen":"WATCHER","items_purchased":["BowlingBash","TheAbacus","DeusExMachina","Strange Spoon","Meat on the Bone","Melange","Frozen Egg 2","Purity"],"campfire_rested":1,"item_purchase_floors":[5,22,22,39,39,45,45,45],"current_hp_per_floor":[61,66,66,66,66,66,66,66,66,38,31,14,11,4,4,2,55,55,55,42,38,38,22,43,43,43,53,51,51,51,51,51,47,74,74,74,74,74,74,74,74,74,74,74,74,74,74,74,74,22,0,0],"gold":302,"neow_bonus":"THREE_ENEMY_KILL","is_daily":false,"chose_seed":false,"campfire_upgraded":6,"win_rate":0.0,"timestamp":1608527124,"path_taken":["M","?","M","?","$","R","E","R","T","E","?","M","M","M","R","BOSS","M","?","M","M","$","E","R","?","T","E","M","?","M","M","R","BOSS","M","M","M","?","$","E","?","?","T","R","$","M","R","E","R","BOSS","BOSS"],"items_purchased_type":["Card","Relic","Card","Relic","Relic","Relic","Relic","Card"],"build_version":"2020-12-13","purchased_purges":2,"victory":false,"max_hp_per_floor":[68,73,73,73,73,73,73,73,73,73,73,73,73,73,73,73,73,73,73,73,73,73,73,73,73,73,83,83,83,83,83,83,83,83,83,83,83,83,83,83,83,83,83,83,83,83,83,83,83,83,83,83],"relic_stats":{"Regal Pillow":0,"Gremlin Horn":[20,20],"counters":[26,84],"Melange":[12],"Bag of Preparation":[25],"MawBank":192,"Mercury Hourglass":[348],"Strange Spoon":[15],"TheAbacus":[48],"Ornamental Fan":[164],"Sundial":[2],"obtain_stats":[{"Regal Pillow":40,"Pear":27,"NeowsBlessing":0,"Gremlin Horn":26,"Melange":45,"Bag of Preparation":29,"Frozen Egg 2":45,"MawBank":23,"Mercury Hourglass":10,"Runic Dome":17,"Strange Spoon":39,"TheAbacus":22,"Ornamental Fan":25,"Sundial":43,"Molten Egg 2":7,"Coffee Dripper":34,"PureWater":0,"Toy Ornithopter":48,"Meat on the Bone":39},{"Regal Pillow":22,"Pear":14,"NeowsBlessing":0,"Gremlin Horn":13,"Melange":22,"Bag of Preparation":15,"Frozen Egg 2":22,"MawBank":13,"Mercury Hourglass":4,"Runic Dome":9,"Strange Spoon":21,"TheAbacus":12,"Ornamental Fan":13,"Sundial":22,"Molten Egg 2":3,"Coffee Dripper":18,"PureWater":0,"Toy Ornithopter":24,"Meat on the Bone":21},{"Regal Pillow":66,"Pear":40,"NeowsBlessing":0,"Gremlin Horn":37,"Melange":66,"Bag of Preparation":42,"Frozen Egg 2":66,"MawBank":37,"Mercury Hourglass":7,"Runic Dome":24,"Strange Spoon":62,"TheAbacus":34,"Ornamental Fan":37,"Sundial":66,"Molten Egg 2":3,"Coffee Dripper":55,"PureWater":0,"Toy Ornithopter":74,"Meat on the Bone":62}],"Toy Ornithopter":5,"Meat on the Bone":12},"card_choices":[{"not_picked":["Sanctity","ClearTheMind","SandsOfTime"],"picked":"SKIP","floor":1.0},{"not_picked":["EmptyBody","WindmillStrike"],"picked":"Wallop","floor":3.0},{"not_picked":["SashWhip+1","Wish","PathToVictory"],"picked":"SKIP","floor":7.0},{"not_picked":["ClearTheMind","EmptyBody","Evaluate"],"picked":"SKIP","floor":10.0},{"not_picked":["FlyingSleeves+1","Indignation"],"picked":"Wallop+1","floor":11.0},{"not_picked":["Halt","Wireheading"],"picked":"Tantrum+1","floor":12.0},{"not_picked":["Halt","DeceiveReality"],"picked":"Adaptation","floor":13.0},{"not_picked":["FollowUp+1","SashWhip+1","ReachHeaven+1"],"picked":"SKIP","floor":14.0},{"not_picked":["Alpha","Devotion"],"picked":"Vault","floor":16.0},{"not_picked":["Evaluate","Study","SashWhip+1"],"picked":"SKIP","floor":18.0},{"not_picked":["PathToVictory","SashWhip+1","ClearTheMind"],"picked":"SKIP","floor":20.0},{"not_picked":["PathToVictory","EmptyFist+1","CrushJoints+1"],"picked":"SKIP","floor":21.0},{"not_picked":["Vengeance","SandsOfTime+1","Consecrate+1"],"picked":"SKIP","floor":23.0},{"not_picked":["Sanctity","SignatureMove+1","Indignation"],"picked":"SKIP","floor":27.0},{"not_picked":["Sanctity","SignatureMove+1"],"picked":"Indignation","floor":27.0},{"not_picked":["Study","Crescendo+1"],"picked":"TalkToTheHand+1","floor":28.0},{"not_picked":["BattleHymn","Consecrate+1"],"picked":"FlurryOfBlows+1","floor":30.0},{"not_picked":["EmptyFist+1","Crescendo","ClearTheMind"],"picked":"SKIP","floor":31.0},{"not_picked":["Brilliance+1","Scrawl"],"picked":"MasterReality","floor":33.0},{"not_picked":["FlurryOfBlows+1","Nirvana"],"picked":"Study+1","floor":35.0},{"not_picked":["CrushJoints+1","FlurryOfBlows+1","Swivel"],"picked":"SKIP","floor":36.0},{"not_picked":["Collect","CarveReality+1","CrushJoints+1"],"picked":"SKIP","floor":37.0},{"not_picked":["Sanctity","FlurryOfBlows+1","Blasphemy"],"picked":"SKIP","floor":40.0},{"not_picked":["SashWhip+1","Consecrate+1","BowlingBash+1"],"picked":"SKIP","floor":46.0},{"not_picked":["Indignation+1","SignatureMove+1","BowlingBash+1"],"picked":"SKIP","floor":48.0}],"player_experience":236466,"relics_obtained":[{"floor":7.0,"key":"Molten Egg 2"},{"floor":10.0,"key":"Mercury Hourglass"},{"floor":23.0,"key":"MawBank"},{"floor":25.0,"key":"Ornamental Fan"},{"floor":26.0,"key":"Gremlin Horn"},{"floor":27.0,"key":"Pear"},{"floor":40.0,"key":"Regal Pillow"},{"floor":43.0,"key":"Sundial"},{"floor":48.0,"key":"Toy Ornithopter"}],"event_choices":[{"damage_healed":0.0,"max_hp_gain":5.0,"max_hp_loss":0.0,"gold_gain":0.0,"event_name":"Big Fish","player_choice":"Donut","floor":2.0,"gold_loss":0.0,"damage_taken":0.0},{"cards_removed":["Defend_P"],"damage_healed":0.0,"max_hp_gain":0.0,"max_hp_loss":0.0,"gold_gain":0.0,"event_name":"The Cleric","player_choice":"Card Removal","floor":4.0,"gold_loss":75.0,"damage_taken":0.0},{"cards_removed":["Defend_P"],"damage_healed":0.0,"max_hp_gain":0.0,"max_hp_loss":0.0,"gold_gain":0.0,"event_name":"Back to Basics","player_choice":"Elegance","floor":19.0,"gold_loss":0.0,"damage_taken":0.0},{"damage_healed":0.0,"max_hp_gain":0.0,"max_hp_loss":0.0,"gold_gain":0.0,"event_name":"Addict","player_choice":"Obtained Relic","floor":29.0,"gold_loss":85.0,"damage_taken":0.0,"relics_obtained":["Bag of Preparation"]},{"damage_healed":0.0,"max_hp_gain":0.0,"max_hp_loss":0.0,"gold_gain":999.0,"event_name":"MindBloom","player_choice":"Gold","floor":38.0,"gold_loss":0.0,"damage_taken":0.0,"cards_obtained":["Normality","Normality"]},{"damage_healed":0.0,"max_hp_gain":0.0,"max_hp_loss":0.0,"gold_gain":0.0,"event_name":"Mysterious Sphere","player_choice":"Ignored","floor":41.0,"gold_loss":0.0,"damage_taken":0.0},{"cards_removed":["Normality"],"damage_healed":0.0,"max_hp_gain":0.0,"max_hp_loss":0.0,"gold_gain":0.0,"event_name":"Wheel of Change","player_choice":"Card Removal","floor":42.0,"gold_loss":0.0,"damage_taken":0.0}],"is_beta":false,"boss_relics":[{"not_picked":["Pandora\u0027s Box","Black Star"],"picked":"Runic Dome"},{"not_picked":["Astrolabe","Busted Crown"],"picked":"Coffee Dripper"}],"items_purged_floors":[39,45],"is_endless":false,"potions_floor_spawned":[1,11,13,16,18,27,28,31,35,37,46],"killed_by":"Awakened One","ascension_level":20}}