{"host":"Teixeira","time":1608518325,"event":{"mods":["2.2 Compatiblity","Aspiration","BaseMod","Better Match","Better Note","Better Sensory Stone","Better Skull","Better Third Choice","Colored Map","Colored Powertips","Downfall","Hermit","Hubris","Infinite Spire","Marked Mod","Minty Spire (QoL Compilation)","Permanent Neow","Quick Restart","Rare Cards Sparkle","Relic Filter","Replay The Spire","Spicy Shops","StSLib","SuperFastMode"],"gold_per_floor":[111,39,39,39,54,94,110,110,110,110,76,117,137,168,168,299,299,313,18,41,41,41,41,55,55,55,94,94,137,137,158,158,288,351,374,21,21,41,100,100,133,133,160,160,160,195,215,231,231,231,231,231,231,231,71,105,105],"floor_reached":58,"playtime":3988,"items_purged":["Defend_R","Strike_R","Strike_R"],"score":1471,"play_id":"eca0c88b-5758-4a23-b84c-8ffcf5ec5702","local_time":"20201220233845","is_ascension_mode":true,"campfire_choices":[{"data":"Shockwave","floor":8.0,"key":"SMITH"},{"data":"Twin Strike","floor":10.0,"key":"SMITH"},{"data":"expansioncontent:QuickStudy","floor":23.0,"key":"SMITH"},{"data":"Flame Barrier","floor":28.0,"key":"SMITH"},{"data":"Deep Breath","floor":30.0,"key":"SMITH"},{"data":"Feed","floor":32.0,"key":"SMITH"},{"data":"Berserk","floor":40.0,"key":"SMITH"},{"floor":42.0,"key":"RECALL"},{"data":"Shrug It Off","floor":44.0,"key":"SMITH"},{"data":"Dropkick","floor":51.0,"key":"SMITH"},{"data":"Demonic Infusion","floor":54.0,"key":"SMITH"}],"circlet_count":0,"master_deck":["Strike_R","Strike_R","Strike_R","Defend_R","Defend_R","Bash","Twin Strike+1","Shrug It Off+1","Dropkick+1","Shockwave+1","Shrug It Off+1","Flame Barrier+1","Berserk+1","Feed","Feed+1","Berserk+1","expansioncontent:QuickStudy+1","Deep Breath+1","Demonic Infusion+1"],"relics":["Burning Blood","NeowsBlessing","Golden Idol","Question Card","Counterbalance","Bag of Marbles","Replay:Rubber Ducky","Anchor","hubris:ScarierMask","DollysMirror","Nloth\u0027s Gift","ReplayTheSpireMod:ShopPack","Snack Pack","Strawberry","Pen Nib","Tiny House","Membership Card","ReplayTheSpireMod:Ninjato","Lantern","Ring of Peace","Ring of Hypnosis","Pocketwatch","ReplayTheSpireMod:TigerMarble","Centennial Puzzle","hubris:Reverence","BargainBundle","Brimstone","aspiration:ChemicalBlood","aspiration:HummingbirdHeart","Paper Frog","aspiration:StickyExplosives_weak","hubris:Teleporter"],"acts_visited":["Exordium","TheCity","TheBeyond","TheEnding"],"potions_floor_usage":[57,57,57],"damage_taken":[{"damage":0.0,"enemies":"Small Slimes","floor":1.0,"turns":1.0},{"damage":0.0,"enemies":"2 Louse","floor":5.0,"turns":1.0},{"damage":0.0,"enemies":"Lagavulin","floor":6.0,"turns":1.0},{"damage":12.0,"enemies":"Jaw Worm","floor":7.0,"turns":2.0},{"damage":18.0,"enemies":"Gremlin Nob","floor":12.0,"turns":4.0},{"damage":25.0,"enemies":"Large Slime","floor":13.0,"turns":5.0},{"damage":4.0,"enemies":"Replay:BlueRogue","floor":14.0,"turns":4.0},{"damage":22.0,"enemies":"The Guardian","floor":16.0,"turns":14.0},{"damage":27.0,"enemies":"Shell Parasite","floor":18.0,"turns":6.0},{"damage":0.0,"enemies":"3 Byrds","floor":20.0,"turns":4.0},{"damage":5.0,"enemies":"Centurion and Healer","floor":24.0,"turns":4.0},{"damage":0.0,"enemies":"Gremlin Leader","floor":27.0,"turns":7.0},{"damage":15.0,"enemies":"Book of Stabbing","floor":29.0,"turns":6.0},{"damage":0.0,"enemies":"Sentry and Sphere","floor":31.0,"turns":2.0},{"damage":65.0,"enemies":"Automaton","floor":33.0,"turns":10.0},{"damage":10.0,"enemies":"3 Darklings","floor":35.0,"turns":4.0},{"damage":0.0,"enemies":"Orb Walker","floor":38.0,"turns":3.0},{"damage":0.0,"enemies":"2 Orb Walkers","floor":39.0,"turns":4.0},{"damage":7.0,"enemies":"Giant Head","floor":41.0,"turns":8.0},{"damage":22.0,"enemies":"Reptomancer","floor":46.0,"turns":5.0},{"damage":7.0,"enemies":"Sphere and 2 Shapes","floor":47.0,"turns":4.0},{"damage":0.0,"enemies":"4 Shapes","floor":48.0,"turns":3.0},{"damage":18.0,"enemies":"Donu and Deca","floor":52.0,"turns":10.0},{"damage":0.0,"enemies":"Shield and Spear","floor":56.0,"turns":2.0},{"damage":75,"enemies":"The Heart","floor":57,"turns":6}],"seed_played":"1273395158594631938","potions_obtained":[{"floor":1.0,"key":"Cursed Concoction"},{"floor":7.0,"key":"PowerPotion"},{"floor":12.0,"key":"Block Potion"},{"floor":27.0,"key":"Fire Potion"},{"floor":29.0,"key":"AttackPotion"},{"floor":31.0,"key":"BloodPotion"},{"floor":34.0,"key":"SneckoOil"},{"floor":38.0,"key":"SpeedPotion"}],"is_trial":false,"path_per_floor":["M","$","?","?","M","E","M","R","T","R","?","E","M","E","R_BF","B",null,"M","$","M","?","AVR","R","M","?","T","E","R","E","R","M","R","B",null,"M","$","?","M","?","R","E","R","T","R","?","E","M","M","R_BF","PTL","R","B",null,"R","$","E","B",null],"character_chosen":"IRONCLAD","items_purchased":["Feed","DollysMirror","Membership Card","ReplayTheSpireMod:Ninjato","Lantern","BargainBundle","Brimstone","aspiration:ChemicalBlood","aspiration:HummingbirdHeart","Paper Frog","aspiration:StickyExplosives_weak","Strength Potion"],"campfire_rested":0,"item_purchase_floors":[19,19,36,36,36,55,55,55,55,55,55,55],"current_hp_per_floor":[80,80,62,62,68,74,68,68,68,68,57,45,26,28,52,36,80,59,59,71,71,71,71,75,75,75,94,94,87,87,96,96,59,104,103,103,103,110,113,113,113,113,113,113,113,109,110,124,124,124,124,127,127,127,127,127,89],"gold":105,"neow_bonus":"THREE_ENEMY_KILL","is_daily":false,"chose_seed":false,"campfire_upgraded":10,"win_rate":0.0,"timestamp":1608518325,"path_taken":["M","$","?","?","M","E","M","R","T","R","?","E","M","E","R_BF","BOSS","M","$","M","?","AVR","R","M","?","T","E","R","E","R","?","R","BOSS","M","$","?","M","?","R","E","R","T","R","?","E","M","M","R_BF","PTL","R","BOSS","R","$","E","BOSS"],"items_purchased_type":["Card","Relic","Relic","Relic","Relic","Relic","Relic","Relic","Relic","Relic","Relic","Potion"],"build_version":"2020-11-17","purchased_purges":3,"victory":true,"max_hp_per_floor":[80,80,80,80,80,80,80,80,80,80,80,80,80,80,80,80,80,80,80,86,86,86,86,89,89,89,96,96,96,96,99,99,99,104,107,107,107,110,113,113,113,113,113,113,113,117,117,124,124,124,124,127,127,127,127,127,127],"card_choices":[{"not_picked":["Evolve","Sword Boomerang"],"picked":"Twin Strike","floor":1.0},{"not_picked":["Clothesline","Twin Strike","Replay:Undeath\u0027s Touch"],"picked":"Shrug It Off","floor":5.0},{"not_picked":["Thunderclap","Pommel Strike","Double Tap"],"picked":"Dropkick","floor":6.0},{"not_picked":["True Grit","Iron Wave","Infernal Blade"],"picked":"Shockwave","floor":7.0},{"not_picked":["Clash","Bloodletting","Body Slam","Anger"],"picked":"SKIP","floor":12.0},{"not_picked":["Run Through","Heavy Blade","Clothesline"],"picked":"Shrug It Off","floor":13.0},{"not_picked":["hubris:SharpeningStone","Infernal Blade","Replay:Many Hands"],"picked":"Flame Barrier","floor":14.0},{"not_picked":["Offering","Replay:Many Hands","Reaper"],"picked":"Berserk","floor":16.0},{"not_picked":["Clash","Armaments","Burning Pact+1","Sword Boomerang"],"picked":"SKIP","floor":18.0},{"not_picked":["Heavy Blade","Sword Boomerang+1","Seeing Red","Iron Wave"],"picked":"SKIP","floor":20.0},{"not_picked":["Heavy Blade","Sword Boomerang+1","Seeing Red","Iron Wave"],"picked":"SKIP","floor":20.0},{"not_picked":["ReplayTheSpireMod:Brewmster","expansioncontent:Corrupt","ReplayUltimateDefense"],"picked":"expansioncontent:QuickStudy","floor":22.0},{"not_picked":["ReplayUltimateDefense","expansioncontent:Flail","Replay:SS_fish_1"],"picked":"Deep Breath","floor":22.0},{"not_picked":["Metallicize","Seeing Red","Searing Blow","Sword Boomerang"],"picked":"SKIP","floor":24.0},{"not_picked":["Fiend Fire","Spot Weakness","Pummel","Run Through"],"picked":"SKIP","floor":27.0},{"not_picked":["Cleave","Pummel+1","Feel No Pain","Entrench"],"picked":"SKIP","floor":29.0},{"not_picked":["Carnage","Reckless Charge","Wild Strike","Iron Wave+1"],"picked":"SKIP","floor":31.0},{"not_picked":["Carnage","Reckless Charge","Wild Strike","Iron Wave+1"],"picked":"SKIP","floor":31.0},{"not_picked":["Barricade","Offering","Impervious"],"picked":"Demonic Infusion","floor":33.0},{"not_picked":["Replay:Undeath\u0027s Touch+1","Juggernaut","Armaments","Perfected Strike+1"],"picked":"SKIP","floor":35.0},{"not_picked":["Run Through+1","Bloodletting","Iron Wave+1","Disarm"],"picked":"SKIP","floor":38.0},{"not_picked":["Demon Form","Flex","Shrug It Off+1","Double Tap"],"picked":"SKIP","floor":41.0},{"not_picked":["Twin Strike+1","Flame Barrier","Berserk","Perfected Strike+1"],"picked":"SKIP","floor":46.0},{"not_picked":["Run Through","Reckless Charge","Bludgeon","Clothesline"],"picked":"SKIP","floor":47.0},{"not_picked":["Flex+1","Dark Embrace","Whirlwind","Combust+1"],"picked":"SKIP","floor":48.0},{"not_picked":["Flex+1","Dark Embrace","Whirlwind","Combust+1"],"picked":"SKIP","floor":48.0},{"not_picked":["Fiend Fire","Entrench+1","Uppercut+1","hubris:SharpeningStone+1"],"picked":"SKIP","floor":56.0}],"player_experience":81447,"relics_obtained":[{"floor":6.0,"key":"Bag of Marbles"},{"floor":12.0,"key":"Replay:Rubber Ducky"},{"floor":14.0,"key":"Anchor"},{"floor":26.0,"key":"Snack Pack"},{"floor":27.0,"key":"Strawberry"},{"floor":29.0,"key":"Pen Nib"},{"floor":37.0,"key":"Ring of Peace"},{"floor":37.0,"key":"Ring of Hypnosis"},{"floor":39.0,"key":"Pocketwatch"},{"floor":41.0,"key":"ReplayTheSpireMod:TigerMarble"},{"floor":43.0,"key":"Centennial Puzzle"},{"floor":46.0,"key":"hubris:Reverence"},{"floor":56.0,"key":"hubris:Teleporter"}],"event_choices":[{"damage_healed":0.0,"max_hp_gain":0.0,"max_hp_loss":0.0,"gold_gain":0.0,"event_name":"betterThird:BetterScrap","player_choice":"Relic ","floor":3.0,"gold_loss":0.0,"damage_taken":18.0,"cards_obtained":["All Out Attack"]},{"damage_healed":0.0,"max_hp_gain":0.0,"max_hp_loss":0.0,"gold_gain":0.0,"event_name":"betterThird:BetterGoop","player_choice":"Slimed","floor":11.0,"gold_loss":34.0,"damage_taken":11.0},{"damage_healed":0.0,"max_hp_gain":0.0,"max_hp_loss":0.0,"gold_gain":0.0,"event_name":"N\u0027loth","player_choice":"Traded Relic","floor":21.0,"relics_lost":["betterThird:SlimedRelic"],"gold_loss":0.0,"damage_taken":0.0,"relics_obtained":["Nloth\u0027s Gift"]},{"cards_removed":["expansioncontent:QuickStudy"],"damage_healed":0.0,"max_hp_gain":0.0,"max_hp_loss":0.0,"gold_gain":0.0,"event_name":"betterNote:BetterNote","player_choice":"Give","floor":25.0,"gold_loss":0.0,"damage_taken":0.0,"cards_obtained":["Guardian:TwinSlam"]},{"damage_healed":0.0,"max_hp_gain":0.0,"max_hp_loss":0.0,"gold_gain":0.0,"event_name":"Mysterious Sphere","player_choice":"Fight","floor":39.0,"gold_loss":0.0,"damage_taken":0.0}],"is_beta":true,"boss_relics":[{"not_picked":["Honey Jar","hubris:GrandSneckoEye"],"picked":"hubris:ScarierMask"},{"not_picked":["Pandora\u0027s Box","aspiration:RunicSpoon"],"picked":"Tiny House"}],"items_purged_floors":[2,22,55],"is_endless":false,"potions_floor_spawned":[1,7,12,16,27,29,31,38,41,48],"ascension_level":2}}