{"host":"08z5bj28eube4vug","time":1608549630,"event":{"mods":["2.2 Compatiblity","Abigail Mod","Act Like it!","BaseMod","Beaked The Cultist","Bestiary","Friendly Minions","Gensokyo","GungeonMod","Hallownest","Kiyohime????","Koishi","Lobotomy","Marisa????????","Minty Spire (QoL Compilation)","Prisma Mod","Remilia??????","Replay The Spire","StSLib","Td1madao Mod","The Alterego","The Bug Knight","The Jungle","The Sage","The Senshi","The Servant 0.9.4","Waifu the Spire","WarShipGirlsR/????R mod","Yuri Mod"],"gold_per_floor":[115,126,145,161,161,201,221,255,255,255,255,286,286,304,304,435,535,559,574,595,595,609,640,640,640,640,303,303,303,327,339,351,482,494,534,1545,1577,1659,1661,1721,1227,1239,1239,1264,1299,868,868,895,895,895],"floor_reached":51,"playtime":4767,"items_purged":["Injury","Normality","Normality"],"score":966,"play_id":"3f711424-1e37-4533-be68-842bdf92cfb2","local_time":"20201221142030","is_ascension_mode":true,"campfire_choices":[{"data":"MysteriousBeam","floor":10.0,"key":"SMITH"},{"data":"6A","floor":13.0,"key":"SMITH"},{"data":"MilkyWay","floor":15.0,"key":"SMITH"},{"data":"BlazeAway","floor":24.0,"key":"SMITH"},{"floor":29.0,"key":"DIG"},{"floor":32.0,"key":"DIG"},{"data":"CasketOfStar","floor":47,"key":"SMITH"},{"data":"MasterSpark","floor":47,"key":"SMITH"},{"data":"SporeBomb","floor":49,"key":"SMITH"},{"data":"OrrerysSun","floor":49,"key":"SMITH"}],"circlet_count":0,"master_deck":["Strike_MRS+1","Strike_MRS+1","Strike_MRS+1","Strike_MRS+1","Defend_MRS+1","Defend_MRS+1","Defend_MRS+1","Defend_MRS+1","MasterSpark+1","UpSweep","PowerUp+1","MagicAbsorber+1","MysteriousBeam+1","6A+1","Parasite","Parasite","MilkyWay+1","OrrerysSun+1","6A+1","BlazeAway+1","UnstableBomb","WitchOfGreed","CasketOfStar+1","ChargeUpSpray+1","DoubleSpark+1","6A+1","MilkyWay+1","AsteroidBelt+1","SporeBomb+1"],"relics":["MiniHakkero","sagemod:Falmels_Amulet","ChewingGum","Bloody Idol","PreservedInsect","ShroomBag","Replay:Ringing Soul","Meat on the Bone","TungstenRod","Replay:Wanted Poster","Bottled Lightning","Shovel","Replay:Bottled Eggs","Incense Burner","MawBank","Replay:Rubber Ducky","Cursed Key","DemoMod:PartiallyEatenCheese","Gremlin Food","Bronze Scales","War Paint","DemoMod:MemoryAlloy","Replay:Arrowhead"],"acts_visited":["Exordium","TheCity","TheBeyond"],"potions_floor_usage":[38,42,45,50,50,50],"damage_taken":[{"damage":14.0,"enemies":"Jaw Worm","floor":1.0,"turns":3.0},{"damage":0.0,"enemies":"2 Louse","floor":2.0,"turns":2.0},{"damage":0.0,"enemies":"Small Slimes","floor":3.0,"turns":2.0},{"damage":0.0,"enemies":"Gremlin Gang","floor":4.0,"turns":3.0},{"damage":17.0,"enemies":"HollowMod:MossKnight","floor":6.0,"turns":4.0},{"damage":13.0,"enemies":"Exordium Thugs","floor":7.0,"turns":3.0},{"damage":0.0,"enemies":"The Mushroom Lair","floor":8.0,"turns":4.0},{"damage":21.0,"enemies":"Replay:BlueRogue","floor":12.0,"turns":2.0},{"damage":15.0,"enemies":"Large Slime","floor":14.0,"turns":5.0},{"damage":11.0,"enemies":"Fading Forest","floor":16.0,"turns":11.0},{"damage":4.0,"enemies":"Chosen","floor":18.0,"turns":3.0},{"damage":4.0,"enemies":"Spheric Guardian","floor":19.0,"turns":3.0},{"damage":2.0,"enemies":"3 Cultists","floor":20.0,"turns":6.0},{"damage":2.0,"enemies":"Snecko","floor":22.0,"turns":5.0},{"damage":0.0,"enemies":"Gremlin Leader","floor":23.0,"turns":5.0},{"damage":0.0,"enemies":"Snake Plant","floor":30.0,"turns":1.0},{"damage":29.0,"enemies":"Pondfish","floor":33.0,"turns":11.0},{"damage":0,"enemies":"3 Darklings","floor":35,"turns":4},{"damage":31,"enemies":"3 Shapes","floor":37,"turns":3},{"damage":41,"enemies":"2 Orb Walkers","floor":38,"turns":7},{"damage":0,"enemies":"Giant Head","floor":40,"turns":6},{"damage":0,"enemies":"Spire Growth","floor":42,"turns":2},{"damage":3,"enemies":"Jaw Worm Horde","floor":44,"turns":5},{"damage":0,"enemies":"R_Hoarder","floor":45,"turns":5},{"damage":24,"enemies":"3 Darklings","floor":48,"turns":4},{"damage":22,"enemies":"Awakened One","floor":50,"turns":8}],"seed_played":"3293758830972880279","potions_obtained":[{"floor":1.0,"key":"Fire Potion"},{"floor":2.0,"key":"Explosive Potion"},{"floor":6.0,"key":"SkillPotion"},{"floor":7.0,"key":"Block Potion"},{"floor":14.0,"key":"sagemod:Wine"},{"floor":18.0,"key":"Regen Potion"},{"floor":20.0,"key":"ColorlessPotion"},{"floor":22.0,"key":"ShroomBrew"},{"floor":35,"key":"DemoMod:LeadSkinPotion"},{"floor":38,"key":"ColorlessPotion"},{"floor":40,"key":"PowerPotion"},{"floor":40,"key":"EntropicBrew"},{"floor":42,"key":"ColorlessPotion"},{"floor":44,"key":"LiquidBronze"}],"is_trial":false,"path_per_floor":["M","M","M","M","?","E","M","?","T","R","?","E","R","M","R","B",null,"M","M","M","?","M","E","R","?","T","$","?","R","M","?","R","B",null,"M","?","M","?","?","E","$","M","T","M","E","$","R","M","R","B",null],"character_chosen":"MARISA","items_purchased":["Incense Burner","WitchOfGreed","Bronze Scales","War Paint","CultistPotion","Replay:Arrowhead"],"campfire_rested":0,"item_purchase_floors":[27,27,41,41,41,46],"current_hp_per_floor":[61,61,61,61,61,44,31,31,31,31,31,26,26,30,30,45,78,76,79,84,84,87,87,87,87,87,90,90,90,90,90,90,69,93,96,99,76,61,66,80,85,95,95,102,111,111,111,97,97,79],"gold":895,"neow_bonus":"DOUBLE_BOSS_RELIC","is_daily":false,"chose_seed":false,"campfire_upgraded":8,"win_rate":0.0,"timestamp":1608549630,"path_taken":["M","M","M","M","?","E","M","?","T","R","?","E","R","?","R","BOSS","M","M","?","?","M","E","R","?","T","$","?","R","M","?","R","BOSS","M","?","M","?","?","E","$","M","T","M","E","?","R","M","R","BOSS"],"items_purchased_type":["Relic","Card","Relic","Relic","Potion","Relic"],"build_version":"2020-12-13","purchased_purges":3,"victory":true,"max_hp_per_floor":[75,75,75,75,75,75,75,75,75,75,75,75,75,78,78,78,78,78,81,84,84,87,87,87,87,87,90,90,90,90,90,90,93,93,96,99,102,102,102,102,102,105,105,108,111,111,111,114,114,114],"card_choices":[{"not_picked":["PulseMagic","NonDirectionalLaser"],"picked":"PowerUp","floor":1.0},{"not_picked":["OrrerysSun","PowerUp"],"picked":"MagicAbsorber","floor":2.0},{"not_picked":["GravityBeat","SporeBomb"],"picked":"MysteriousBeam","floor":3.0},{"not_picked":["ManaConvection","AsteroidBelt"],"picked":"6A","floor":4.0},{"not_picked":["GravityBeat","IllusionStar","PulseMagic"],"picked":"SKIP","floor":6.0},{"not_picked":["DC","FinalSpark","EnergyRecoil"],"picked":"SKIP","floor":7.0},{"not_picked":["IllusionStar","ManaConvection"],"picked":"MilkyWay","floor":8.0},{"not_picked":["MysteriousBeam","Acceleration","GalacticHalo"],"picked":"SKIP","floor":12.0},{"not_picked":["DC","CollectingQuirk"],"picked":"OrrerysSun","floor":14.0},{"not_picked":["MeteoricShower+1","MysteriousBeam","ShootingEcho"],"picked":"SKIP","floor":18.0},{"not_picked":["WitchLeyline","OrrerysSun"],"picked":"6A+1","floor":19.0},{"not_picked":["PowerUp","DC+1"],"picked":"BlazeAway","floor":20.0},{"not_picked":["MilkyWay","MysteriousBeam"],"picked":"UnstableBomb","floor":22.0},{"not_picked":["DragonMeteor","ShootTheMoon","NonDirectionalLaser+1"],"picked":"SKIP","floor":23.0},{"not_picked":["DragonMeteor","ShootTheMoon","NonDirectionalLaser+1"],"picked":"SKIP","floor":23.0},{"not_picked":["TreasureHunter","WitchOfGreed","MilkyWay"],"picked":"SKIP","floor":30.0},{"not_picked":["ManaRampage","CollectingQuirk"],"picked":"CasketOfStar","floor":33.0},{"not_picked":["ShootingEcho","OrrerysSun+1"],"picked":"ChargeUpSpray+1","floor":35},{"not_picked":["AsteroidBelt","OpenUniverse"],"picked":"DoubleSpark+1","floor":37},{"not_picked":["IllusionStar+1","DarkMatter","EarthLightRay+1"],"picked":"SKIP","floor":40},{"not_picked":["DoubleSpark+1","TreasureHunter"],"picked":"6A+1","floor":42},{"not_picked":["ShootTheMoon","MysteriousBeam+1"],"picked":"MilkyWay+1","floor":44},{"not_picked":["DoubleSpark+1","IllusionStar+1"],"picked":"AsteroidBelt+1","floor":45},{"not_picked":["PulseMagic+1","MysteriousBeam"],"picked":"SporeBomb","floor":48}],"player_experience":707188,"relics_obtained":[{"floor":6.0,"key":"PreservedInsect"},{"floor":8.0,"key":"ShroomBag"},{"floor":9.0,"key":"Replay:Ringing Soul"},{"floor":11.0,"key":"Meat on the Bone"},{"floor":12.0,"key":"TungstenRod"},{"floor":23.0,"key":"Bottled Lightning"},{"floor":26.0,"key":"Replay:Bottled Eggs"},{"floor":29.0,"key":"MawBank"},{"floor":32.0,"key":"Replay:Rubber Ducky"},{"floor":38,"key":"DemoMod:PartiallyEatenCheese"},{"floor":40,"key":"DemoMod:WeirdEgg"},{"floor":45,"key":"DemoMod:MemoryAlloy"}],"event_choices":[{"damage_healed":0.0,"max_hp_gain":0.0,"max_hp_loss":0.0,"gold_gain":0.0,"event_name":"Golden Idol","player_choice":"Take Wound","floor":5.0,"gold_loss":0.0,"damage_taken":0.0,"relics_obtained":["Golden Idol"],"cards_obtained":["Injury"]},{"damage_healed":0.0,"max_hp_gain":0.0,"max_hp_loss":0.0,"gold_gain":0.0,"event_name":"Mushrooms_MRS","player_choice":"Fought Mushrooms","floor":8.0,"gold_loss":0.0,"damage_taken":0.0},{"damage_healed":0.0,"max_hp_gain":0.0,"max_hp_loss":0.0,"gold_gain":0.0,"event_name":"Wheel of Change","player_choice":"Relic","floor":11.0,"gold_loss":0.0,"damage_taken":0.0},{"damage_healed":0.0,"max_hp_gain":0.0,"max_hp_loss":0.0,"gold_gain":0.0,"event_name":"Forgotten Altar","player_choice":"Gave Idol","floor":21.0,"relics_lost":["Golden Idol"],"gold_loss":0.0,"damage_taken":0.0,"relics_obtained":["Bloody Idol"]},{"damage_healed":0.0,"max_hp_gain":0.0,"max_hp_loss":0.0,"gold_gain":0.0,"event_name":"The Mausoleum","player_choice":"Opened","floor":25.0,"gold_loss":0.0,"damage_taken":0.0,"relics_obtained":["Shovel"]},{"damage_healed":0.0,"max_hp_gain":0.0,"max_hp_loss":0.0,"gold_gain":0.0,"event_name":"Back to Basics","player_choice":"Simplicity","floor":28.0,"gold_loss":0.0,"damage_taken":0.0,"cards_upgraded":["Strike_MRS","Strike_MRS","Strike_MRS","Strike_MRS"]},{"damage_healed":0,"gold_gain":999,"player_choice":"Gold","damage_taken":0,"max_hp_gain":0,"max_hp_loss":0,"event_name":"MindBloom","floor":36,"gold_loss":0,"cards_obtained":["Normality","Normality"]},{"damage_healed":0,"gold_gain":0,"player_choice":"Fight","damage_taken":0,"max_hp_gain":0,"max_hp_loss":0,"event_name":"Mysterious Sphere","floor":38,"gold_loss":0}],"is_beta":false,"boss_relics":[{"not_picked":["Velvet Choker","Astrolabe"],"picked":"Replay:Wanted Poster"},{"not_picked":["beaked:MawFillet","Replay:Ancient Bell"],"picked":"Cursed Key"}],"items_purged_floors":[27,41,46],"is_endless":false,"potions_floor_spawned":[1,2,6,7,14,18,20,22,40,42],"ascension_level":2}}