{"host":"agbyy69nq62afhwx","time":1608512176,"event":{"mods":["BaseMod","Colored Map","Highlight Path","Keyboard Shortcuts","Minty Spire (QoL Compilation)","Quick Restart","StSLib","SuperFastMode","everything is the same but u backflip on backflip"],"gold_per_floor":[113,127,147,147,160,160,177,177,177,188,188,207,242,0,0,101,101,117,117,42,0,0,0,18,18,18,18,32,47,47,11,11,110,110,122,122,20,20,20,20,30,43,112,125,0,0,17,32,32,32],"floor_reached":51,"playtime":1236,"items_purged":["Shame"],"score":824,"play_id":"655607b1-ad13-4c1e-9055-2e424b8cc0ab","local_time":"20201221095616","is_ascension_mode":true,"campfire_choices":[{"data":"Accuracy","floor":6.0,"key":"SMITH"},{"data":"Blade Dance","floor":8.0,"key":"SMITH"},{"data":"Finisher","floor":11.0,"key":"SMITH"},{"data":"Strike_G","floor":15.0,"key":"PURGE"},{"floor":23.0,"key":"REST"},{"data":"Defend_G","floor":27.0,"key":"PURGE"},{"floor":32.0,"key":"REST"},{"data":"Strike_G","floor":40.0,"key":"PURGE"},{"data":"Calculated Gamble","floor":46.0,"key":"SMITH"},{"floor":49,"key":"REST"}],"circlet_count":0,"master_deck":["Defend_G","Defend_G","Survivor","Neutralize","Blade Dance+1","Backflip","Finisher+1","Accuracy+1","Escape Plan","Bullet Time","Infinite Blades","Bullet Time","Calculated Gamble+1","Blade Dance","Backflip","Blade Dance","After Image","Choke+1","Writhe","Cloak And Dagger","Finesse","Flash of Steel","Calculated Gamble+1","Blur+1"],"relics":["Ring of the Snake","NeowsBlessing","The Courier","Gremlin Horn","Peace Pipe","Runic Pyramid","Nilry\u0027s Codex","Du-Vu Doll","Art of War","WristBlade","Paper Crane","Red Mask"],"acts_visited":["Exordium","TheCity","TheBeyond"],"potions_floor_usage":[],"damage_taken":[{"damage":0.0,"enemies":"2 Louse","floor":1.0,"turns":1.0},{"damage":0.0,"enemies":"Cultist","floor":2.0,"turns":1.0},{"damage":0.0,"enemies":"Small Slimes","floor":3.0,"turns":1.0},{"damage":13.0,"enemies":"Blue Slaver","floor":5.0,"turns":3.0},{"damage":1.0,"enemies":"Large Slime","floor":7.0,"turns":5.0},{"damage":4.0,"enemies":"2 Fungi Beasts","floor":10.0,"turns":2.0},{"damage":0.0,"enemies":"Exordium Wildlife","floor":12.0,"turns":2.0},{"damage":7.0,"enemies":"Lagavulin","floor":13.0,"turns":5.0},{"damage":23.0,"enemies":"Slime Boss","floor":16.0,"turns":6.0},{"damage":6.0,"enemies":"3 Byrds","floor":18.0,"turns":4.0},{"damage":9.0,"enemies":"Shell Parasite","floor":24.0,"turns":4.0},{"damage":2.0,"enemies":"Centurion and Healer","floor":28.0,"turns":3.0},{"damage":10.0,"enemies":"Snake Plant","floor":29.0,"turns":2.0},{"damage":43.0,"enemies":"Champ","floor":33.0,"turns":6.0},{"damage":0.0,"enemies":"Orb Walker","floor":35.0,"turns":2.0},{"damage":0.0,"enemies":"3 Shapes","floor":41.0,"turns":1.0},{"damage":10.0,"enemies":"Spire Growth","floor":42.0,"turns":3.0},{"damage":4.0,"enemies":"4 Shapes","floor":44.0,"turns":2.0},{"damage":0,"enemies":"Transient","floor":47,"turns":5},{"damage":0,"enemies":"Writhing Mass","floor":48,"turns":2},{"damage":17,"enemies":"Time Eater","floor":50,"turns":5}],"seed_played":"-6898394862512268437","potions_obtained":[{"floor":1.0,"key":"BlessingOfTheForge"},{"floor":3.0,"key":"Weak Potion"},{"floor":7.0,"key":"GamblersBrew"},{"floor":13.0,"key":"PowerPotion"},{"floor":16.0,"key":"SmokeBomb"}],"is_trial":false,"path_per_floor":["M","M","M","?","M","R","M","R","T","M","R","M","E","$","R","B",null,"M","?","?","?","?","R","M","?","T","R","M","M","?","$","R","B",null,"M","?","$","?","$","R","M","M","T","M","?","R","M","M","R","B",null],"character_chosen":"THE_SILENT","items_purchased":["Peace Pipe","Blade Dance","Cloak And Dagger"],"campfire_rested":3,"item_purchase_floors":[14,31,37],"current_hp_per_floor":[70,70,70,70,57,57,56,56,56,52,52,52,45,45,45,22,58,52,52,52,52,36,57,48,48,48,48,46,36,36,36,57,14,56,56,70,70,60,60,60,60,50,50,46,46,46,46,46,67,50],"gold":32,"neow_bonus":"THREE_ENEMY_KILL","is_daily":false,"chose_seed":false,"campfire_upgraded":4,"win_rate":0.0,"timestamp":1608512176,"path_taken":["M","M","M","?","M","R","M","R","T","?","R","?","E","?","R","BOSS","M","?","?","?","?","R","M","?","T","R","M","?","?","$","R","BOSS","M","?","$","?","$","R","M","M","T","M","?","R","?","M","R","BOSS"],"items_purchased_type":["Relic","Card","Card"],"build_version":"2020-12-13","purchased_purges":1,"victory":true,"max_hp_per_floor":[70,70,70,70,70,70,70,70,70,70,70,70,70,70,70,70,70,70,70,70,70,70,70,70,70,70,70,70,70,70,70,70,70,70,70,70,70,70,70,70,70,70,70,70,70,70,70,70,70,70],"card_choices":[{"not_picked":["Well Laid Plans","Outmaneuver"],"picked":"Blade Dance","floor":1.0},{"not_picked":["Dagger Throw","Cloak And Dagger"],"picked":"Backflip","floor":2.0},{"not_picked":["Outmaneuver","Backflip"],"picked":"Finisher","floor":3.0},{"not_picked":["Flying Knee","Bane","Dash"],"picked":"SKIP","floor":5.0},{"not_picked":["Underhanded Strike","Flying Knee","Noxious Fumes"],"picked":"SKIP","floor":7.0},{"not_picked":["Underhanded Strike","Outmaneuver","Caltrops"],"picked":"SKIP","floor":10.0},{"not_picked":["Underhanded Strike","Crippling Poison"],"picked":"Escape Plan","floor":12.0},{"not_picked":["Eviscerate","Poisoned Stab"],"picked":"Bullet Time","floor":13.0},{"not_picked":["Noxious Fumes","Underhanded Strike"],"picked":"Infinite Blades","floor":18.0},{"not_picked":["Dash","Deadly Poison","Dodge and Roll+1"],"picked":"SKIP","floor":24.0},{"not_picked":["Acrobatics","Quick Slash"],"picked":"Blade Dance","floor":28.0},{"not_picked":["Finisher","Flechettes"],"picked":"Backflip","floor":29.0},{"not_picked":["Venomology","Malaise"],"picked":"After Image","floor":33.0},{"not_picked":["All Out Attack+1","Distraction"],"picked":"Choke+1","floor":35.0},{"not_picked":["Deep Breath","Blind"],"picked":"Finesse","floor":38.0},{"not_picked":["Impatience","Deep Breath"],"picked":"Flash of Steel","floor":38.0},{"not_picked":["Predator+1","Terror+1","Crippling Poison+1"],"picked":"SKIP","floor":41.0},{"not_picked":["Leg Sweep","Flying Knee","Dagger Spray"],"picked":"SKIP","floor":42.0},{"not_picked":["Flying Knee","PiercingWail+1"],"picked":"Calculated Gamble+1","floor":44.0},{"not_picked":["Terror+1","Bane","Setup"],"picked":"SKIP","floor":47},{"not_picked":["Blur+1","Underhanded Strike","Skewer"],"picked":"SKIP","floor":48},{"not_picked":["Underhanded Strike","Skewer"],"picked":"Blur+1","floor":48}],"player_experience":346693,"relics_obtained":[{"floor":9.0,"key":"The Courier"},{"floor":13.0,"key":"Gremlin Horn"},{"floor":22.0,"key":"Nilry\u0027s Codex"},{"floor":26.0,"key":"Du-Vu Doll"},{"floor":43.0,"key":"Paper Crane"}],"event_choices":[{"damage_healed":0.0,"max_hp_gain":0.0,"max_hp_loss":0.0,"gold_gain":0.0,"cards_transformed":["Strike_G"],"event_name":"Transmorgrifier","player_choice":"Transformed","floor":4.0,"gold_loss":0.0,"damage_taken":0.0,"cards_obtained":["Accuracy"]},{"cards_removed":["Strike_G"],"damage_healed":0.0,"max_hp_gain":0.0,"max_hp_loss":0.0,"gold_gain":0.0,"event_name":"Back to Basics","player_choice":"Elegance","floor":19.0,"gold_loss":0.0,"damage_taken":0.0},{"cards_removed":["Strike_G"],"damage_healed":0.0,"max_hp_gain":0.0,"max_hp_loss":0.0,"gold_gain":0.0,"event_name":"Beggar","player_choice":"Gave Gold","floor":20.0,"gold_loss":75.0,"damage_taken":0.0},{"damage_healed":0.0,"max_hp_gain":0.0,"max_hp_loss":0.0,"gold_gain":0.0,"event_name":"Masked Bandits","player_choice":"Paid Fearfully","floor":21.0,"gold_loss":42.0,"damage_taken":0.0},{"damage_healed":0.0,"max_hp_gain":0.0,"max_hp_loss":0.0,"gold_gain":0.0,"event_name":"Cursed Tome","player_choice":"Obtained Book","floor":22.0,"gold_loss":0.0,"damage_taken":16.0},{"damage_healed":0.0,"max_hp_gain":0.0,"max_hp_loss":0.0,"gold_gain":0.0,"cards_transformed":["Defend_G","Defend_G"],"event_name":"Drug Dealer","player_choice":"Became Test Subject","floor":25.0,"gold_loss":0.0,"damage_taken":0.0,"cards_obtained":["Bullet Time","Calculated Gamble"]},{"damage_healed":0.0,"max_hp_gain":0.0,"max_hp_loss":0.0,"gold_gain":0.0,"event_name":"Addict","player_choice":"Stole Relic","floor":30.0,"gold_loss":0.0,"damage_taken":0.0,"relics_obtained":["Art of War"],"cards_obtained":["Shame"]},{"damage_healed":18.0,"max_hp_gain":0.0,"max_hp_loss":0.0,"gold_gain":0.0,"event_name":"Winding Halls","player_choice":"Writhe","floor":36.0,"gold_loss":0.0,"damage_taken":0.0,"cards_obtained":["Writhe"]},{"damage_healed":0.0,"max_hp_gain":0.0,"max_hp_loss":0.0,"gold_gain":0.0,"event_name":"SensoryStone","player_choice":"Memory 3","floor":38.0,"gold_loss":0.0,"damage_taken":10.0},{"damage_healed":0.0,"max_hp_gain":0.0,"max_hp_loss":0.0,"gold_gain":0.0,"event_name":"Tomb of Lord Red Mask","player_choice":"Paid","floor":45.0,"gold_loss":125.0,"damage_taken":0.0,"relics_obtained":["Red Mask"]}],"is_beta":false,"boss_relics":[{"not_picked":["HoveringKite","Tiny House"],"picked":"Runic Pyramid"},{"not_picked":["Velvet Choker","Runic Dome"],"picked":"WristBlade"}],"items_purged_floors":[37],"is_endless":false,"potions_floor_spawned":[1,3,7,13,16,33,44],"ascension_level":5}}