{"host":"cc187","time":1608519528,"event":{"mods":["AchievementEnabler","BaseMod","Bestiary","Colored Map","Colored Powertips","Highlight Path","Keyboard Shortcuts","Minty Spire (QoL Compilation)","Quick Restart","Rare Cards Sparkle","Relic Stats","StSLib","SuperFastMode","Synergy Search","ojb\u0027s Info Mod"],"gold_per_floor":[117,117,117,136,154,179,239,72,72,99,109,109,120,148,148,148,148],"floor_reached":16,"playtime":607,"items_purged":[],"score":209,"play_id":"fad4d38d-9e02-4b7a-903b-8f19c710bc19","local_time":"20201221025848","is_ascension_mode":true,"campfire_choices":[{"floor":12,"key":"REST"},{"data":"Adrenaline","floor":15,"key":"SMITH"}],"circlet_count":0,"master_deck":["AscendersBane","Strike_G","Strike_G","Strike_G","Strike_G","Defend_G","Defend_G","Defend_G","Defend_G","Defend_G","Survivor","Neutralize","Endless Agony","Escape Plan","All Out Attack","All Out Attack","Adrenaline+1","Decay","PiercingWail","Backstab","Backflip"],"relics":["Cursed Key","CaptainsWheel","Bag of Preparation","Dream Catcher"],"acts_visited":["Exordium"],"potions_floor_usage":[6,6],"damage_taken":[{"damage":1,"enemies":"Jaw Worm","floor":1,"turns":6},{"damage":3,"enemies":"Small Slimes","floor":4,"turns":5},{"damage":0,"enemies":"2 Louse","floor":5,"turns":2},{"damage":30,"enemies":"Gremlin Nob","floor":6,"turns":4},{"damage":0,"enemies":"Blue Slaver","floor":11,"turns":3},{"damage":0,"enemies":"Looter","floor":13,"turns":2},{"damage":12,"enemies":"3 Sentries","floor":14,"turns":7},{"damage":49,"enemies":"The Guardian","floor":16,"turns":8}],"seed_played":"4155530740315110529","potions_obtained":[{"floor":4,"key":"Poison Potion"},{"floor":5,"key":"SneckoOil"},{"floor":6,"key":"SmokeBomb"},{"floor":14,"key":"BlessingOfTheForge"}],"is_trial":false,"path_per_floor":["M","?","?","M","M","E","?","$","T","T","M","R","M","E","R","B"],"character_chosen":"THE_SILENT","items_purchased":["Adrenaline"],"campfire_rested":1,"item_purchase_floors":[8],"current_hp_per_floor":[58,63,63,60,60,30,30,30,30,30,30,51,51,39,39,0,0],"gold":148,"neow_bonus":"BOSS_RELIC","is_daily":false,"chose_seed":false,"campfire_upgraded":1,"win_rate":0.0,"timestamp":1608519528,"path_taken":["M","?","?","M","M","E","?","$","T","?","M","R","?","E","R","BOSS"],"items_purchased_type":["Card"],"build_version":"2020-12-18","purchased_purges":0,"victory":false,"max_hp_per_floor":[66,71,71,71,71,71,71,71,71,71,71,71,71,71,71,71,71],"relic_stats":{"Dream Catcher":0,"counters":[8,37],"Bag of Preparation":[8],"Cursed Key":1,"obtain_stats":[{"CaptainsWheel":6,"Dream Catcher":14,"Bag of Preparation":10,"Cursed Key":0,"Ring of the Snake":0},{"CaptainsWheel":4,"Dream Catcher":7,"Bag of Preparation":4,"Cursed Key":0,"Ring of the Snake":0},{"CaptainsWheel":17,"Dream Catcher":29,"Bag of Preparation":17,"Cursed Key":0,"Ring of the Snake":0}]},"card_choices":[{"not_picked":["Flying Knee","PiercingWail"],"picked":"Endless Agony","floor":1},{"not_picked":["Calculated Gamble","Poisoned Stab"],"picked":"All Out Attack","floor":4},{"not_picked":["Deadly Poison","Accuracy"],"picked":"All Out Attack","floor":5},{"not_picked":["Setup","Skewer","Eviscerate"],"picked":"SKIP","floor":6},{"not_picked":["Dagger Throw","Flying Knee"],"picked":"PiercingWail","floor":11},{"not_picked":["Accuracy","Bouncing Flask"],"picked":"Backstab","floor":13},{"not_picked":["Dash","Cloak And Dagger"],"picked":"Backflip","floor":14}],"player_experience":828863,"relics_obtained":[{"floor":6,"key":"CaptainsWheel"},{"floor":10,"key":"Bag of Preparation"},{"floor":14,"key":"Dream Catcher"}],"event_choices":[{"damage_healed":0,"gold_gain":0,"player_choice":"Donut","damage_taken":0,"max_hp_gain":5,"max_hp_loss":0,"event_name":"Big Fish","floor":2,"gold_loss":0},{"damage_healed":0,"gold_gain":0,"cards_transformed":["Strike_G"],"player_choice":"Change","damage_taken":0,"max_hp_gain":0,"max_hp_loss":0,"event_name":"Living Wall","floor":3,"gold_loss":0,"cards_obtained":["Escape Plan"]},{"damage_healed":0,"gold_gain":60,"player_choice":"Gained Gold","damage_taken":0,"max_hp_gain":0,"max_hp_loss":0,"event_name":"Golden Wing","floor":7,"gold_loss":0}],"is_beta":true,"boss_relics":[],"items_purged_floors":[],"is_endless":false,"potions_floor_spawned":[4,5,6,14],"killed_by":"The Guardian","ascension_level":18}}