{"host":"msepye59htvs4aw4","time":1608576786,"event":{"mods":["BaseMod","Colored Map","DeckTracker","Highlight Path","Minty Spire (QoL Compilation)","Shop Mod","StSLib","SuperFastMode"],"gold_per_floor":[113,113,128,146,163,163,176,326,326,337,348,348,13,13,13,90,90,110,166,206,43,43,43,43,43,121,136,178,178,27,67,67,67,67],"floor_reached":33,"playtime":810,"items_purged":["Doubt"],"score":418,"play_id":"ce394568-aef6-49f8-8746-c10a5fde3e93","local_time":"20201221195306","is_ascension_mode":true,"campfire_choices":[{"data":"Catalyst","floor":6,"key":"SMITH"},{"floor":12,"key":"REST"},{"data":"HandOfGreed","floor":15,"key":"SMITH"},{"floor":23,"key":"REST"},{"floor":25,"key":"REST"},{"data":"Ghostly","floor":29,"key":"SMITH"},{"floor":32,"key":"REST"}],"circlet_count":0,"master_deck":["AscendersBane","Strike_G","Strike_G","Strike_G","Strike_G","Strike_G","Defend_G","Defend_G","Defend_G","Defend_G","Survivor","Neutralize","Terror+1","Backflip","Catalyst+1","Dodge and Roll","Deadly Poison","Backstab","HandOfGreed+1","After Image","PiercingWail","Well Laid Plans","Dagger Spray","Writhe","Ghostly+1","Ghostly","Ghostly","Poisoned Stab","Catalyst","Noxious Fumes","Die Die Die"],"relics":["Ring of the Snake","Bottled Lightning","Sozu","Red Mask","Mercury Hourglass","Matryoshka"],"acts_visited":["Exordium","TheCity"],"potions_floor_usage":[5,7,11,18],"damage_taken":[{"damage":0,"enemies":"Small Slimes","floor":1,"turns":4},{"damage":0,"enemies":"2 Louse","floor":3,"turns":3},{"damage":1,"enemies":"Cultist","floor":4,"turns":3},{"damage":1,"enemies":"2 Fungi Beasts","floor":5,"turns":3},{"damage":3,"enemies":"Looter","floor":7,"turns":3},{"damage":0,"enemies":"Blue Slaver","floor":10,"turns":7},{"damage":9,"enemies":"Large Slime","floor":11,"turns":6},{"damage":38,"enemies":"The Guardian","floor":16,"turns":9},{"damage":0,"enemies":"Chosen","floor":18,"turns":4},{"damage":36,"enemies":"Masked Bandits","floor":19,"turns":6},{"damage":20,"enemies":"Spheric Guardian","floor":20,"turns":4},{"damage":1,"enemies":"Snecko","floor":27,"turns":5},{"damage":2,"enemies":"Chosen and Byrds","floor":28,"turns":6},{"damage":15,"enemies":"Cultist and Chosen","floor":31,"turns":5},{"damage":31,"enemies":"Automaton","floor":33,"turns":8}],"seed_played":"-4918354828344272065","potions_obtained":[{"floor":1,"key":"DistilledChaos"},{"floor":4,"key":"CunningPotion"},{"floor":5,"key":"SneckoOil"},{"floor":16,"key":"AttackPotion"}],"is_trial":false,"path_per_floor":["M","?","M","M","M","R","M","?","T","M","M","R","$","?","R","B",null,"M","?","M","$","?","R","?","R","T","M","M","R","$","M","R","B"],"character_chosen":"THE_SILENT","items_purchased":["Backstab","HandOfGreed","PiercingWail","Well Laid Plans","Dagger Spray","Noxious Fumes","Die Die Die"],"campfire_rested":4,"item_purchase_floors":[13,13,21,21,21,30,30],"current_hp_per_floor":[65,65,65,64,63,63,60,60,60,60,51,72,72,72,72,34,63,63,27,7,7,7,28,28,36,36,35,33,33,33,18,28,0,0],"gold":67,"neow_bonus":"TEN_PERCENT_HP_BONUS","is_daily":false,"chose_seed":false,"campfire_upgraded":3,"win_rate":0.0,"timestamp":1608576786,"path_taken":["M","?","M","M","M","R","M","?","T","M","M","R","$","?","R","BOSS","M","?","M","$","?","R","?","R","T","M","M","R","?","M","R","BOSS"],"items_purchased_type":["Card","Card","Card","Card","Card","Card","Card"],"build_version":"2020-12-13","purchased_purges":1,"victory":false,"max_hp_per_floor":[72,72,72,72,72,72,72,72,72,72,72,72,72,72,72,72,72,72,72,72,72,72,72,36,36,36,36,36,36,36,36,36,36,36],"card_choices":[{"not_picked":["Flying Knee","Deflect"],"picked":"Terror","floor":1},{"not_picked":["Choke","Bane","Terror"],"picked":"SKIP","floor":3},{"not_picked":["Setup","PiercingWail"],"picked":"Backflip","floor":4},{"not_picked":["Caltrops","Masterful Stab"],"picked":"Catalyst","floor":5},{"not_picked":["Terror","Dagger Throw"],"picked":"Dodge and Roll","floor":7},{"not_picked":["Prepared","Catalyst"],"picked":"Deadly Poison","floor":10},{"not_picked":["Accuracy","Flechettes","Underhanded Strike"],"picked":"SKIP","floor":11},{"not_picked":["Unload","Burst"],"picked":"After Image","floor":16},{"not_picked":["Dodge and Roll","Blade Dance","Deflect"],"picked":"SKIP","floor":18},{"not_picked":["Bane","Heel Hook","Deadly Poison"],"picked":"SKIP","floor":20},{"not_picked":["Underhanded Strike","Quick Slash"],"picked":"Poisoned Stab","floor":27},{"not_picked":["Prepared","Slice+1"],"picked":"Catalyst","floor":28},{"not_picked":["Skewer","Quick Slash","Bane+1"],"picked":"SKIP","floor":31}],"player_experience":1611904,"relics_obtained":[{"floor":9,"key":"Bottled Lightning"},{"floor":19,"key":"Red Mask"},{"floor":26,"key":"Matryoshka"}],"event_choices":[{"damage_healed":0,"gold_gain":0,"player_choice":"Grow","damage_taken":0,"max_hp_gain":0,"max_hp_loss":0,"event_name":"Living Wall","floor":2,"gold_loss":0,"cards_upgraded":["Terror"]},{"damage_healed":0,"gold_gain":150,"player_choice":"AGREE","damage_taken":0,"max_hp_gain":0,"max_hp_loss":0,"event_name":"Liars Game","floor":8,"gold_loss":0,"cards_obtained":["Doubt"]},{"cards_removed":["Defend_G"],"damage_healed":0,"gold_gain":0,"player_choice":"Purged","damage_taken":0,"max_hp_gain":0,"max_hp_loss":0,"event_name":"Purifier","floor":14,"gold_loss":0},{"damage_healed":0,"gold_gain":0,"player_choice":"Fought Bandits","damage_taken":0,"max_hp_gain":0,"max_hp_loss":0,"event_name":"Masked Bandits","floor":19,"gold_loss":0},{"damage_healed":0,"gold_gain":0,"player_choice":"Opened","damage_taken":0,"relics_obtained":["Mercury Hourglass"],"max_hp_gain":0,"max_hp_loss":0,"event_name":"The Mausoleum","floor":22,"gold_loss":0,"cards_obtained":["Writhe"]},{"damage_healed":0,"gold_gain":0,"player_choice":"Became a Ghost","damage_taken":0,"max_hp_gain":0,"max_hp_loss":36,"event_name":"Ghosts","floor":24,"gold_loss":0,"cards_obtained":["Ghostly","Ghostly","Ghostly"]}],"is_beta":false,"boss_relics":[{"not_picked":["Coffee Dripper","Astrolabe"],"picked":"Sozu"}],"items_purged_floors":[13],"is_endless":false,"potions_floor_spawned":[1,4,5,16,19,31],"killed_by":"Automaton","ascension_level":15}}