{"host":"svwqvw2il1zfkkg0","time":1608549261,"event":{"mods":["AchievementEnabler","BaseMod","BetterRewards","Colored Map","Colored Powertips","Custom Start","Downfall","GifTheSpireLib","Highlight Path","Hubris","Infinite Spire","Minty Spire (QoL Compilation)","Quick Restart","Replay The Spire","Shop Mod","StSLib","SuperFastMode"],"gold_per_floor":[118,137,13,13,30,30,43,68,68,68,16,16,16,35,35,137,137,157,157,174,26,43,73,73,73,73,73,22,22,41,59,59,156,156,174,174,174],"floor_reached":36,"playtime":1186,"items_purged":["Regret"],"score":457,"play_id":"db683f40-d6c5-4bd2-996e-3c8a6c4dbdd9","local_time":"20201221031421","is_ascension_mode":false,"campfire_choices":[{"data":"Infinite Blades","floor":6,"key":"SMITH"},{"floor":10,"key":"REST"},{"floor":13,"key":"REST"},{"floor":15,"key":"REST"},{"floor":24,"key":"REST"},{"floor":27,"key":"REST"},{"floor":32,"key":"REST"}],"circlet_count":0,"master_deck":["Strike_G","Strike_G","Strike_G","Strike_G","Strike_G","Defend_G","Defend_G","Defend_G","Defend_G","Defend_G","Neutralize","Infinite Blades+1","Accuracy+1","PiercingWail+1","Dagger Spray+1","Flying Knee","m_Survivalism+1","Blade Dance+1","Venomology+1","Quick Slash","Dagger Spray","Sucker Punch","Blade Dance+1","Dagger Spray","Dagger Spray","Bullet Time+1","AbeCurse","Flying Knee+1"],"relics":["Ring of the Snake","Toxic Egg 2","Replay:Wax Seal","Quantum Egg","infinitespire:Bottled Soul","Black Star","Nunchaku","infinitespire:ShieldingShard","Paper Crane","hubris:MysteriousPyramids","Replay:Grab Bag","infinitespire:Cupcake","Abe\u0027s Treasure","WristBlade","hubris:Backtick","Replay:WaspNest"],"acts_visited":["Exordium","TheCity","TheBeyond"],"potions_floor_usage":[8,16,16,18,22,22,22,22,23,23,30,33,36,36],"damage_taken":[{"damage":5,"enemies":"Cultist","floor":1,"turns":5},{"damage":3,"enemies":"2 Louse","floor":2,"turns":3},{"damage":5,"enemies":"Jaw Worm","floor":5,"turns":5},{"damage":15,"enemies":"Exordium Thugs","floor":7,"turns":6},{"damage":23,"enemies":"3 Sentries","floor":8,"turns":7},{"damage":5,"enemies":"Red Slaver","floor":14,"turns":3},{"damage":0,"enemies":"Fading Forest","floor":16,"turns":11},{"damage":25,"enemies":"2 Thieves","floor":18,"turns":4},{"damage":0,"enemies":"3 Byrds","floor":20,"turns":5},{"damage":8,"enemies":"Cultist and Chosen","floor":22,"turns":5},{"damage":23,"enemies":"Replay:Snechameleon","floor":23,"turns":6},{"damage":0,"enemies":"Snake Plant","floor":30,"turns":2},{"damage":8,"enemies":"Centurion and Healer","floor":31,"turns":4},{"damage":65,"enemies":"hubris:MusketHawk","floor":33,"turns":8},{"damage":10,"enemies":"3 Shapes","floor":35,"turns":2},{"damage":0,"enemies":"infinitespire:Three Voidlings","floor":36,"turns":2},{"damage":65,"enemies":"Nightmare_Alpha","floor":36,"turns":6}],"seed_played":"-8694641975386101058","potions_obtained":[{"floor":8,"key":"champ:CounterPotion"},{"floor":16,"key":"Weak Potion"},{"floor":20,"key":"sneckomod:MuddlingPotion"},{"floor":22,"key":"Energy Potion"},{"floor":33,"key":"CultistPotion"}],"is_trial":false,"path_per_floor":["M","M","$","?","M","R","M","E","T","R","$","?","R","M","R","B",null,"M","?","M","$","M","E","R","?","T","R","$","?","M","M","R","B",null,"M","?"],"character_chosen":"THE_SILENT","items_purchased":["Energy Potion","BlessingOfTheForge","Nunchaku","Adrenaline Potion"],"campfire_rested":6,"item_purchase_floors":[3,11,21,28],"current_hp_per_floor":[65,62,62,59,54,54,39,16,16,37,37,37,58,53,70,70,70,45,45,45,45,37,14,35,35,35,56,56,56,56,48,69,4,70,60,0,0],"gold":174,"neow_bonus":"RANDOM_EVENT","is_daily":false,"chose_seed":false,"campfire_upgraded":1,"win_rate":0.0,"timestamp":1608549261,"path_taken":["M","M","$","?","M","R","M","E","T","R","$","?","R","?","R","BOSS","M","?","?","$","M","E","R","?","T","R","?","?","M","M","R","BOSS","M","?"],"items_purchased_type":["Potion","Potion","Relic","Potion"],"build_version":"2020-12-13","purchased_purges":1,"victory":false,"max_hp_per_floor":[70,70,70,70,70,70,70,70,70,70,70,70,70,70,70,70,70,70,70,70,70,70,70,70,70,70,70,70,70,70,70,70,70,70,70,70,70],"card_choices":[{"not_picked":["ReplayTheSpireMod:The Works+1","ReplayTheSpireMod:Exploit Weakness+1"],"picked":"Infinite Blades","floor":1},{"not_picked":["Poisoned Stab","Slice"],"picked":"Accuracy","floor":2},{"not_picked":["Prepared+1","Underhanded Strike"],"picked":"PiercingWail+1","floor":5},{"not_picked":["Slice","ReplayTheSpireMod:Tripwire+1"],"picked":"Dagger Spray","floor":7},{"not_picked":["Night Terror+1","Deadly Poison+1"],"picked":"Flying Knee","floor":8},{"not_picked":["PiercingWail+1","Masterful Stab"],"picked":"Blade Dance+1","floor":14},{"not_picked":["Tools of the Trade","Storm of Steel+1"],"picked":"Venomology+1","floor":16},{"not_picked":["Poisoned Stab","Deflect+1"],"picked":"Quick Slash","floor":18},{"not_picked":["Well Laid Plans","ReplayTheSpireMod:Tripwire+1"],"picked":"Dagger Spray","floor":20},{"not_picked":["Setup+1","ReplayTheSpireMod:Shiv Toss+1"],"picked":"Sucker Punch","floor":22},{"not_picked":["Fluid Movement","Caltrops"],"picked":"Blade Dance+1","floor":23},{"not_picked":["Backflip+1","Well Laid Plans"],"picked":"Dagger Spray","floor":30},{"not_picked":["PiercingWail+1","Footwork"],"picked":"Dagger Spray","floor":31},{"not_picked":["Corpse Explosion+1","Wraith Form v2"],"picked":"Bullet Time+1","floor":33},{"not_picked":["Backflip+1","Finisher"],"picked":"Flying Knee+1","floor":35}],"player_experience":406906,"relics_obtained":[{"floor":8,"key":"Quantum Egg"},{"floor":9,"key":"infinitespire:Bottled Soul"},{"floor":23,"key":"infinitespire:ShieldingShard"},{"floor":23,"key":"Paper Crane"},{"floor":26,"key":"hubris:MysteriousPyramids"}],"event_choices":[{"damage_healed":0,"gold_gain":0,"player_choice":"Box","damage_taken":0,"relics_obtained":["Toxic Egg 2"],"max_hp_gain":0,"max_hp_loss":0,"event_name":"Big Fish","floor":0,"gold_loss":0,"cards_obtained":["Regret"]},{"damage_healed":0,"gold_gain":0,"player_choice":"Success","damage_taken":3,"relics_obtained":["Replay:Wax Seal"],"max_hp_gain":0,"max_hp_loss":0,"event_name":"Scrap Ooze","floor":4,"gold_loss":0},{"damage_healed":0,"gold_gain":0,"player_choice":"Upgraded","damage_taken":0,"max_hp_gain":0,"max_hp_loss":0,"event_name":"Upgrade Shrine","floor":19,"gold_loss":0,"cards_upgraded":["Accuracy"]}],"is_beta":false,"boss_relics":[{"not_picked":["Philosopher\u0027s Stone","Runic Dome"],"picked":"Black Star"},{"not_picked":["hubris:BlackHole","hubris:GrandSneckoEye"],"picked":"Replay:Grab Bag"},{"not_picked":["hubris:TerracottaHorce","ReplayTheSpireMod:DimensionalGlitch"],"picked":"infinitespire:Cupcake"},{"not_picked":["Replay:Bronze Core","hubris:RunicObelisk"],"picked":"Abe\u0027s Treasure"},{"not_picked":["Pandora\u0027s Box","Empty Cage"],"picked":"WristBlade"},{"not_picked":["Runic Pyramid","Ring of the Serpent"],"picked":"hubris:Backtick"}],"items_purged_floors":[3],"is_endless":false,"potions_floor_spawned":[8,16,20,22,33],"killed_by":"Nightmare_Alpha","ascension_level":0}}