{"host":"30jsp143e4v19aze","time":1608577114,"event":{"mods":["BaseMod","Colored Map","Colored Powertips","Curses Come First","DeckTracker","Highlight Path","Minty Spire (QoL Compilation)","Quick Restart","Relic Stats","StSLib"],"gold_per_floor":[119,119,129,129,11,11,11,11,11,11,45,55,55,86,86,162,162,182,201,300,300,300,300,300],"floor_reached":23,"playtime":627,"items_purged":[],"score":332,"play_id":"892a0fed-c6bf-4ac6-a834-268d7fd8bd98","local_time":"20201221195834","is_ascension_mode":true,"campfire_choices":[{"data":"Corpse Explosion","floor":6,"key":"SMITH"},{"data":"Noxious Fumes","floor":8,"key":"SMITH"},{"floor":10,"key":"REST"},{"data":"Corpse Explosion","floor":13,"key":"SMITH"},{"data":"Adrenaline","floor":15,"key":"SMITH"}],"circlet_count":0,"master_deck":["AscendersBane","Defend_G","Defend_G","Defend_G","Defend_G","Survivor","Neutralize","Writhe","Corpse Explosion+1","Deadly Poison","Noxious Fumes+1","Backflip","Corpse Explosion+1","Adrenaline+1","Wraith Form v2","Tools of the Trade+1","Envenom+1","Night Terror+1","Endless Agony","Predator"],"relics":["Ring of the Snake","Calipers","Peace Pipe","Orichalcum","Ninja Scroll","Astrolabe"],"acts_visited":["Exordium","TheCity"],"potions_floor_usage":[14,19,23,23],"damage_taken":[{"damage":6,"enemies":"Jaw Worm","floor":1,"turns":4},{"damage":7,"enemies":"2 Louse","floor":3,"turns":2},{"damage":15,"enemies":"Lagavulin","floor":11,"turns":6},{"damage":6,"enemies":"Cultist","floor":12,"turns":4},{"damage":13,"enemies":"3 Sentries","floor":14,"turns":4},{"damage":4,"enemies":"Hexaghost","floor":16,"turns":7},{"damage":19,"enemies":"Spheric Guardian","floor":18,"turns":4},{"damage":7,"enemies":"3 Byrds","floor":19,"turns":2},{"damage":42,"enemies":"Book of Stabbing","floor":23,"turns":6}],"seed_played":"2739080688897772138","potions_obtained":[{"floor":12,"key":"DistilledChaos"},{"floor":14,"key":"Explosive Potion"},{"floor":16,"key":"Regen Potion"},{"floor":18,"key":"PowerPotion"},{"floor":19,"key":"Dexterity Potion"}],"is_trial":false,"path_per_floor":["M","?","M","?","$","R","$","R","T","R","E","M","R","E","R","B",null,"M","M","?","?","?","E"],"character_chosen":"THE_SILENT","items_purchased":["Noxious Fumes","Backflip"],"campfire_rested":1,"item_purchase_floors":[5,5],"current_hp_per_floor":[53,46,39,27,27,27,27,27,27,46,31,25,25,12,12,8,52,33,26,26,26,26,0,0],"gold":300,"neow_bonus":"THREE_RARE_CARDS","is_daily":false,"chose_seed":false,"campfire_upgraded":4,"win_rate":0.0,"timestamp":1608577114,"path_taken":["M","?","M","?","$","R","?","R","T","R","E","M","R","E","R","BOSS","M","?","?","?","?","E"],"items_purchased_type":["Card","Card"],"build_version":"2020-12-13","purchased_purges":0,"victory":false,"max_hp_per_floor":[66,66,66,66,66,66,66,66,66,66,66,66,66,66,66,66,66,66,66,66,66,66,66,66],"relic_stats":{"Peace Pipe":0,"counters":[9,39],"Astrolabe":["Tools of the Trade","Envenom","Night Terror"],"Orichalcum":[60],"obtain_stats":[{"Peace Pipe":9,"Calipers":4,"Ninja Scroll":14,"Astrolabe":17,"Orichalcum":11,"Ring of the Snake":0},{"Peace Pipe":2,"Calipers":2,"Ninja Scroll":5,"Astrolabe":6,"Orichalcum":3,"Ring of the Snake":0},{"Peace Pipe":6,"Calipers":6,"Ninja Scroll":20,"Astrolabe":27,"Orichalcum":12,"Ring of the Snake":0}],"Ring of the Snake":[18]},"card_choices":[{"not_picked":["A Thousand Cuts","Phantasmal Killer"],"picked":"Corpse Explosion","floor":0},{"not_picked":["Sucker Punch","Dodge and Roll"],"picked":"Deadly Poison","floor":1},{"not_picked":["Dagger Throw","Outmaneuver","Slice"],"picked":"SKIP","floor":3},{"not_picked":["Poisoned Stab","Flying Knee"],"picked":"Corpse Explosion","floor":11},{"not_picked":["Terror","Deflect","Blade Dance"],"picked":"SKIP","floor":12},{"not_picked":["Predator","Tools of the Trade"],"picked":"Adrenaline","floor":14},{"not_picked":["Storm of Steel","Grand Finale"],"picked":"Wraith Form v2","floor":16},{"not_picked":["Dagger Throw","Slice","Dodge and Roll"],"picked":"SKIP","floor":18},{"not_picked":["Blade Dance","Flying Knee","Dagger Spray"],"picked":"SKIP","floor":19}],"player_experience":3023803,"relics_obtained":[{"floor":9,"key":"Peace Pipe"},{"floor":11,"key":"Orichalcum"},{"floor":14,"key":"Ninja Scroll"}],"event_choices":[{"cards_removed":["Strike_G"],"damage_healed":0,"gold_gain":0,"player_choice":"Card Removal","damage_taken":7,"max_hp_gain":0,"max_hp_loss":0,"event_name":"Golden Wing","floor":2,"gold_loss":0},{"damage_healed":0,"gold_gain":0,"player_choice":"Success","damage_taken":12,"relics_obtained":["Calipers"],"max_hp_gain":0,"max_hp_loss":0,"event_name":"Scrap Ooze","floor":4,"gold_loss":0},{"damage_healed":0,"gold_gain":99,"player_choice":"Stole From Cult","damage_taken":0,"max_hp_gain":0,"max_hp_loss":0,"event_name":"Nest","floor":20,"gold_loss":0},{"damage_healed":0,"gold_gain":0,"player_choice":"Ignored","damage_taken":0,"max_hp_gain":0,"max_hp_loss":0,"event_name":"Vampires","floor":21,"gold_loss":0},{"damage_healed":0,"gold_gain":0,"cards_transformed":["Strike_G","Defend_G"],"player_choice":"Became Test Subject","damage_taken":0,"max_hp_gain":0,"max_hp_loss":0,"event_name":"Drug Dealer","floor":22,"gold_loss":0,"cards_obtained":["Endless Agony","Predator"]}],"is_beta":false,"boss_relics":[{"not_picked":["SlaversCollar","Philosopher\u0027s Stone"],"picked":"Astrolabe"}],"items_purged_floors":[],"is_endless":false,"potions_floor_spawned":[12,14,16,18,19],"killed_by":"Book of Stabbing","ascension_level":14}}