{"host":"5aab5jn7oufujzzj","time":1608575869,"event":{"mods":["Act Like it!","BaseMod","CapriCore","Chen","Decade(â§è¨ñæ)","Friendly Minions","Gensokyo","HololiveMod","Koishi","KomeijiMod","LagranYue(ùfäiòNÅEåé)","Lobotomy","LobotomyExtend","Luminous","Mari Mod (Legacy)","Mari\u0027s V1 Patch","MarisaÅiñ∂âJÅ@ñÇóùçπÅj","Minty Spire (QoL Compilation)","MostiFishMod","Prisma Mod","ReimuÅiîé??öÎÅj","RemiliaÅiÂQïƒ‰ª?Åj","RumiaBox-òIïƒ?ìIê_îÈ·¥éq","StSLib","The Alterego","The Cursed","The Immortal","The Servant 0.9.4","WarShipGirlsR/??è≠èóR mod","Yohane!","YoumuÅiç∞ÈÆódöÎÅj","Yuri Mod","Yuyuko","Åy?ï˚ìÒéü?çÏÅzî™â]éámod"],"gold_per_floor":[118,18,28,40,56,91,91,91,162,162,182,192,205,233,233,337,337,352,368,0,0,16,46,46,56,56,306,306,406,102,114,114,212,212,230,244,244,262,262,288,288,308,308,308,323,340,340,340,340,340],"floor_reached":51,"playtime":3775,"items_purged":["Confused"],"score":786,"play_id":"3bc7d53c-e63b-415a-b98d-e3987020a995","local_time":"20201222023749","is_ascension_mode":false,"campfire_choices":[{"data":"alterego_mod:BigMeatyClaws","floor":10,"key":"SMITH"},{"data":"alterego_mod:Impale","floor":15,"key":"SMITH"},{"data":"alterego_mod:BrynhildrsRune","floor":28,"key":"SMITH"},{"data":"alterego_mod:Tantrum","floor":32,"key":"SMITH"},{"data":"alterego_mod:GIGAMILK","floor":41,"key":"SMITH"},{"data":"alterego_mod:1TonWallop","floor":44,"key":"SMITH"},{"data":"alterego_mod:Birthday","floor":47,"key":"SMITH"},{"data":"alterego_mod:Birthday","floor":49,"key":"SMITH"}],"circlet_count":0,"master_deck":["alterego_mod:Strike","alterego_mod:Strike","alterego_mod:Strike","alterego_mod:Strike","alterego_mod:Defend","alterego_mod:Defend","alterego_mod:Defend","alterego_mod:Defend","alterego_mod:Impale+1","alterego_mod:BigMeatyClaws+1","alterego_mod:BrynhildrsRune+1","alterego_mod:1TonWallop+1","alterego_mod:Maid+1","alterego_mod:Clap","alterego_mod:Birthday","alterego_mod:SakuraFive+1","alterego_mod:Undulate","alterego_mod:Rip","alterego_mod:Undulate+1","alterego_mod:Birthday+1","alterego_mod:Weigh+1","alterego_mod:Complex+1","alterego_mod:Bounce","alterego_mod:DeftHands+1","alterego_mod:IndependentAction+1","alterego_mod:Tantrum+1","alterego_mod:Belts","alterego_mod:Birthday+1","alterego_mod:Swimsuit","alterego_mod:GIGAMILK+1","alterego_mod:BiFurious+1","alterego_mod:BustOut+1","alterego_mod:Nekomimi+1","alterego_mod:Exercise","alterego_mod:BiFurious+1","alterego_mod:Rip+1"],"relics":["alterego_mod:MasochisticConstitution","DaveBox","LagranYue:RandomDrawCardRelic","Oddly Smooth Stone","DianDianMeat","Question Card","InkBottle","ChaoDraw","Gensokyo:PortableGap","Eternal Feather","Ancient Tea Set","ImportantClient","SlaversCollar","TungstenRod","Shuriken","PureWhite:ReiMu","Pocketwatch","StoneCalendar","DiscerningMonocle","GodSword4","KyoryuNoHagoromo","ArrowTower","SynthV","GodSword1"],"acts_visited":["Gensokyo:Gensokyo","Gensokyo:Gensokyoer","TheBeyond"],"potions_floor_usage":[11,13,16,18,29,33,33,50,50],"damage_taken":[{"damage":8,"enemies":"Gensokyo:2_Kodama","floor":1,"turns":4},{"damage":2,"enemies":"Gensokyo:Gryphon","floor":3,"turns":3},{"damage":10,"enemies":"Gensokyo:Python","floor":4,"turns":3},{"damage":10,"enemies":"Gensokyo:LivingMonolith","floor":5,"turns":3},{"damage":27,"enemies":"Gensokyo:Mamizou","floor":6,"turns":6},{"damage":1,"enemies":"Gensokyo:3_Kodama","floor":11,"turns":2},{"damage":4,"enemies":"Gensokyo:Python_and_Kodama","floor":12,"turns":3},{"damage":4,"enemies":"Gensokyo:Kitsune","floor":13,"turns":1},{"damage":20,"enemies":"Gensokyo:Aya","floor":14,"turns":5},{"damage":74,"enemies":"Gensokyo:Yukari","floor":16,"turns":10},{"damage":4,"enemies":"Gensokyo:3_Dogs","floor":18,"turns":3},{"damage":29,"enemies":"Gensokyo:CosmicMonolith","floor":19,"turns":5},{"damage":20,"enemies":"Gensokyo:Wraith","floor":22,"turns":4},{"damage":41,"enemies":"Gensokyo:Tenshi","floor":23,"turns":8},{"damage":57,"enemies":"Gensokyo:3_Gloops","floor":25,"turns":6},{"damage":6,"enemies":"Gensokyo:3_Gloops","floor":29,"turns":8},{"damage":3,"enemies":"Gensokyo:Slime_Group","floor":31,"turns":2},{"damage":63,"enemies":"Gensokyo:Kaguya","floor":33,"turns":5},{"damage":5,"enemies":"Orb Walker","floor":35,"turns":2},{"damage":10,"enemies":"3 Darklings","floor":36,"turns":2},{"damage":41,"enemies":"Maw","floor":38,"turns":6},{"damage":12,"enemies":"Nemesis","floor":40,"turns":7},{"damage":23,"enemies":"Jaw Worm Horde","floor":42,"turns":2},{"damage":19,"enemies":"Spire Growth","floor":45,"turns":7},{"damage":34,"enemies":"Sphere and 2 Shapes","floor":46,"turns":3},{"damage":34,"enemies":"Donu and Deca","floor":50,"turns":3}],"seed_played":"-6480120819094402263","potions_obtained":[{"floor":4,"key":"Swift Potion"},{"floor":6,"key":"JyouchiReiPotion"},{"floor":11,"key":"AttackPotion"},{"floor":14,"key":"Swift Potion"},{"floor":25,"key":"Fire Potion"},{"floor":29,"key":"LiquidBronze"},{"floor":42,"key":"Ancient Potion"},{"floor":45,"key":"FearPotion"},{"floor":46,"key":"LiquidBronze"}],"is_trial":false,"path_per_floor":["M","?","M","M","M","E","?","COS","T","R","M","M","M","E","R","B",null,"M","M","?","?","M","E","COS","M","T","?","R","?","$","M","R","B",null,"M","M","?","M","?","E","R","M","T","R","M","M","R","$","R","B",null],"character_chosen":"The_Alterego","items_purchased":["StoneCalendar","AttackPotion","alterego_mod:Birthday","ArrowTower","SynthV","GodSword1","Fire Potion"],"campfire_rested":0,"item_purchase_floors":[30,30,30,48,48,48,48],"current_hp_per_floor":[72,72,73,67,62,43,43,43,43,52,60,66,71,63,75,16,126,138,133,133,133,131,109,109,79,79,79,94,109,126,146,161,124,258,274,290,312,308,308,346,367,375,375,396,406,377,398,398,419,400],"gold":340,"neow_bonus":"RANDOM_COMMON_RELIC","is_daily":false,"chose_seed":false,"campfire_upgraded":8,"win_rate":0.0,"timestamp":1608575869,"path_taken":["M","?","?","M","M","E","?","COS","T","R","M","M","M","E","R","BOSS","M","M","?","?","M","E","COS","M","T","?","R","?","$","M","R","BOSS","M","M","?","M","?","E","R","?","T","R","M","M","R","$","R","BOSS"],"items_purchased_type":["Relic","Potion","Card","Relic","Relic","Relic","Potion"],"build_version":"2020-12-13","purchased_purges":1,"victory":true,"max_hp_per_floor":[72,72,75,79,84,90,81,81,81,81,88,96,105,115,115,126,126,138,151,151,151,165,180,180,196,196,185,185,202,219,238,238,258,258,279,301,323,347,347,372,372,398,398,398,425,426,426,426,426,427],"card_choices":[{"not_picked":["alterego_mod:PerceptionDisorder","alterego_mod:Cooking"],"picked":"alterego_mod:1TonWallop","floor":1},{"not_picked":["alterego_mod:SuperDuperMasochism","alterego_mod:DiscoLights","alterego_mod:BeGentle"],"picked":"alterego_mod:Maid","floor":3},{"not_picked":["alterego_mod:Jiggle","alterego_mod:Pet","alterego_mod:1TonWallop"],"picked":"alterego_mod:Clap","floor":4},{"not_picked":["alterego_mod:HighServant","alterego_mod:Cooking","alterego_mod:DustData"],"picked":"alterego_mod:Birthday","floor":5},{"not_picked":["alterego_mod:Skirt","alterego_mod:Schoolgirl","alterego_mod:Weigh"],"picked":"alterego_mod:SakuraFive","floor":6},{"not_picked":["alterego_mod:1TonWallop","alterego_mod:Bounce","alterego_mod:Schoolgirl"],"picked":"alterego_mod:Undulate","floor":11},{"not_picked":["alterego_mod:Bloomers","alterego_mod:TrashNCrash","alterego_mod:MaintainEyeContact"],"picked":"alterego_mod:Rip","floor":12},{"not_picked":["alterego_mod:PerceptionDisorder","alterego_mod:BiFurious","alterego_mod:SakuraLabyrinth"],"picked":"alterego_mod:Undulate","floor":13},{"not_picked":["alterego_mod:DustData","alterego_mod:TrashNCrash","alterego_mod:PerceptionDisorder"],"picked":"alterego_mod:Birthday","floor":14},{"not_picked":["alterego_mod:STier","alterego_mod:RingBreak","alterego_mod:Lift"],"picked":"alterego_mod:Weigh","floor":16},{"not_picked":["alterego_mod:Clap","alterego_mod:PresenceConcealment","alterego_mod:SakuraFive"],"picked":"alterego_mod:Complex+1","floor":18},{"not_picked":["alterego_mod:TrashNCrash","alterego_mod:Punishment","alterego_mod:Belts"],"picked":"alterego_mod:Bounce","floor":19},{"not_picked":["alterego_mod:Rip","alterego_mod:PresenceConcealment","alterego_mod:Pet"],"picked":"alterego_mod:DeftHands+1","floor":22},{"not_picked":["alterego_mod:Belle","alterego_mod:Rip","alterego_mod:GoddessCore"],"picked":"alterego_mod:IndependentAction+1","floor":23},{"not_picked":["alterego_mod:Skirt","alterego_mod:Schoolgirl","alterego_mod:PresenceConcealment"],"picked":"alterego_mod:Tantrum","floor":25},{"not_picked":["alterego_mod:Skirt","alterego_mod:GoddessCore","alterego_mod:TrashNCrash"],"picked":"alterego_mod:Belts","floor":29},{"not_picked":["alterego_mod:Maid","alterego_mod:TrashNCrash","alterego_mod:Rip"],"picked":"alterego_mod:Swimsuit","floor":31},{"not_picked":["alterego_mod:TrickOrTreatment","alterego_mod:PainIsPleasure","alterego_mod:Palingenesis"],"picked":"alterego_mod:GIGAMILK","floor":33},{"not_picked":["alterego_mod:Maid","alterego_mod:Mirror+1","alterego_mod:GoddessCore"],"picked":"alterego_mod:BiFurious+1","floor":35},{"not_picked":["alterego_mod:Valkyrie","alterego_mod:Smother","alterego_mod:1TonWallop+1"],"picked":"alterego_mod:BustOut+1","floor":36},{"not_picked":["alterego_mod:Rip","alterego_mod:ChallengeComplete","alterego_mod:HighServant+1"],"picked":"alterego_mod:Nekomimi+1","floor":38},{"not_picked":["alterego_mod:Cycle+1","alterego_mod:Bloomers+1","alterego_mod:Complex"],"picked":"alterego_mod:Exercise","floor":40},{"not_picked":["alterego_mod:HighServant","alterego_mod:RingBreak","alterego_mod:DestructionOfProperty"],"picked":"alterego_mod:BiFurious+1","floor":42},{"not_picked":["alterego_mod:Cooking","alterego_mod:HighServant+1","alterego_mod:Maid"],"picked":"alterego_mod:Rip+1","floor":45},{"not_picked":["alterego_mod:BeGentle","alterego_mod:ChallengeComplete","alterego_mod:RidiculouslyBig+1","alterego_mod:HighServant+1"],"picked":"SKIP","floor":46}],"player_experience":238623,"relics_obtained":[{"floor":1,"key":"Question Card"},{"floor":6,"key":"ChaoDraw"},{"floor":9,"key":"Eternal Feather"},{"floor":14,"key":"Ancient Tea Set"},{"floor":16,"key":"ImportantClient"},{"floor":23,"key":"TungstenRod"},{"floor":26,"key":"Shuriken"},{"floor":29,"key":"PureWhite:ReiMu"},{"floor":29,"key":"Pocketwatch"},{"floor":40,"key":"GodSword4"},{"floor":43,"key":"KyoryuNoHagoromo"}],"event_choices":[{"damage_healed":0,"gold_gain":0,"player_choice":"0 cards matched","damage_taken":0,"max_hp_gain":0,"max_hp_loss":0,"event_name":"Match and Keep!","floor":39,"gold_loss":0,"cards_obtained":[]}],"is_beta":false,"boss_relics":[{"not_picked":["Coffee Dripper","Pandora\u0027s Box"],"picked":"SlaversCollar"},{"not_picked":["BirthdayGift-Tetrahedron","EE1DDrone"],"picked":"DiscerningMonocle"}],"items_purged_floors":[48],"is_endless":false,"potions_floor_spawned":[4,6,11,14,25,29,42,45,46],"ascension_level":0}}