{"host":"qwv9nni2x0umspiu","time":1608515010,"event":{"mods":["BaseMod","Downfall","Minty Spire (QoL Compilation)","Replay The Spire","StSLib","The Hierophant","Wandering Minibosses"],"gold_per_floor":[119,119,41,41,61,61,92,92,92,92,106,113,113,59,59,123,123,143,223,61,75,90,114,114,114,138,157,157,177,102,136,136,215,265,280,280,291,308,322,322,349,362,414,444,60,60,60,89,89,89,89,89,89,89,122,102],"floor_reached":57,"playtime":2394,"items_purged":["hierophant:Defend_Hierophant","hierophant:Strike_Hierophant"],"score":3247,"play_id":"a7a5f561-1c0e-465d-9396-e96c467a825c","local_time":"20201220174330","is_ascension_mode":true,"campfire_choices":[{"data":"hierophant:ChurchCoffers","floor":6,"key":"SMITH"},{"data":"hierophant:Upheaval","floor":10,"key":"SMITH"},{"data":"hierophant:Punish","floor":13,"key":"SMITH"},{"data":"hierophant:Exaltation","floor":15,"key":"SMITH"},{"data":"hierophant:Community","floor":25,"key":"SMITH"},{"data":"hierophant:HammerAndAnvil","floor":28,"key":"SMITH"},{"data":"hierophant:HammerAndAnvil","floor":32,"key":"SMITH"},{"data":"hierophant:SealAway","floor":40,"key":"SMITH"},{"floor":47,"key":"RECALL"},{"data":"wanderingMiniBosses:FinaleOfPromise","floor":49,"key":"SMITH"},{"data":"hierophant:Defend_Hierophant","floor":53,"key":"SMITH"}],"circlet_count":0,"master_deck":["AscendersBane","hierophant:Strike_Hierophant","hierophant:Punish+1","hierophant:Defend_Hierophant+1","hierophant:Defend_Hierophant+1","hierophant:ChurchCoffers+1","hierophant:Upheaval+1","hierophant:SealAway+1","hierophant:Smite","hierophant:Exaltation+1","hierophant:HammerAndAnvil+1","hierophant:DivineIntervention+1","hierophant:Community+1","hierophant:Racketeering+1","wanderingMiniBosses:FinaleOfPromise+1","hierophant:HammerAndAnvil+1","hierophant:Exaltation+1","hierophant:Alms"],"relics":["hierophant:PropheticMaskRelic","NeowsBlessing","Bag of Marbles","ReplayTheSpireMod:Lightbulb","ReplayTheSpireMod:DimensionalGlitch","Meat on the Bone","PreservedInsect","Durian","Lantern","wanderingMiniBosses:Blackblade","Thread and Needle","Tiny House","Strawberry","Regal Pillow","Pantograph","Mirror","Replay:Rubber Ducky","Divine Protection"],"acts_visited":["Exordium","TheCity","TheBeyond","TheEnding"],"potions_floor_usage":[12,23,39,50,56,56],"damage_taken":[{"damage":0,"enemies":"Small Slimes","floor":1,"turns":1},{"damage":0,"enemies":"Cultist","floor":5,"turns":1},{"damage":0,"enemies":"Lagavulin","floor":7,"turns":1},{"damage":7,"enemies":"Jaw Worm","floor":11,"turns":2},{"damage":30,"enemies":"3 Sentries","floor":12,"turns":6},{"damage":15,"enemies":"Fading Forest","floor":16,"turns":13},{"damage":11,"enemies":"Shell Parasite","floor":18,"turns":2},{"damage":0,"enemies":"3 Byrds","floor":21,"turns":3},{"damage":1,"enemies":"3 Cultists","floor":22,"turns":3},{"damage":20,"enemies":"Book of Stabbing","floor":23,"turns":3},{"damage":2,"enemies":"Centurion and Healer","floor":27,"turns":4},{"damage":0,"enemies":"Chosen and Byrds","floor":29,"turns":2},{"damage":0,"enemies":"Gremlin Leader","floor":31,"turns":2},{"damage":0,"enemies":"Automaton","floor":33,"turns":3},{"damage":0,"enemies":"3 Darklings","floor":35,"turns":2},{"damage":0,"enemies":"Orb Walker","floor":37,"turns":1},{"damage":0,"enemies":"3 Darklings","floor":38,"turns":2},{"damage":12,"enemies":"Jaw Worm Horde","floor":39,"turns":2},{"damage":0,"enemies":"Giant Head","floor":41,"turns":3},{"damage":0,"enemies":"Spire Growth","floor":42,"turns":1},{"damage":0,"enemies":"Nemesis","floor":44,"turns":1},{"damage":11,"enemies":"Reptomancer","floor":48,"turns":2},{"damage":0,"enemies":"Awakened One","floor":50,"turns":3},{"damage":0,"enemies":"Time Eater","floor":51,"turns":2},{"damage":0,"enemies":"Shield and Spear","floor":55,"turns":2},{"damage":39,"enemies":"The Heart","floor":56,"turns":5}],"seed_played":"4257351719450751284","potions_obtained":[{"floor":5,"key":"ColorlessPotion"},{"floor":16,"key":"FearPotion"},{"floor":21,"key":"champ:CounterPotion"},{"floor":27,"key":"Strength Potion"},{"floor":37,"key":"Swift Potion"},{"floor":39,"key":"Fire Potion"},{"floor":55,"key":"SkillPotion"}],"is_trial":false,"path_per_floor":["M","?","$","?","M","R","E","?","T","R","M","E","R","$","R","B",null,"M","T","$","M","M","E","?","R","T","M","R","M","$","E","R","B",null,"M","?","M","M","M","R","E","M","T","E","$","?","R","E","R","B","B",null,"R","$","E","B",null],"character_chosen":"HIEROPHANT","items_purchased":["hierophant:Upheaval","hierophant:HammerAndAnvil","PreservedInsect","Mirror"],"campfire_rested":0,"item_purchase_floors":[3,14,20,45],"current_hp_per_floor":[68,68,68,68,68,68,68,68,68,68,61,31,31,31,31,24,62,51,51,51,51,50,41,41,41,41,45,45,45,45,45,45,45,76,76,76,76,76,64,64,71,71,71,71,71,71,71,60,60,73,86,91,91,91,91,53],"gold":102,"neow_bonus":"THREE_ENEMY_KILL","is_daily":false,"chose_seed":false,"campfire_upgraded":10,"win_rate":0.0,"timestamp":1608515010,"path_taken":["M","?","?","?","?","R","E","?","T","R","M","E","R","$","R","BOSS","M","?","$","M","M","E","?","R","T","M","R","?","$","E","R","BOSS","M","?","M","M","M","R","E","?","T","E","$","?","R","E","R","BOSS","BOSS","R","$","E","BOSS"],"items_purchased_type":["Card","Card","Relic","Relic"],"build_version":"2020-12-13","purchased_purges":2,"victory":true,"max_hp_per_floor":[75,75,75,75,75,75,75,75,75,75,75,75,75,75,75,75,75,75,75,75,75,75,80,80,80,80,80,80,80,80,80,80,80,85,85,85,85,85,85,85,92,92,92,92,92,92,92,92,92,92,92,92,92,92,92,92],"card_choices":[{"not_picked":["hierophant:Purify","hierophant:ConvertCurrency","hierophant:ThreeLashes"],"picked":"SKIP","floor":1},{"not_picked":["hierophant:ThreeLashes","hierophant:OrnateJavelin"],"picked":"hierophant:Smite","floor":5},{"not_picked":["hierophant:RepressedViolence","hierophant:Purify","hierophant:AuricBeam"],"picked":"SKIP","floor":7},{"not_picked":["hierophant:Purify","hierophant:PassingBell"],"picked":"hierophant:Exaltation","floor":11},{"not_picked":["hierophant:HolyVerse","hierophant:Repentance","hierophant:Flagellation"],"picked":"SKIP","floor":12},{"not_picked":["hierophant:Batter","hierophant:DeathKnell"],"picked":"hierophant:DivineIntervention","floor":16},{"not_picked":["hierophant:FieryStrike","hierophant:AuricBeam","hierophant:CursedGold"],"picked":"SKIP","floor":18},{"not_picked":["hierophant:AuricBeam","hierophant:FieryStrike"],"picked":"hierophant:Community","floor":21},{"not_picked":["hierophant:AuricBeam","hierophant:MorningPrayer","hierophant:Charity"],"picked":"SKIP","floor":22},{"not_picked":["hierophant:Martyrdom","hierophant:Alms"],"picked":"hierophant:Racketeering+1","floor":23},{"not_picked":[],"picked":"wanderingMiniBosses:FinaleOfPromise","floor":27},{"not_picked":["hierophant:RustyCrate","hierophant:MorningPrayer","hierophant:PassingBell"],"picked":"SKIP","floor":27},{"not_picked":["hierophant:FaithHealing","hierophant:Shelter"],"picked":"hierophant:HammerAndAnvil","floor":29},{"not_picked":["hierophant:DeathKnell","hierophant:Bribe","hierophant:Prophecy"],"picked":"SKIP","floor":31},{"not_picked":["hierophant:ArchangelShield","hierophant:OrnateBuckler+1","hierophant:Remorse"],"picked":"SKIP","floor":35},{"not_picked":["hierophant:PassingBell","hierophant:FieryStrike","hierophant:AuricBeam"],"picked":"SKIP","floor":37},{"not_picked":["hierophant:Smite+1","hierophant:MirrorShield","hierophant:Remorse"],"picked":"SKIP","floor":38},{"not_picked":["hierophant:Purify","hierophant:Patience","hierophant:SolarFlare"],"picked":"SKIP","floor":39},{"not_picked":["hierophant:ThreeLashes","hierophant:AuricShield"],"picked":"hierophant:Exaltation","floor":41},{"not_picked":["hierophant:AuricBeam","hierophant:Dazzle+1","hierophant:HammerAndAnvil"],"picked":"SKIP","floor":42},{"not_picked":["hierophant:Refuge+1","hierophant:OrnateJavelin","hierophant:Patience"],"picked":"SKIP","floor":44},{"not_picked":["hierophant:HolyVerse","hierophant:Doubloon+1","hierophant:RecallFunds+1"],"picked":"SKIP","floor":48},{"not_picked":["hierophant:Bribe","hierophant:Refuge+1"],"picked":"hierophant:Alms","floor":55}],"player_experience":1287951,"relics_obtained":[{"floor":7,"key":"Bag of Marbles"},{"floor":12,"key":"ReplayTheSpireMod:Lightbulb"},{"floor":19,"key":"Meat on the Bone"},{"floor":23,"key":"Durian"},{"floor":26,"key":"Lantern"},{"floor":27,"key":"wanderingMiniBosses:Blackblade"},{"floor":31,"key":"Thread and Needle"},{"floor":41,"key":"Strawberry"},{"floor":43,"key":"Regal Pillow"},{"floor":44,"key":"Pantograph"},{"floor":48,"key":"Replay:Rubber Ducky"},{"floor":55,"key":"Divine Protection"}],"event_choices":[{"cards_removed":["hierophant:Strike_Hierophant"],"damage_healed":0,"gold_gain":0,"player_choice":"Card Removal","damage_taken":0,"max_hp_gain":0,"max_hp_loss":0,"event_name":"Wheel of Change","floor":2,"gold_loss":0},{"damage_healed":0,"gold_gain":0,"player_choice":"1 cards matched","damage_taken":0,"max_hp_gain":0,"max_hp_loss":0,"event_name":"Match and Keep!","floor":4,"gold_loss":0,"cards_obtained":["hierophant:SealAway"]},{"cards_removed":["hierophant:Strike_Hierophant"],"damage_healed":0,"gold_gain":0,"player_choice":"Offered Basic","damage_taken":0,"max_hp_gain":0,"max_hp_loss":0,"event_name":"Bonfire Elementals","floor":8,"gold_loss":0},{"cards_removed":["hierophant:Defend_Hierophant"],"damage_healed":0,"gold_gain":0,"player_choice":"Purged","damage_taken":0,"max_hp_gain":0,"max_hp_loss":0,"event_name":"Purifier","floor":24,"gold_loss":0},{"damage_healed":0,"gold_gain":0,"player_choice":"Upgraded","damage_taken":0,"max_hp_gain":0,"max_hp_loss":0,"event_name":"Upgrade Shrine","floor":36,"gold_loss":0,"cards_upgraded":["hierophant:DivineIntervention"]},{"damage_healed":0,"gold_gain":0,"player_choice":"Forge","damage_taken":0,"max_hp_gain":0,"max_hp_loss":0,"event_name":"Accursed Blacksmith","floor":46,"gold_loss":0,"cards_upgraded":["hierophant:Exaltation"]}],"is_beta":false,"boss_relics":[{"not_picked":["Ring of Chaos","Fusion Hammer"],"picked":"ReplayTheSpireMod:DimensionalGlitch"},{"not_picked":["Philosopher\u0027s Stone","Calling Bell"],"picked":"Tiny House"}],"items_purged_floors":[30,45],"is_endless":false,"potions_floor_spawned":[5,16,21,27,29,33,37,39,41,55],"ascension_level":20}}