{"host":"5jn3rki867005t18","time":1608527780,"event":{"mods":["AchievementEnabler","BaseMod","Colored Map","Minty Spire (QoL Compilation)","Rare Cards Sparkle","StSLib","SuperFastMode"],"gold_per_floor":[117,128,138,151,161,161,178,194,217,179,179,179,195,263,263,368,368,381,400,400,434,87,87,106,121,148,148,148,148,158,57,57,57,57],"floor_reached":33,"playtime":1497,"items_purged":["Decay"],"score":241,"play_id":"0af0a395-e161-4e53-9fba-f5e033f01541","local_time":"20201221141620","is_ascension_mode":false,"campfire_choices":[{"data":"Carnage","floor":6,"key":"SMITH"},{"data":"Corruption","floor":12,"key":"SMITH"},{"data":"Heavy Blade","floor":15,"key":"SMITH"},{"floor":23,"key":"REST"},{"floor":28,"key":"REST"},{"floor":32,"key":"REST"}],"circlet_count":0,"master_deck":["Strike_R","Strike_R","Strike_R","Strike_R","Strike_R","Defend_R","Defend_R","Defend_R","Defend_R","Bash","Shrug It Off","Carnage+1","Anger","Heavy Blade+1","Battle Trance","Corruption+1","Dark Embrace","Perfected Strike","Evolve+1","Power Through+1","Carnage+1","Headbutt+1","Spot Weakness","Whirlwind+1","Cleave","Violence","Flame Barrier","Reaper","Armaments","Sword Boomerang"],"relics":["Burning Blood","Nunchaku","Astrolabe","Red Mask","PreservedInsect","Ancient Tea Set","MealTicket"],"acts_visited":["Exordium","TheCity"],"potions_floor_usage":[16,16,24,25,30],"damage_taken":[{"damage":13,"enemies":"Jaw Worm","floor":1,"turns":4},{"damage":0,"enemies":"Small Slimes","floor":2,"turns":3},{"damage":9,"enemies":"2 Louse","floor":3,"turns":3},{"damage":11,"enemies":"Blue Slaver","floor":4,"turns":3},{"damage":10,"enemies":"Looter","floor":5,"turns":3},{"damage":4,"enemies":"2 Fungi Beasts","floor":7,"turns":3},{"damage":9,"enemies":"Blue Slaver","floor":8,"turns":3},{"damage":15,"enemies":"Red Slaver","floor":13,"turns":4},{"damage":51,"enemies":"The Guardian","floor":16,"turns":10},{"damage":28,"enemies":"Shell Parasite","floor":18,"turns":6},{"damage":26,"enemies":"Spheric Guardian","floor":19,"turns":5},{"damage":31,"enemies":"Masked Bandits","floor":21,"turns":5},{"damage":6,"enemies":"Snecko","floor":24,"turns":3},{"damage":34,"enemies":"Centurion and Healer","floor":25,"turns":7},{"damage":39,"enemies":"Sentry and Sphere","floor":30,"turns":5},{"damage":53,"enemies":"Collector","floor":33,"turns":6}],"seed_played":"-4773731956423552393","potions_obtained":[{"floor":4,"key":"BlessingOfTheForge"},{"floor":5,"key":"Block Potion"},{"floor":7,"key":"Block Potion"},{"floor":16,"key":"Explosive Potion"},{"floor":21,"key":"Weak Potion"},{"floor":24,"key":"Block Potion"}],"is_trial":false,"path_per_floor":["M","M","M","M","M","R","M","M","T","$","?","R","M","?","R","B",null,"M","M","?","?","$","R","M","M","T","?","R","?","M","$","R","B"],"character_chosen":"IRONCLAD","items_purchased":["Dark Embrace","Cleave","Violence","PreservedInsect","Sword Boomerang"],"campfire_rested":3,"item_purchase_floors":[10,22,22,22,31],"current_hp_per_floor":[73,79,76,71,67,67,69,66,66,66,71,71,62,62,62,17,85,63,43,43,18,18,43,43,15,15,15,40,40,11,26,51,0,0],"gold":57,"neow_bonus":"THREE_CARDS","is_daily":false,"chose_seed":false,"campfire_upgraded":3,"win_rate":0.0,"timestamp":1608527780,"path_taken":["M","M","M","M","M","R","M","M","T","$","?","R","M","?","R","BOSS","M","M","?","?","$","R","M","M","T","?","R","?","M","$","R","BOSS"],"items_purchased_type":["Card","Card","Card","Relic","Card"],"build_version":"2020-12-13","purchased_purges":1,"victory":false,"max_hp_per_floor":[80,80,80,80,80,80,80,80,80,80,85,85,85,85,85,85,85,85,85,85,85,85,85,85,85,85,85,85,85,85,85,85,85,85],"card_choices":[{"not_picked":["Perfected Strike","Second Wind"],"picked":"Shrug It Off","floor":0},{"not_picked":["Anger","Sword Boomerang"],"picked":"Carnage","floor":1},{"not_picked":["Warcry","Blood for Blood"],"picked":"Anger","floor":2},{"not_picked":["Wild Strike","Reckless Charge"],"picked":"Heavy Blade","floor":3},{"not_picked":["Clash","Uppercut"],"picked":"Thunderclap","floor":4},{"not_picked":["Heavy Blade","Combust"],"picked":"Inflame","floor":5},{"not_picked":["Thunderclap","Body Slam"],"picked":"Battle Trance","floor":7},{"not_picked":["Perfected Strike","Hemokinesis"],"picked":"Corruption","floor":8},{"not_picked":["Headbutt","Heavy Blade"],"picked":"Perfected Strike","floor":13},{"not_picked":["Fiend Fire","Corruption"],"picked":"Demon Form","floor":16},{"not_picked":["Armaments","Bloodletting"],"picked":"Headbutt+1","floor":18},{"not_picked":["Infernal Blade+1","Clash"],"picked":"Spot Weakness","floor":19},{"not_picked":["Power Through+1","Clash"],"picked":"Whirlwind+1","floor":21},{"not_picked":["Cleave","Warcry"],"picked":"Flame Barrier","floor":24},{"not_picked":["Bloodletting","Twin Strike+1"],"picked":"Reaper","floor":25},{"not_picked":["Thunderclap","Clothesline"],"picked":"Armaments","floor":30}],"player_experience":24527,"relics_obtained":[{"floor":9,"key":"Nunchaku"},{"floor":21,"key":"Red Mask"},{"floor":26,"key":"Ancient Tea Set"}],"event_choices":[{"damage_healed":0,"gold_gain":0,"player_choice":"Donut","damage_taken":0,"max_hp_gain":5,"max_hp_loss":0,"event_name":"Big Fish","floor":11,"gold_loss":0},{"damage_healed":0,"gold_gain":68,"player_choice":"Gained Gold","damage_taken":0,"max_hp_gain":0,"max_hp_loss":0,"event_name":"Golden Wing","floor":14,"gold_loss":0},{"damage_healed":0,"gold_gain":0,"player_choice":"Ignored","damage_taken":0,"max_hp_gain":0,"max_hp_loss":0,"event_name":"Vampires","floor":20,"gold_loss":0},{"damage_healed":0,"gold_gain":0,"player_choice":"Fought Bandits","damage_taken":0,"max_hp_gain":0,"max_hp_loss":0,"event_name":"Masked Bandits","floor":21,"gold_loss":0},{"damage_healed":0,"gold_gain":0,"player_choice":"Smashed Altar","damage_taken":0,"max_hp_gain":0,"max_hp_loss":0,"event_name":"Forgotten Altar","floor":27,"gold_loss":0,"cards_obtained":["Decay"]},{"damage_healed":0,"gold_gain":0,"player_choice":"Opened","damage_taken":0,"relics_obtained":["MealTicket"],"max_hp_gain":0,"max_hp_loss":0,"event_name":"The Mausoleum","floor":29,"gold_loss":0}],"is_beta":false,"boss_relics":[{"not_picked":["Philosopher\u0027s Stone","Empty Cage"],"picked":"Astrolabe"}],"items_purged_floors":[31],"is_endless":false,"potions_floor_spawned":[4,5,7,16,21,24],"killed_by":"Collector","ascension_level":0}}