{"host":"o3b7ow6d1xe49css","time":1608519336,"event":{"mods":["Act Like it!","Aspiration","BaseMod","Bestiary","Better Altar","Better Match","Better Note","Better Sensory Stone","Better Skull","Better Third Choice","Colored Powertips","Conspire","Energized Spire","Force Act Four","GifTheSpireLib","Halation","Hermit","Hubris","Infinite Spire","Lobotomy","Minty Spire (QoL Compilation)","Quick Restart","Replay The Spire","Spicy Shops","Spikes Relics","StSLib","Stuff the Spire","The Blue Laboratory","Wandering Minibosses","vexMod"],"gold_per_floor":[111,129,147,222,222,247,247,273,273,52,52,164,164,296,296,399,399,412,48,58,70,70,70,70],"floor_reached":23,"playtime":7347,"items_purged":["QueenBee"],"score":365,"play_id":"7791273d-1ad5-4e79-9845-ed03036302f5","local_time":"20201220175536","daily_mods":["Heirloom","Flight","Elite Swarm"],"is_ascension_mode":true,"campfire_choices":[{"data":"Replay:Bag of Tricks","floor":7.0,"key":"SMITH"},{"data":"Cloak And Dagger","floor":11.0,"key":"SMITH"},{"floor":13.0,"key":"REST"},{"data":"After Image","floor":15.0,"key":"SMITH"}],"circlet_count":0,"master_deck":["Strike_G","Strike_G","Strike_G","Strike_G","Strike_G","Defend_G","Defend_G","Defend_G","Defend_G","Defend_G","Survivor","Neutralize","Scorched","Well Laid Plans","MeatLantern","Cloak And Dagger+1","Sucker Punch","HappyTeddy","Replay:Bag of Tricks+1","BlueStar","Malaise","DespairKnight","After Image+1","Replay:Bag of Tricks","Woodsman","aspiration:Lunge","Blade Dance","Accuracy","Cloak And Dagger","Pot Of Greed","Pot Of Greed","Pot Of Greed","GreedKing","Acrobatics"],"relics":["Ring of the Snake","Ring of Chaos","vexMod:RetaliationKit","CogitoBucket","Replay:Wax Seal","Counterbalance","StuffTheSpire:Gunfinga","StuffTheSpire:TintedRock","SuspiciousGoo","ZombieTooth","energizedSpire:MagnifyingGlass","AspirationHeart","Grinning Jar"],"acts_visited":["Exordium","TheCity"],"potions_floor_usage":[21,23],"damage_taken":[{"damage":0.0,"enemies":"2 Louse","floor":1.0,"turns":2.0},{"damage":0.0,"enemies":"Small Slimes","floor":2.0,"turns":1.0},{"damage":0.0,"enemies":"Cultist","floor":3.0,"turns":3.0},{"damage":3.0,"enemies":"Lagavulin","floor":6.0,"turns":7.0},{"damage":5.0,"enemies":"3 Sentries","floor":8.0,"turns":6.0},{"damage":27.0,"enemies":"Lagavulin","floor":12.0,"turns":5.0},{"damage":0.0,"enemies":"Gremlin Nob","floor":14.0,"turns":2.0},{"damage":0.0,"enemies":"Slime Boss","floor":16.0,"turns":4.0},{"damage":19,"enemies":"3 Byrds","floor":18,"turns":5},{"damage":0,"enemies":"Spheric Guardian","floor":20,"turns":3},{"damage":38,"enemies":"Cultist and Chosen","floor":21,"turns":6},{"damage":52,"enemies":"Book of Stabbing","floor":23,"turns":3}],"seed_played":"-1115974781241453335","potions_obtained":[{"floor":1.0,"key":"blueLaboratory:HorrorPotion"},{"floor":2.0,"key":"GamblersBrew"},{"floor":3.0,"key":"blueLaboratory:ArtistsPotion"},{"floor":8.0,"key":"Strength Potion"},{"floor":18,"key":"blueLaboratory:FrostheartPotion"},{"floor":22,"key":"Fire Potion"},{"floor":22,"key":"ColorlessPotion"},{"floor":22,"key":"CunningPotion"}],"is_trial":true,"path_per_floor":["M","M","M","?","?","E","R","E","T","$","R","E","R","E","R","B",null,"M","$","M","M","?","E"],"character_chosen":"THE_SILENT","items_purchased":["StuffTheSpire:TintedRock","CunningPotion","Blade Dance","Accuracy","Cloak And Dagger","Grinning Jar"],"campfire_rested":1,"item_purchase_floors":[10,10,19,19,19,19],"current_hp_per_floor":[70,70,70,59,59,56,56,51,51,51,51,24,45,45,45,45,64,61,61,67,41,41,0,0],"gold":70,"neow_bonus":"","is_daily":false,"chose_seed":false,"campfire_upgraded":3,"win_rate":0.0,"timestamp":1608519336,"path_taken":["M","M","M","?","?","E","R","E","T","$","R","E","R","E","R","BOSS","M","$","M","M","?","E"],"items_purchased_type":["Relic","Potion","Card","Card","Card","Relic"],"build_version":"2020-12-13","purchased_purges":1,"victory":false,"max_hp_per_floor":[70,70,70,70,70,70,70,70,70,70,70,70,70,70,70,70,70,80,80,80,80,80,80,80],"card_choices":[{"not_picked":["Laetitia","FairyFestival"],"picked":"Scorched","floor":1.0},{"not_picked":["Dagger Throw","PiercingWail"],"picked":"Well Laid Plans","floor":1.0},{"not_picked":["OldLady","Variant","CrumblingArmor"],"picked":"Singing Bowl","floor":2.0},{"not_picked":["FairyFestival","OSAHOGD"],"picked":"MeatLantern","floor":2.0},{"not_picked":["Sucker Punch","StuffTheSpire:Python"],"picked":"Cloak And Dagger","floor":2.0},{"not_picked":["SpiderBud","Murderer","BeautyBeast"],"picked":"Singing Bowl","floor":3.0},{"not_picked":["Backflip","Fluid Movement"],"picked":"Sucker Punch","floor":3.0},{"not_picked":["WallGazer","ShyLook","Bloodbath"],"picked":"Singing Bowl","floor":6.0},{"not_picked":["PunishingBird","Mercenary"],"picked":"HappyTeddy","floor":6.0},{"not_picked":["Corpse Explosion","After Image"],"picked":"Replay:Bag of Tricks","floor":6.0},{"not_picked":["FieryBird","ShyLook","UniverseFragment"],"picked":"Singing Bowl","floor":8.0},{"not_picked":["SpiderBud","SnowQueen"],"picked":"BlueStar","floor":8.0},{"not_picked":["Phantasmal Killer","Night Terror"],"picked":"Malaise","floor":8.0},{"not_picked":["Bloodbath","GalaxyChild"],"picked":"DespairKnight","floor":12.0},{"not_picked":["Night Terror","Poison Darts"],"picked":"After Image","floor":12.0},{"not_picked":["PunishingBird","SnowQueen","Porccubus"],"picked":"Singing Bowl","floor":14.0},{"not_picked":["aspiration:Lunge","ReplayTheSpireMod:From All Sides"],"picked":"Replay:Bag of Tricks","floor":14.0},{"not_picked":["Bloodbath","FairyFestival"],"picked":"Woodsman","floor":16.0},{"not_picked":["ReplayTheSpireMod:Necrosis","Corpse Explosion"],"picked":"aspiration:Lunge","floor":16.0},{"not_picked":["WallGazer","OldLady","Variant"],"picked":"Singing Bowl","floor":18},{"not_picked":["GalaxyChild","OldLady"],"picked":"QueenBee","floor":18},{"not_picked":["Quick Slash+1","Underhanded Strike","ReplayTheSpireMod:Speed Training"],"picked":"SKIP","floor":18},{"not_picked":["OldLady","CrumblingArmor","Wellcheers"],"picked":"Singing Bowl","floor":20},{"not_picked":["Rudolta","VoidDream"],"picked":"GreedKing","floor":20},{"not_picked":["Flying Knee+1","Cloak And Dagger+1","Acrobatics"],"picked":"SKIP","floor":20},{"not_picked":["BigBadWolf","CrumblingArmor","LittleHelper"],"picked":"Singing Bowl","floor":21},{"not_picked":["StuffTheSpire:ReptileScales","Noxious Fumes"],"picked":"Acrobatics","floor":21}],"player_experience":1776300,"relics_obtained":[{"floor":6.0,"key":"Replay:Wax Seal"},{"floor":8.0,"key":"Counterbalance"},{"floor":9.0,"key":"StuffTheSpire:Gunfinga"},{"floor":12.0,"key":"SuspiciousGoo"},{"floor":14.0,"key":"ZombieTooth"}],"event_choices":[{"damage_healed":0.0,"max_hp_gain":0.0,"max_hp_loss":0.0,"gold_gain":75.0,"event_name":"betterThird:BetterGoop","player_choice":"Gold","floor":4.0,"gold_loss":0.0,"damage_taken":11.0},{"damage_healed":0.0,"max_hp_gain":0.0,"max_hp_loss":0.0,"gold_gain":0.0,"event_name":"conspire:Investor","player_choice":"Leave","floor":5.0,"gold_loss":0.0,"damage_taken":0.0},{"damage_healed":0,"gold_gain":0,"player_choice":"Got Potions","damage_taken":0,"max_hp_gain":0,"max_hp_loss":0,"event_name":"Lab","floor":22,"gold_loss":0}],"is_beta":false,"boss_relics":[{"not_picked":["vexMod:MysteryBossChallenge","Replay:Grab Bag"],"picked":"energizedSpire:MagnifyingGlass"}],"items_purged_floors":[19],"is_endless":false,"potions_floor_spawned":[1,2,3,8,18,21],"killed_by":"Book of Stabbing","ascension_level":5}}