{"host":"3c27c697js19kaoo","time":1608534888,"event":{"mods":["ATMod(∞¢Ë™Mod)","Aspiration","BaseMod","CapriCore","Dota2Spire","Hermit","Minty Spire (QoL Compilation)","Quick Restart","Remilia£®¿Ÿ√◊¿Ú—«£©","Replay The Spire","Robot Space Explorer","Spicy Shops","StSLib","The Alterego","The Cursed","The Runesmith","The Servant 0.9.4","Youmu£®ªÍ∆«—˝√Œ£©","vexMod","°æ“≈ŒÔø®≈∆°øREMEMod"],"gold_per_floor":[109,109,122,137,37,65,41,41,41],"floor_reached":8,"playtime":732,"items_purged":[],"score":56,"play_id":"74165551-a01a-4ccb-8264-673fe7532673","local_time":"20201221151448","is_ascension_mode":false,"campfire_choices":[],"circlet_count":0,"master_deck":["Strike_YM","Strike_YM","Strike_YM","Strike_YM","Defend_YM","Defend_YM","Defend_YM","SlashOfPresentWorld","WheelOfPainOfLivingAndDead","AT_Desolate","Berserk","LowerRealmReflectionSlash","DoubleWheelOfPain","HeavenlyHaloSlash","CherryBlossomFlashing","Pain","HellFireSword","RapidSlash"],"relics":["HalfPhantom","REME_ComplimentaryCards","AT_ATBox","NeowsBlessing","Matryoshka","MawBank"],"acts_visited":["Exordium"],"potions_floor_usage":[8],"damage_taken":[{"damage":0.0,"enemies":"2 Louse","floor":1.0,"turns":1.0},{"damage":0.0,"enemies":"Cultist","floor":3.0,"turns":1.0},{"damage":0.0,"enemies":"Small Slimes","floor":4.0,"turns":1.0},{"damage":36.0,"enemies":"Gremlin Nob","floor":6.0,"turns":4.0},{"damage":44,"enemies":"Lagavulin","floor":8,"turns":3}],"seed_played":"3469058671390324848","potions_obtained":[{"floor":4.0,"key":"Dexterity Potion"}],"is_trial":false,"path_per_floor":["M","?","M","M","$","E","$","E"],"character_chosen":"YOUMU","items_purchased":["Matryoshka","RapidSlash"],"campfire_rested":0,"item_purchase_floors":[5,7],"current_hp_per_floor":[75,75,75,75,75,39,39,0,0],"gold":41,"neow_bonus":"THREE_ENEMY_KILL","is_daily":false,"chose_seed":false,"campfire_upgraded":0,"win_rate":0.0,"timestamp":1608534888,"path_taken":["M","?","M","?","$","E","$","E"],"items_purchased_type":["Relic","Card"],"build_version":"2020-12-13","purchased_purges":0,"victory":false,"max_hp_per_floor":[75,75,75,75,75,75,75,75,75],"card_choices":[{"not_picked":["SwordOfBindingDesires","FourBirthsSword"],"picked":"LowerRealmReflectionSlash","floor":1.0},{"not_picked":["SpiritCuttingSword","TwoHundredYojanaInOneSlash"],"picked":"HeavenlyHaloSlash","floor":3.0},{"not_picked":["LifeCuttingSword","ObsessionSword"],"picked":"CherryBlossomFlashing","floor":4.0},{"not_picked":["PhosphoricSlash","SpiritCuttingSword"],"picked":"HellFireSword","floor":6.0}],"player_experience":163470,"relics_obtained":[{"floor":6.0,"key":"MawBank"}],"event_choices":[{"damage_healed":0.0,"max_hp_gain":0.0,"max_hp_loss":0.0,"gold_gain":0.0,"cards_transformed":["Defend_YM"],"event_name":"Transmorgrifier","player_choice":"Transformed","floor":2.0,"gold_loss":0.0,"damage_taken":0.0,"cards_obtained":["DoubleWheelOfPain"]}],"is_beta":false,"boss_relics":[],"items_purged_floors":[],"is_endless":false,"potions_floor_spawned":[4],"killed_by":"Lagavulin","ascension_level":0}}