{"host":"2bjeeo20ccw4n8xc","time":1608535651,"event":{"mods":["BaseMod","Minty Spire (QoL Compilation)","Replay The Spire","StSLib"],"gold_per_floor":[118,118,136,136,211,211,236,236,236,314,314,330,330,359,359,462,462,481,494,494,504,504,504,521,521,521,521,521,521,552,552,578,596,596,697,697,715,715,729,167,184,184,198,245,245,105,105,105],"floor_reached":47,"playtime":3827,"items_purged":["Demonic Infusion","Delirium"],"score":492,"play_id":"f2d687c5-bca1-4e70-b139-d69ba03a687e","local_time":"20201221022731","is_ascension_mode":true,"campfire_choices":[{"floor":6,"key":"REST"},{"data":"Metallicize","floor":8,"key":"SMITH"},{"data":"Bash","floor":13,"key":"SMITH"},{"floor":15,"key":"REST"},{"floor":23,"key":"REST"},{"data":"Regret","floor":27,"key":"PURGE"},{"data":"Searing Blow","floor":31,"key":"PURGE"},{"floor":34,"key":"REST"},{"data":"1","floor":42,"key":"LIFT"}],"circlet_count":0,"master_deck":["Strike_R+1","Bash+1","ReplayTheSpireMod:Strike From Hell","Pummel","Metallicize+1","Cleave","Thunderclap","Second Wind","Shrug It Off","Burning Pact","Offering","Sever Soul+1","ReplayTheSpireMod:Stacked+1","Flash of Steel","Warcry","Flame Barrier","Dark Embrace","ReplayTheSpireMod:Muscle Training","Inflame+1","ReplayTheSpireMod:Strike From Hell+1","Corruption","Carnage+1","Feel No Pain","Burning Pact","Defy Death","Double Tap","True Grit","True Grit"],"relics":["Burning Blood","Replay:PocketPolymizer","Strawberry","PreservedInsect","Question Card","Shuriken","Mark of Pain","Ring of Panic","Ring of Fury","Peace Pipe","Gambling Chip","Girya","Philosopher\u0027s Stone","Unceasing Top","Pondfish Scales","Snack Pack"],"acts_visited":["Exordium","TheCity","TheBeyond"],"potions_floor_usage":[7,16,21,32,35],"damage_taken":[{"damage":8,"enemies":"Jaw Worm","floor":1,"turns":4},{"damage":5,"enemies":"2 Louse","floor":3,"turns":2},{"damage":24,"enemies":"Gremlin Nob","floor":7,"turns":4},{"damage":2,"enemies":"Cultist","floor":12,"turns":3},{"damage":11,"enemies":"Replay:BlueRogue","floor":14,"turns":4},{"damage":52,"enemies":"Hexaghost","floor":16,"turns":11},{"damage":14,"enemies":"3 Byrds","floor":18,"turns":4},{"damage":18,"enemies":"Spheric Guardian","floor":19,"turns":4},{"damage":19,"enemies":"Snake Plant","floor":21,"turns":2},{"damage":11,"enemies":"Snecko","floor":24,"turns":3},{"damage":26,"enemies":"Slavers","floor":30,"turns":4},{"damage":5,"enemies":"Gremlin Leader","floor":32,"turns":3},{"damage":11,"enemies":"3 Cultists","floor":33,"turns":4},{"damage":25,"enemies":"Collector","floor":35,"turns":7},{"damage":15,"enemies":"3 Darklings","floor":37,"turns":4},{"damage":7,"enemies":"Orb Walker","floor":39,"turns":2},{"damage":7,"enemies":"Jaw Worm Horde","floor":41,"turns":3},{"damage":8,"enemies":"3 Darklings","floor":43,"turns":2},{"damage":33,"enemies":"2 Orb Walkers","floor":44,"turns":3},{"damage":44,"enemies":"Nemesis","floor":47,"turns":2}],"seed_played":"-2390187268414128856","potions_obtained":[{"floor":3,"key":"Toxic Potion"},{"floor":14,"key":"AttackPotion"},{"floor":18,"key":"DistilledChaos"},{"floor":30,"key":"Weak Potion"},{"floor":33,"key":"Reflective Coating"},{"floor":41,"key":"FearPotion"}],"is_trial":false,"path_per_floor":["M","?","M","?","?","R","E","R","T","T","?","M","R","E","R","B",null,"M","M","?","M","?","R","M","?","T","R","PTL","PTL","E","R","E","M","R","B",null,"M","?","M","$","M","R","M","?","T","$","E"],"character_chosen":"IRONCLAD","items_purchased":["Unceasing Top","Feel No Pain","Burning Pact","Elixir","True Grit"],"campfire_rested":4,"item_purchase_floors":[40,40,40,40,46],"current_hp_per_floor":[70,70,71,57,46,67,56,56,56,56,56,60,60,55,78,32,79,71,59,59,46,46,69,64,64,64,64,64,64,44,44,45,40,63,44,79,70,70,69,69,68,68,66,39,39,39,0,0],"gold":105,"neow_bonus":"REMOVE_TWO","is_daily":false,"chose_seed":false,"campfire_upgraded":2,"win_rate":0.0,"timestamp":1608535651,"path_taken":["M","?","M","?","?","R","E","R","T","?","?","M","R","E","R","BOSS","M","M","?","?","?","R","M","?","T","R","PTL","PTL","E","R","E","?","R","BOSS","M","?","M","$","M","R","M","?","T","$","E"],"items_purchased_type":["Relic","Card","Card","Potion","Card"],"build_version":"2020-12-13","purchased_purges":2,"victory":false,"max_hp_per_floor":[72,72,72,72,72,72,79,79,79,79,79,79,79,79,79,79,79,79,79,79,79,79,79,79,79,79,79,79,79,79,79,79,79,79,79,79,79,79,79,79,79,79,79,79,79,79,79,79],"card_choices":[{"not_picked":["Body Slam","Clash"],"picked":"ReplayTheSpireMod:Strike From Hell","floor":1},{"not_picked":["Perfected Strike","Iron Wave"],"picked":"Pummel","floor":3},{"not_picked":["Sword Boomerang","Pommel Strike"],"picked":"Cleave","floor":7},{"not_picked":["Pommel Strike","Twin Strike","Body Slam"],"picked":"Shrug It Off","floor":12},{"not_picked":["Entrench","Clothesline","Juggernaut"],"picked":"Burning Pact","floor":14},{"not_picked":["Replay:Many Hands","Brutality","Double Tap"],"picked":"Offering","floor":16},{"not_picked":["Clothesline+1","Headbutt+1","Anger"],"picked":"Sever Soul+1","floor":18},{"not_picked":["Body Slam","ReplayTheSpireMod:Corrosion Curse","Sword Boomerang"],"picked":"ReplayTheSpireMod:Stacked","floor":19},{"not_picked":["Pommel Strike","ReplayTheSpireMod:LeadingStrike","Sever Soul"],"picked":"Flame Barrier","floor":21},{"not_picked":["Replay:Many Hands","Reckless Charge","Dropkick+1"],"picked":"Dark Embrace","floor":24},{"not_picked":["Body Slam","Warcry+1","Clash","Headbutt"],"picked":"SKIP","floor":30},{"not_picked":["Clothesline","Flex","Hemogenesis"],"picked":"Inflame+1","floor":32},{"not_picked":["Thunderclap","Warcry","Headbutt+1"],"picked":"ReplayTheSpireMod:Strike From Hell+1","floor":33},{"not_picked":["Demon Form","Feed","Impervious"],"picked":"Corruption","floor":35},{"not_picked":["Warcry","Clothesline+1","Pommel Strike"],"picked":"Carnage+1","floor":37},{"not_picked":["Warcry","Body Slam","Twin Strike+1","Run Through"],"picked":"SKIP","floor":39},{"not_picked":["Intimidate","Dark Embrace","Iron Wave"],"picked":"Defy Death","floor":41},{"not_picked":["ReplayTheSpireMod:Strike From Hell","Shrug It Off+1","ReplayTheSpireMod:Corrosion Curse+1"],"picked":"Double Tap","floor":43}],"player_experience":17680,"relics_obtained":[{"floor":7,"key":"Strawberry"},{"floor":9,"key":"PreservedInsect"},{"floor":10,"key":"Question Card"},{"floor":14,"key":"Shuriken"},{"floor":22,"key":"Ring of Panic"},{"floor":22,"key":"Ring of Fury"},{"floor":26,"key":"Peace Pipe"},{"floor":30,"key":"Gambling Chip"},{"floor":32,"key":"Girya"},{"floor":44,"key":"Pondfish Scales"},{"floor":45,"key":"Snack Pack"}],"event_choices":[{"damage_healed":0,"gold_gain":0,"player_choice":"Box","damage_taken":0,"relics_obtained":["Replay:PocketPolymizer"],"max_hp_gain":0,"max_hp_loss":0,"event_name":"Big Fish","floor":2,"gold_loss":0,"cards_obtained":["Regret"]},{"damage_healed":0,"gold_gain":0,"player_choice":"Entered Light","damage_taken":14,"max_hp_gain":0,"max_hp_loss":0,"event_name":"Shining Light","floor":4,"gold_loss":0,"cards_upgraded":["Strike_R","Strike_R"]},{"damage_healed":0,"gold_gain":75,"player_choice":"Gather Gold","damage_taken":11,"max_hp_gain":0,"max_hp_loss":0,"event_name":"World of Goop","floor":5,"gold_loss":0},{"damage_healed":0,"gold_gain":0,"cards_transformed":["Defend_R"],"player_choice":"Change","damage_taken":0,"max_hp_gain":0,"max_hp_loss":0,"event_name":"Living Wall","floor":11,"gold_loss":0,"cards_obtained":["Second Wind"]},{"damage_healed":0,"gold_gain":0,"player_choice":"2 cards matched","damage_taken":0,"max_hp_gain":0,"max_hp_loss":0,"event_name":"Match and Keep!","floor":20,"gold_loss":0,"cards_obtained":["Flash of Steel","Warcry"]},{"damage_healed":0,"gold_gain":0,"player_choice":"Upgraded","damage_taken":0,"max_hp_gain":0,"max_hp_loss":0,"event_name":"Upgrade Shrine","floor":25,"gold_loss":0,"cards_upgraded":["ReplayTheSpireMod:Stacked"]},{"damage_healed":0,"gold_gain":0,"player_choice":"Ignored","damage_taken":0,"max_hp_gain":0,"max_hp_loss":0,"event_name":"Tomb of Lord Red Mask","floor":38,"gold_loss":0},{"damage_healed":0,"gold_gain":0,"player_choice":"Fight","damage_taken":0,"max_hp_gain":0,"max_hp_loss":0,"event_name":"Mysterious Sphere","floor":44,"gold_loss":0}],"is_beta":false,"boss_relics":[{"not_picked":["Cursed Key","Replay:Ancient Bell"],"picked":"Mark of Pain"},{"not_picked":["SlaversCollar","Runic Dome"],"picked":"Philosopher\u0027s Stone"}],"items_purged_floors":[40,46],"is_endless":false,"potions_floor_spawned":[3,14,18,30,33,41],"killed_by":"Nemesis","ascension_level":1}}