{"host":"ffqn1azj9urswy62","time":1608559802,"event":{"mods":["BaseMod","Better Third Choice","Minty Spire (QoL Compilation)","StSLib"],"gold_per_floor":[110,110,110,130,55,89,102,86,111,61,61,61,92,107,107,206,206,222,238,65,76,90,90,90],"floor_reached":23,"playtime":708,"items_purged":["Strike_G"],"score":239,"play_id":"e8a10c69-da7c-413f-8406-f80f9c4ac54f","local_time":"20201221091002","is_ascension_mode":true,"campfire_choices":[{"data":"Neutralize","floor":11,"key":"SMITH"},{"data":"Crippling Poison","floor":15,"key":"SMITH"}],"circlet_count":0,"master_deck":["Strike_G","Strike_G","Strike_G","Defend_G","Defend_G","Defend_G","Defend_G","Defend_G","Survivor","Neutralize+1","Finisher","Backflip","Crippling Poison+1","Cloak And Dagger","Corpse Explosion+1","Bane","Envenom","Catalyst+1","Deadly Poison+1","Catalyst+1","Deadly Poison+1"],"relics":["Ring of the Serpent","NeowsBlessing","Tiny Chest","Boot","Lantern","Toxic Egg 2","Incense Burner","DollysMirror"],"acts_visited":["Exordium","TheCity"],"potions_floor_usage":[16,22],"damage_taken":[{"damage":0,"enemies":"Jaw Worm","floor":1,"turns":1},{"damage":0,"enemies":"Small Slimes","floor":4,"turns":1},{"damage":0,"enemies":"Lagavulin","floor":6,"turns":1},{"damage":0,"enemies":"Cultist","floor":7,"turns":3},{"damage":13,"enemies":"Exordium Thugs","floor":8,"turns":4},{"damage":17,"enemies":"Gremlin Nob","floor":13,"turns":4},{"damage":9,"enemies":"Looter","floor":14,"turns":3},{"damage":4,"enemies":"Hexaghost","floor":16,"turns":9},{"damage":20,"enemies":"Spheric Guardian","floor":18,"turns":5},{"damage":2,"enemies":"Chosen","floor":19,"turns":3},{"damage":27,"enemies":"Centurion and Healer","floor":21,"turns":6},{"damage":19,"enemies":"Snake Plant","floor":22,"turns":4},{"damage":3,"enemies":"Book of Stabbing","floor":23,"turns":2}],"seed_played":"-7418144515001067595","potions_obtained":[{"floor":1,"key":"PowerPotion"},{"floor":7,"key":"Strength Potion"},{"floor":8,"key":"Ancient Potion"},{"floor":21,"key":"Energy Potion"}],"is_trial":false,"path_per_floor":["M","?","?","M","$","E","M","M","T","?","R","T","E","M","R","B",null,"M","M","$","M","M","E"],"character_chosen":"THE_SILENT","items_purchased":["DollysMirror","Deadly Poison+1"],"campfire_rested":0,"item_purchase_floors":[20,20],"current_hp_per_floor":[70,70,70,70,70,70,70,57,57,57,57,57,40,31,31,27,70,50,48,48,21,2,0,0],"gold":90,"neow_bonus":"THREE_ENEMY_KILL","is_daily":false,"chose_seed":false,"campfire_upgraded":2,"win_rate":0.0,"timestamp":1608559802,"path_taken":["M","?","?","?","?","E","M","M","T","?","R","?","E","M","R","BOSS","M","M","$","M","M","E"],"items_purchased_type":["Relic","Card"],"build_version":"2020-12-13","purchased_purges":1,"victory":false,"max_hp_per_floor":[70,70,70,70,70,70,70,70,70,70,70,70,70,70,70,70,70,70,70,70,70,70,70,70],"card_choices":[{"not_picked":["Eviscerate","Prepared"],"picked":"Finisher","floor":1},{"not_picked":["Dagger Spray","Heel Hook"],"picked":"Backflip","floor":4},{"not_picked":["Blade Dance","Endless Agony"],"picked":"Crippling Poison","floor":6},{"not_picked":["Crippling Poison","Blade Dance"],"picked":"Cloak And Dagger","floor":7},{"not_picked":["Dagger Spray","Flying Knee","Predator"],"picked":"SKIP","floor":8},{"not_picked":["Crippling Poison+1","Setup+1"],"picked":"Corpse Explosion+1","floor":13},{"not_picked":["Slice","Endless Agony"],"picked":"Bane","floor":14},{"not_picked":["Glass Knife","Venomology+1"],"picked":"Envenom","floor":16},{"not_picked":["Blade Dance+1","Dash"],"picked":"Catalyst+1","floor":18},{"not_picked":["Bane+1","Calculated Gamble+1"],"picked":"Deadly Poison+1","floor":19},{"not_picked":["Slice","Quick Slash","Deflect+1"],"picked":"SKIP","floor":21},{"not_picked":["Dodge and Roll+1","Dagger Throw","Flying Knee+1"],"picked":"SKIP","floor":22}],"player_experience":595104,"relics_obtained":[{"floor":6,"key":"Boot"},{"floor":9,"key":"Lantern"},{"floor":12,"key":"Toxic Egg 2"},{"floor":13,"key":"Incense Burner"}],"event_choices":[{"damage_healed":0,"gold_gain":0,"player_choice":"Ignored","damage_taken":110,"max_hp_gain":0,"max_hp_loss":0,"event_name":"betterThird:BetterSerpent","floor":2,"gold_loss":0},{"damage_healed":0,"gold_gain":0,"player_choice":"Gave Potion","damage_taken":0,"relics_obtained":["Tiny Chest"],"max_hp_gain":0,"max_hp_loss":0,"event_name":"WeMeetAgain","floor":3,"gold_loss":0},{"cards_removed":["Strike_G"],"damage_healed":0,"gold_gain":0,"player_choice":"Card Removal","damage_taken":0,"max_hp_gain":0,"max_hp_loss":0,"event_name":"The Cleric","floor":10,"gold_loss":50}],"is_beta":false,"boss_relics":[{"not_picked":["Tiny House","Black Star"],"picked":"Ring of the Serpent"}],"items_purged_floors":[5],"is_endless":false,"potions_floor_spawned":[1,7,8,21],"killed_by":"Book of Stabbing","ascension_level":1}}