{"host":"newqdrzxfhh2im9e","time":1608515874,"event":{"mods":["AchievementEnabler","BaseMod","BetterRewards","Block Reminder","Colored Map","Jorbs\u0027s Wanderer Trilogy","Minty Spire (QoL Compilation)","Rare Cards Sparkle","Shop Mod","StSLib"],"gold_per_floor":[363,24,24,199,15,15,27,27,79,110,110,110,120,120,120,215,215,228,143,174,201,225,237,265,277,289,301,10,10,10,10,10,10,10],"floor_reached":33,"playtime":904,"items_purged":["Doubt"],"score":253,"play_id":"b6a8a90c-9fc9-4f4a-9e0a-0e15287dd345","local_time":"20201220175754","is_ascension_mode":true,"campfire_choices":[{"floor":6,"key":"REST"},{"floor":8,"key":"REST"},{"data":"Sunder","floor":12,"key":"SMITH"},{"data":"Consume","floor":15,"key":"SMITH"},{"floor":23,"key":"REST"},{"floor":25,"key":"REST"},{"data":"Chaos","floor":27,"key":"SMITH"},{"data":"1","floor":29,"key":"LIFT"},{"floor":32,"key":"REST"}],"circlet_count":0,"master_deck":["Strike_B","Strike_B","Strike_B","Strike_B","Defend_B+1","Defend_B","Defend_B","Defend_B","Zap","Dualcast+1","Static Discharge","Doom and Gloom","Capacitor","Melter","Sunder+1","Self Repair","Consume+1","Rainbow+1","Core Surge","Force Field+1","Conserve Battery","Reinforced Body","Multi-Cast","Reinforced Body","Chaos+1","Hello World","Defragment","Amplify"],"relics":["Cracked Core","Juzu Bracelet","Dream Catcher","Bag of Marbles","Incense Burner","SlaversCollar","MawBank","The Courier","Girya","MutagenicStrength"],"acts_visited":["Exordium","TheCity"],"potions_floor_usage":[10,21,22],"damage_taken":[{"damage":8,"enemies":"Jaw Worm","floor":1,"turns":3},{"damage":0,"enemies":"2 Louse","floor":7,"turns":2},{"damage":19,"enemies":"Lagavulin","floor":10,"turns":5},{"damage":0,"enemies":"Small Slimes","floor":13,"turns":1},{"damage":30,"enemies":"The Guardian","floor":16,"turns":7},{"damage":10,"enemies":"2 Thieves","floor":18,"turns":4},{"damage":0,"enemies":"Spheric Guardian","floor":20,"turns":1},{"damage":11,"enemies":"Cultist and Chosen","floor":21,"turns":4},{"damage":23,"enemies":"Centurion and Healer","floor":22,"turns":6},{"damage":42,"enemies":"3 Cultists","floor":24,"turns":6},{"damage":80,"enemies":"Automaton","floor":33,"turns":6}],"seed_played":"8484728915300802050","potions_obtained":[{"floor":1,"key":"Block Potion"},{"floor":10,"key":"SpeedPotion"},{"floor":18,"key":"Fire Potion"},{"floor":21,"key":"Fire Potion"}],"is_trial":false,"path_per_floor":["M","$","?","?","$","R","M","R","T","E","?","R","M","?","R","B",null,"M","?","M","M","M","R","M","R","T","R","$","R","?","?","R","B"],"character_chosen":"DEFECT","items_purchased":["Juzu Bracelet","Dream Catcher","Doom and Gloom","Capacitor","Melter","Defragment","Girya"],"campfire_rested":5,"item_purchase_floors":[2,2,2,5,5,28,28],"current_hp_per_floor":[46,46,31,31,31,53,53,75,75,63,63,63,63,63,63,40,75,72,72,72,68,52,74,39,61,61,61,61,61,61,47,71,0,0],"gold":10,"neow_bonus":"TWO_FIFTY_GOLD","is_daily":false,"chose_seed":false,"campfire_upgraded":3,"win_rate":0.0,"timestamp":1608515874,"path_taken":["M","$","?","?","$","R","M","R","T","E","?","R","M","?","R","BOSS","M","?","M","M","M","R","M","R","T","R","$","R","?","?","R","BOSS"],"items_purchased_type":["Relic","Relic","Card","Card","Card","Card","Relic"],"build_version":"2020-12-13","purchased_purges":1,"victory":false,"max_hp_per_floor":[75,75,75,75,75,75,75,75,75,75,75,75,75,75,75,75,75,75,75,75,75,75,75,75,75,75,75,75,75,75,80,80,80,80],"card_choices":[{"not_picked":["Ball Lightning","White Noise"],"picked":"Static Discharge","floor":1},{"not_picked":["Undo","Stack"],"picked":"Sunder","floor":6},{"not_picked":["Rebound","Cold Snap","Go for the Eyes"],"picked":"SKIP","floor":7},{"not_picked":["Hologram","Sweeping Beam"],"picked":"Self Repair","floor":8},{"not_picked":["Hologram","Gash"],"picked":"Consume","floor":10},{"not_picked":["Melter","Rebound"],"picked":"Rainbow","floor":13},{"not_picked":["Seek","Fission"],"picked":"Core Surge","floor":16},{"not_picked":["Sweeping Beam","Gash"],"picked":"Force Field+1","floor":18},{"not_picked":["Steam","Rebound"],"picked":"Conserve Battery","floor":20},{"not_picked":["Go for the Eyes","Stack+1"],"picked":"Reinforced Body","floor":21},{"not_picked":["Glacier+1","Coolheaded"],"picked":"Multi-Cast","floor":22},{"not_picked":["Barrage","Compile Driver"],"picked":"Reinforced Body","floor":23},{"not_picked":["Gash","Turbo"],"picked":"Chaos","floor":24},{"not_picked":["Barrage","Rebound"],"picked":"Hello World","floor":25},{"not_picked":["Ball Lightning","Doom and Gloom+1"],"picked":"Amplify","floor":32}],"player_experience":625612,"relics_obtained":[{"floor":9,"key":"Bag of Marbles"},{"floor":10,"key":"Incense Burner"},{"floor":26,"key":"The Courier"}],"event_choices":[{"damage_healed":0,"gold_gain":0,"player_choice":"Entered Light","damage_taken":15,"max_hp_gain":0,"max_hp_loss":0,"event_name":"Shining Light","floor":3,"gold_loss":0,"cards_upgraded":["Defend_B","Dualcast"]},{"damage_healed":0,"gold_gain":175,"player_choice":"AGREE","damage_taken":0,"max_hp_gain":0,"max_hp_loss":0,"event_name":"Liars Game","floor":4,"gold_loss":0,"cards_obtained":["Doubt"]},{"damage_healed":0,"gold_gain":0,"player_choice":"Leave","damage_taken":0,"max_hp_gain":0,"max_hp_loss":0,"event_name":"The Cleric","floor":11,"gold_loss":0},{"damage_healed":0,"gold_gain":0,"player_choice":"Grow","damage_taken":0,"max_hp_gain":0,"max_hp_loss":0,"event_name":"Living Wall","floor":14,"gold_loss":0,"cards_upgraded":["Rainbow"]},{"damage_healed":0,"gold_gain":0,"player_choice":"Obtained Relic","damage_taken":0,"relics_obtained":["MawBank"],"max_hp_gain":0,"max_hp_loss":0,"event_name":"Addict","floor":19,"gold_loss":85},{"damage_healed":0,"gold_gain":0,"player_choice":"Inject Mutagens","damage_taken":0,"relics_obtained":["MutagenicStrength"],"max_hp_gain":0,"max_hp_loss":0,"event_name":"Drug Dealer","floor":30,"gold_loss":0},{"damage_healed":0,"gold_gain":0,"player_choice":"Shed Blood","damage_taken":19,"max_hp_gain":5,"max_hp_loss":0,"event_name":"Forgotten Altar","floor":31,"gold_loss":0}],"is_beta":false,"boss_relics":[{"not_picked":["Snecko Eye","Inserter"],"picked":"SlaversCollar"}],"items_purged_floors":[5],"is_endless":false,"potions_floor_spawned":[1,10,18,21],"killed_by":"Automaton","ascension_level":1}}