{"host":"ln6xh2dj126ndm3e","time":1608577515,"event":{"mods":["AchievementEnabler","Aspiration","Astrologer","BaseMod","Better Altar","Better Match","Better Note","Better Sensory Stone","Better Skull","Better Third Choice","BetterRewards","CCEM","Colored Map","Conspire","Downfall","GifTheSpireLib","Halation","Highlight Path","Hubris","Infinite Spire","Minty Spire (QoL Compilation)","Permanent Neow","Replay The Spire","Shop Mod","Spicy Shops","StSLib","Unceasing Turn Reminder"],"gold_per_floor":[129,166,90,145,176,209,209,242,267,302,312,312,343,377,377,478,478,510,524,524,524],"floor_reached":20,"playtime":1783,"items_purged":[],"score":174,"play_id":"c9037cf0-bb65-4d4e-966f-c58a0a34b9da","local_time":"20201221130515","is_ascension_mode":false,"campfire_choices":[{"data":"Fire Breathing","floor":7,"key":"SMITH"},{"floor":15,"key":"REST"}],"circlet_count":0,"master_deck":["Strike_R","Strike_R","Strike_R","Strike_R","Strike_R","Defend_R","Defend_R","Defend_R","Defend_R","Bash","HandOfGreed","Twin Strike","Fire Breathing+1","Anger","Dropkick","Wild Strike","Armaments","Ghostly Armor","Impervious","Shrug It Off","Feed","Shrug It Off+1","Replay:Undeath\u0027s Touch+1"],"relics":["Burning Blood","halation:BottledLove","hubris:ToyBattleship","aspiration:PoetsPen_weak"],"acts_visited":["Exordium","TheCity"],"potions_floor_usage":[16,16,16],"damage_taken":[{"damage":5,"enemies":"Cultist","floor":1,"turns":4},{"damage":11,"enemies":"infinitespire:Voidling","floor":2,"turns":3},{"damage":0,"enemies":"Small Slimes","floor":4,"turns":3},{"damage":24,"enemies":"conspire:2 RoseBushes","floor":5,"turns":5},{"damage":12,"enemies":"Large Slime","floor":6,"turns":6},{"damage":13,"enemies":"Lots of Slimes","floor":8,"turns":3},{"damage":13,"enemies":"Gremlin Gang","floor":10,"turns":4},{"damage":16,"enemies":"conspire:2 RoseBushes","floor":11,"turns":4},{"damage":10,"enemies":"Looter","floor":13,"turns":3},{"damage":7,"enemies":"2 Fungi Beasts","floor":14,"turns":3},{"damage":40,"enemies":"Hexaghost","floor":16,"turns":11},{"damage":39,"enemies":"conspire:FuzzyDice","floor":18,"turns":7},{"damage":8,"enemies":"Shell Parasite","floor":19,"turns":8},{"damage":46,"enemies":"Snecko","floor":20,"turns":7}],"seed_played":"-3571532153827877463","potions_obtained":[{"floor":4,"key":"Languid Potion"},{"floor":6,"key":"SpeedPotion"},{"floor":13,"key":"SpeedPotion"},{"floor":16,"key":"BlessingOfTheForge"},{"floor":19,"key":"Block Potion"}],"is_trial":false,"path_per_floor":["M","M","?","M","M","M","R","M","T","M","M","?","M","M","R","B",null,"M","M","M"],"character_chosen":"IRONCLAD","items_purchased":[],"campfire_rested":1,"item_purchase_floors":[],"current_hp_per_floor":[72,67,67,72,54,48,48,41,41,34,24,31,27,26,47,13,72,39,37,0,0],"gold":524,"neow_bonus":"RANDOM_COLORLESS_2","is_daily":false,"chose_seed":false,"campfire_upgraded":1,"win_rate":0.0,"timestamp":1608577515,"path_taken":["M","M","?","M","?","M","R","M","T","M","M","?","M","M","R","BOSS","M","M","M"],"items_purchased_type":[],"build_version":"2020-12-13","purchased_purges":0,"victory":false,"max_hp_per_floor":[72,72,72,72,72,72,72,72,72,72,72,72,72,72,72,72,72,72,72,72,72],"card_choices":[{"not_picked":["expansioncontent:QuickStudy","expansioncontent:Corrupt"],"picked":"HandOfGreed","floor":0},{"not_picked":["Havoc","True Grit"],"picked":"Twin Strike","floor":1},{"not_picked":["Body Slam","Sword Boomerang"],"picked":"Fire Breathing","floor":2},{"not_picked":["Havoc","Clash"],"picked":"Anger","floor":4},{"not_picked":["Replay:Many Hands","Dual Wield"],"picked":"Dropkick","floor":5},{"not_picked":["ReplayTheSpireMod:Strike From Hell","Rupture"],"picked":"Wild Strike","floor":6},{"not_picked":["Evolve","Dark Embrace"],"picked":"Armaments","floor":8},{"not_picked":["Warcry","Body Slam"],"picked":"Ghostly Armor","floor":10},{"not_picked":["conspire:Charge","Replay:Undeath\u0027s Touch"],"picked":"Impervious","floor":11},{"not_picked":["Inflame","hubris:CleavingFinish"],"picked":"Shrug It Off","floor":13},{"not_picked":["Run Through","True Grit","Warcry"],"picked":"SKIP","floor":14},{"not_picked":["Offering","Demon Form"],"picked":"Feed","floor":16},{"not_picked":["Havoc","ReplayTheSpireMod:Strike From Hell+1"],"picked":"Shrug It Off+1","floor":18},{"not_picked":["Thunderclap","Flex"],"picked":"Replay:Undeath\u0027s Touch+1","floor":19}],"player_experience":439481,"relics_obtained":[{"floor":9,"key":"hubris:ToyBattleship"}],"event_choices":[{"damage_healed":0,"gold_gain":0,"player_choice":"Paid Gold","damage_taken":0,"relics_obtained":["halation:BottledLove"],"max_hp_gain":0,"max_hp_loss":0,"event_name":"WeMeetAgain","floor":3,"gold_loss":76}],"is_beta":false,"boss_relics":[{"not_picked":["hubris:RunicObelisk","halation:MonkeysPaw"],"picked":"aspiration:PoetsPen_weak"}],"items_purged_floors":[],"is_endless":false,"potions_floor_spawned":[4,6,13,16,19],"killed_by":"Snecko","ascension_level":0}}