{"host":"2461dio7vetlq1z3","time":1608516814,"event":{"mods":["2.2 Compatiblity","AchievementEnabler","BaseMod","Better Third Choice","Downfall","Hermit","Marisa????????","Minty Spire (QoL Compilation)","Relic Stats","Spicy Shops","StSLib","Waifu the Spire"],"gold_per_floor":[110,110,110,27,0,36,36,36,36,64,86,121,121,121,121,205,205,224,251,279,297,297,297,334,70,70,70,70,96,123,166,166,252,279,307,307,320,80,106,140,166,166,166,190,216,216,236,262,262,262],"floor_reached":51,"playtime":2928,"items_purged":["Strike_G"],"score":1469,"play_id":"b836f313-1d38-42be-ba3d-5c2c20bec834","local_time":"20201221031334","is_ascension_mode":true,"campfire_choices":[{"data":"Enlightenment","floor":8,"key":"SMITH"},{"data":"Dagger Spray","floor":13,"key":"SMITH"},{"data":"Underhanded Strike","floor":15,"key":"SMITH"},{"floor":23,"key":"REST"},{"data":"Caltrops","floor":27,"key":"SMITH"},{"data":"Footwork","floor":32,"key":"SMITH"},{"floor":42,"key":"REST"},{"floor":49,"key":"REST"}],"circlet_count":0,"master_deck":["AscendersBane","Defend_G","Defend_G","Survivor","Neutralize","Leg Sweep","Underhanded Strike+1","Enlightenment+1","Deadly Poison","Dagger Spray+1","Quick Slash","Dagger Throw","Adrenaline","Quick Slash+1","Prepared+1","Bouncing Flask+1","Venomology","Dagger Throw","Caltrops+1","Deflect+1","Calculated Gamble+1","Doppelganger+1","Footwork+1","Doppelganger+1","Adrenaline+1","Blur+1","Storm of Steel+1","Blur+1","Venomology+1","After Image","Quick Slash+1","Eviscerate","Tools of the Trade","Quick Slash+1","Noxious Fumes+1","Dodge and Roll+1","Dodge and Roll+1","Backflip+1","Reflex+1","Noxious Fumes+1"],"relics":["Ring of the Snake","NeowsBlessing","CeramicFish","Letter Opener","Matryoshka","Pen Nib","Mango","HoveringKite","Omamori","Toxic Egg 2","Potion Belt","Lee\u0027s Waffle","Bottled Flame","The Specimen","Astrolabe","Orrery","Question Card","Kunai"],"acts_visited":["Exordium","TheCity","TheBeyond"],"potions_floor_usage":[12,24,29,31,33,35,37,39,40,40,41,41,41,41,44,45,45,47,47,48,48,50,50,50,50,50,50,50,50],"damage_taken":[{"damage":0,"enemies":"Jaw Worm","floor":1,"turns":1},{"damage":0,"enemies":"Lagavulin","floor":6,"turns":1},{"damage":0,"enemies":"2 Louse","floor":10,"turns":1},{"damage":3,"enemies":"Cultist","floor":11,"turns":4},{"damage":17,"enemies":"Gremlin Nob","floor":12,"turns":4},{"damage":40,"enemies":"Slime Boss","floor":16,"turns":11},{"damage":19,"enemies":"Shell Parasite","floor":18,"turns":7},{"damage":3,"enemies":"2 Thieves","floor":19,"turns":4},{"damage":37,"enemies":"Snecko","floor":20,"turns":5},{"damage":11,"enemies":"Slavers","floor":24,"turns":4},{"damage":18,"enemies":"Snake Plant","floor":29,"turns":4},{"damage":14,"enemies":"Shelled Parasite and Fungi","floor":30,"turns":4},{"damage":3,"enemies":"Book of Stabbing","floor":31,"turns":4},{"damage":53,"enemies":"Automaton","floor":33,"turns":9},{"damage":11,"enemies":"Orb Walker","floor":35,"turns":4},{"damage":9,"enemies":"3 Darklings","floor":37,"turns":6},{"damage":8,"enemies":"Maw","floor":39,"turns":7},{"damage":57,"enemies":"Giant Head","floor":40,"turns":10},{"damage":10,"enemies":"Spire Growth","floor":41,"turns":5},{"damage":0,"enemies":"Writhing Mass","floor":44,"turns":8},{"damage":0,"enemies":"Jaw Worm Horde","floor":45,"turns":2},{"damage":17,"enemies":"3 Darklings","floor":47,"turns":5},{"damage":8,"enemies":"Spire Growth","floor":48,"turns":5},{"damage":30,"enemies":"Time Eater","floor":50,"turns":12}],"seed_played":"-2662944585894927342","potions_obtained":[{"floor":1,"key":"Fire Potion"},{"floor":10,"key":"Regen Potion"},{"floor":24,"key":"EssenceOfSteel"},{"floor":29,"key":"LiquidBronze"},{"floor":31,"key":"PowerPotion"},{"floor":36,"key":"GhostInAJar"},{"floor":40,"key":"SteroidPotion"},{"floor":41,"key":"GhostInAJar"}],"is_trial":false,"path_per_floor":["M","?","?","$","?","E","$","R","T","M","M","E","R","T","R","B",null,"M","M","M","?","T","R","E","$","T","R","$","M","M","E","R","B",null,"M","?","M","$","M","E","M","R","T","M","M","?","M","M","R","B",null],"character_chosen":"THE_SILENT","items_purchased":["Underhanded Strike","Lee\u0027s Waffle","Deflect+1","GhostInAJar","Orrery"],"campfire_rested":3,"item_purchase_floors":[4,25,25,38,38],"current_hp_per_floor":[59,59,52,52,58,58,58,58,58,58,55,38,38,52,52,12,68,49,46,9,9,9,34,35,93,93,93,93,75,61,58,58,5,71,60,60,51,51,43,15,5,32,32,32,32,32,15,7,34,4],"gold":262,"neow_bonus":"THREE_ENEMY_KILL","is_daily":false,"chose_seed":false,"campfire_upgraded":5,"win_rate":0.0,"timestamp":1608516814,"path_taken":["M","?","?","$","?","E","$","R","T","M","M","E","R","?","R","BOSS","M","M","M","?","?","R","E","$","T","R","$","M","M","E","R","BOSS","M","?","M","?","M","E","M","R","T","M","M","?","M","?","R","BOSS"],"items_purchased_type":["Card","Relic","Card","Potion","Relic"],"build_version":"2020-12-13","purchased_purges":1,"victory":true,"max_hp_per_floor":[66,66,66,66,72,72,72,72,72,72,72,72,72,86,86,86,86,86,86,86,86,86,86,86,93,93,93,93,93,93,93,93,93,93,93,93,93,93,93,93,93,93,93,93,93,93,93,93,93,93],"relic_stats":{"Lee\u0027s Waffle":58,"counters":[24,127],"CeramicFish":288,"Astrolabe":["Adrenaline","Blur","Storm of Steel"],"HoveringKite":[72],"Pen Nib":[24],"Letter Opener":[339],"Kunai":[10],"Question Card":5,"obtain_stats":[{"Potion Belt":24,"Lee\u0027s Waffle":25,"NeowsBlessing":0,"The Specimen":31,"CeramicFish":6,"Astrolabe":34,"HoveringKite":17,"Mango":14,"Pen Nib":14,"Omamori":22,"Letter Opener":9,"Question Card":40,"Bottled Flame":26,"Matryoshka":12,"Orrery":38,"Kunai":43,"Toxic Egg 2":22,"Ring of the Snake":0},{"Potion Belt":10,"Lee\u0027s Waffle":10,"NeowsBlessing":0,"The Specimen":13,"CeramicFish":2,"Astrolabe":14,"HoveringKite":6,"Mango":5,"Pen Nib":5,"Omamori":9,"Letter Opener":2,"Question Card":18,"Bottled Flame":10,"Matryoshka":5,"Orrery":16,"Kunai":19,"Toxic Egg 2":9,"Ring of the Snake":0},{"Potion Belt":42,"Lee\u0027s Waffle":42,"NeowsBlessing":0,"The Specimen":54,"CeramicFish":2,"Astrolabe":63,"HoveringKite":22,"Mango":11,"Pen Nib":11,"Omamori":38,"Letter Opener":2,"Question Card":90,"Bottled Flame":42,"Matryoshka":11,"Orrery":73,"Kunai":95,"Toxic Egg 2":38,"Ring of the Snake":0}],"Ring of the Snake":[48]},"card_choices":[{"not_picked":["Choke","Heel Hook"],"picked":"Leg Sweep","floor":1},{"not_picked":["Sucker Punch","Finisher"],"picked":"Deadly Poison","floor":6},{"not_picked":["Poisoned Stab","PiercingWail"],"picked":"Dagger Spray","floor":10},{"not_picked":["Outmaneuver","Flying Knee"],"picked":"Quick Slash","floor":11},{"not_picked":["Flying Knee","Poisoned Stab"],"picked":"Dagger Throw","floor":12},{"not_picked":["Venomology","Tools of the Trade"],"picked":"Adrenaline","floor":16},{"not_picked":["Slice","Sucker Punch"],"picked":"Quick Slash+1","floor":18},{"not_picked":["Predator","Blade Dance"],"picked":"Prepared+1","floor":19},{"not_picked":["Catalyst","Underhanded Strike"],"picked":"Bouncing Flask+1","floor":20},{"not_picked":["Flechettes+1","Poisoned Stab"],"picked":"Caltrops","floor":24},{"not_picked":["Sucker Punch","Poisoned Stab"],"picked":"Calculated Gamble+1","floor":29},{"not_picked":["Underhanded Strike","Masterful Stab"],"picked":"Doppelganger+1","floor":30},{"not_picked":["Dodge and Roll+1","Slice"],"picked":"Footwork","floor":31},{"not_picked":["Phantasmal Killer+1","Storm of Steel+1"],"picked":"Doppelganger+1","floor":33},{"not_picked":["Riddle With Holes","Underhanded Strike+1"],"picked":"Blur+1","floor":35},{"not_picked":["Poisoned Stab","Underhanded Strike","Outmaneuver+1"],"picked":"SKIP","floor":37},{"not_picked":["PiercingWail+1","Dodge and Roll+1"],"picked":"Venomology+1","floor":38},{"not_picked":["Setup+1","Sucker Punch"],"picked":"After Image","floor":38},{"not_picked":["Masterful Stab","Storm of Steel+1"],"picked":"Quick Slash+1","floor":38},{"not_picked":["Noxious Fumes","Sucker Punch"],"picked":"Eviscerate","floor":38},{"not_picked":["Crippling Poison+1","Poisoned Stab"],"picked":"Tools of the Trade","floor":38},{"not_picked":["Slice","Bane"],"picked":"Quick Slash+1","floor":39},{"not_picked":["Backflip+1","Venomology+1"],"picked":"Noxious Fumes+1","floor":40},{"not_picked":["Prepared+1","Sucker Punch","Deadly Poison+1"],"picked":"Dodge and Roll+1","floor":41},{"not_picked":["Flying Knee","Cloak And Dagger+1","Dagger Spray"],"picked":"Dodge and Roll+1","floor":44},{"not_picked":["Cloak And Dagger+1","All Out Attack","PiercingWail+1"],"picked":"Backflip+1","floor":45},{"not_picked":["Bane","Backflip+1","Dagger Throw+1"],"picked":"Reflex+1","floor":47},{"not_picked":["Poisoned Stab","Dagger Throw","Skewer"],"picked":"Noxious Fumes+1","floor":48}],"player_experience":969977,"relics_obtained":[{"floor":6,"key":"CeramicFish"},{"floor":9,"key":"Letter Opener"},{"floor":12,"key":"Matryoshka"},{"floor":14,"key":"Pen Nib"},{"floor":14,"key":"Mango"},{"floor":22,"key":"Omamori"},{"floor":22,"key":"Toxic Egg 2"},{"floor":24,"key":"Potion Belt"},{"floor":26,"key":"Bottled Flame"},{"floor":31,"key":"The Specimen"},{"floor":40,"key":"Question Card"},{"floor":43,"key":"Kunai"}],"event_choices":[{"cards_removed":["Defend_G"],"damage_healed":0,"gold_gain":0,"player_choice":"Forget","damage_taken":0,"max_hp_gain":0,"max_hp_loss":0,"event_name":"Living Wall","floor":2,"gold_loss":0},{"cards_removed":["Strike_G"],"damage_healed":0,"gold_gain":0,"player_choice":"Card Removal","damage_taken":7,"max_hp_gain":0,"max_hp_loss":0,"event_name":"Golden Wing","floor":3,"gold_loss":0},{"damage_healed":0,"gold_gain":0,"player_choice":"RENOUNCE","damage_taken":27,"max_hp_gain":0,"max_hp_loss":0,"event_name":"betterThird:BetterSerpent","floor":5,"gold_loss":27,"cards_obtained":["Enlightenment"]},{"damage_healed":0,"gold_gain":0,"cards_transformed":["Strike_G","Strike_G"],"player_choice":"Became Test Subject","damage_taken":0,"max_hp_gain":0,"max_hp_loss":0,"event_name":"Drug Dealer","floor":21,"gold_loss":0,"cards_obtained":["Venomology","Dagger Throw"]},{"damage_healed":0,"gold_gain":0,"player_choice":"Got Potions","damage_taken":0,"max_hp_gain":0,"max_hp_loss":0,"event_name":"Lab","floor":36,"gold_loss":0},{"damage_healed":0,"gold_gain":0,"player_choice":"Ignored","damage_taken":0,"max_hp_gain":0,"max_hp_loss":0,"event_name":"Mysterious Sphere","floor":46,"gold_loss":0}],"is_beta":false,"boss_relics":[{"not_picked":["Philosopher\u0027s Stone","Ectoplasm"],"picked":"HoveringKite"},{"not_picked":["WristBlade","Empty Cage"],"picked":"Astrolabe"}],"items_purged_floors":[25],"is_endless":false,"potions_floor_spawned":[1,10,24,29,31,40,41,45,47,48],"ascension_level":19}}