{"host":"5tnmlfm2arf82kze","time":1608549719,"event":{"mods":["Act Like it!","BaseMod","CapriCore","Colored Powertips","Downfall","Gensokyo","Minty Spire (QoL Compilation)","Replay The Spire","RumiaBox-露米娅的神秘盒子","Shop Mod","Spicy Shops","StSLib","Waifu the Spire","【功能Mod】聪明的最终Boss"],"gold_per_floor":[109,5,5,22,42,72,84,84,135,135,166,176,196,214,214,314,314,328,328,342,362,362,362],"floor_reached":22,"playtime":1928,"items_purged":[],"score":245,"play_id":"a667daa6-a49c-49d1-a09a-10a2af0ef9a1","local_time":"20201221192159","is_ascension_mode":true,"campfire_choices":[{"floor":8.0,"key":"REST"},{"floor":10.0,"key":"REST"},{"floor":15.0,"key":"REST"}],"circlet_count":0,"master_deck":["Strike_B","Strike_B","Strike_B","Strike_B","Defend_B","Defend_B","Defend_B","Defend_B+1","Zap+1","Dualcast","All For One","BasicCrystalCard","Panic Button+1","Redo+1","Stack+1","Stack+1","ReplayRNGCard+1","Redo+1","Turbo+1","ReplaySort+1","CurseOfTheBell","Mirror Shield+1","Self Repair+1","BasicCrystalCard+1","Gensokyo:FourOfAKind+1","Gensokyo:FourOfAKind+1","Gensokyo:FourOfAKind+1","Gensokyo:FourOfAKind+1","Static Discharge+1","Steam+1","ReplayTheSpireMod:System Scan+1","Crystallizer"],"relics":["Cracked Core","Toxic Egg 2","War Paint","Regal Pillow","Replay:Wax Seal","Calling Bell","PreservedInsect","Pear","Unceasing Top","Prayer Wheel"],"acts_visited":["Exordium","Gensokyo:Gensokyoer"],"potions_floor_usage":[21,22],"damage_taken":[{"damage":1.0,"enemies":"Cultist","floor":1.0,"turns":3.0},{"damage":8.0,"enemies":"Jaw Worm","floor":4.0,"turns":4.0},{"damage":3.0,"enemies":"Small Slimes","floor":5.0,"turns":3.0},{"damage":44.0,"enemies":"3 Sentries","floor":6.0,"turns":10.0},{"damage":1.0,"enemies":"Gremlin Gang","floor":7.0,"turns":4.0},{"damage":30.0,"enemies":"Gremlin Nob","floor":11.0,"turns":4.0},{"damage":0.0,"enemies":"Large Slime","floor":12.0,"turns":6.0},{"damage":5.0,"enemies":"Looter","floor":13.0,"turns":2.0},{"damage":7.0,"enemies":"Exordium Thugs","floor":14.0,"turns":4.0},{"damage":18.0,"enemies":"Fading Forest","floor":16.0,"turns":11.0},{"damage":45.0,"enemies":"Gensokyo:3_Dogs","floor":18.0,"turns":6.0},{"damage":0,"enemies":"Gensokyo:2_Gloops","floor":20,"turns":4},{"damage":29,"enemies":"Gensokyo:Wraith","floor":21,"turns":4},{"damage":17,"enemies":"Gensokyo:Monolith_and_Dog","floor":22,"turns":2}],"seed_played":"4785291187065129248","potions_obtained":[{"floor":1.0,"key":"BlessingOfTheForge"},{"floor":5.0,"key":"FocusPotion"},{"floor":6.0,"key":"LiquidMemories"},{"floor":14.0,"key":"Explosive Potion"},{"floor":18.0,"key":"Block Potion"},{"floor":20,"key":"SkillPotion"}],"is_trial":false,"path_per_floor":["M","$","?","M","M","E","M","R","T","R","E","M","M","M","R","B",null,"M","?","M","M","M"],"character_chosen":"DEFECT","items_purchased":["Fruit Juice"],"campfire_rested":3,"item_purchase_floors":[2],"current_hp_per_floor":[74,79,79,71,68,24,23,47,47,80,50,50,45,38,77,64,90,45,45,45,16,0,0],"gold":362,"neow_bonus":"ONE_RANDOM_RARE_CARD","is_daily":false,"chose_seed":false,"campfire_upgraded":0,"win_rate":0.0,"timestamp":1608549719,"path_taken":["M","?","?","M","M","E","M","R","T","R","E","?","M","M","R","BOSS","M","?","M","M","?"],"items_purchased_type":["Potion"],"build_version":"2020-12-13","purchased_purges":0,"victory":false,"max_hp_per_floor":[75,80,80,80,80,80,80,80,80,80,80,80,80,80,80,80,90,90,63,63,63,63,63],"card_choices":[{"not_picked":["Lockon","Conserve Battery"],"picked":"BasicCrystalCard","floor":1.0},{"not_picked":["Streamline","Capacitor"],"picked":"Panic Button+1","floor":4.0},{"not_picked":["Leap+1","FTL"],"picked":"Redo+1","floor":5.0},{"not_picked":["Steam+1","Doom and Gloom"],"picked":"Stack+1","floor":6.0},{"not_picked":["Thunder Strike","Compile Driver"],"picked":"Stack+1","floor":7.0},{"not_picked":["Redo+1","Ball Lightning"],"picked":"ReplayRNGCard+1","floor":11.0},{"not_picked":["Doom and Gloom","Cold Snap"],"picked":"Redo+1","floor":12.0},{"not_picked":["Chaos+1","Sweeping Beam"],"picked":"Turbo+1","floor":13.0},{"not_picked":["Recycle+1","Redo+1"],"picked":"ReplaySort+1","floor":14.0},{"not_picked":["Hyperbeam","Buffer"],"picked":"ReplayTheSpireMod:Fabricate Wheel+1","floor":16.0},{"not_picked":["Hologram+1","Compile Driver"],"picked":"Self Repair+1","floor":18.0},{"not_picked":["Cold Snap","Hello World"],"picked":"BasicCrystalCard+1","floor":18.0},{"not_picked":["Recycle+1","Glacier+1"],"picked":"Static Discharge+1","floor":20},{"not_picked":["Core Surge","Barrage+1"],"picked":"Steam+1","floor":20},{"not_picked":["Ball Lightning","Beam Cell"],"picked":"ReplayTheSpireMod:System Scan+1","floor":21},{"not_picked":["Undo+1","ReplayTheSpireMod:Repulse+1"],"picked":"Crystallizer","floor":21}],"player_experience":153547,"relics_obtained":[{"floor":3.0,"key":"Toxic Egg 2"},{"floor":6.0,"key":"War Paint"},{"floor":9.0,"key":"Regal Pillow"},{"floor":11.0,"key":"Replay:Wax Seal"},{"floor":17.0,"key":"PreservedInsect"},{"floor":17.0,"key":"Pear"},{"floor":17.0,"key":"Unceasing Top"}],"event_choices":[{"damage_healed":0.0,"max_hp_gain":0.0,"max_hp_loss":0.0,"gold_gain":0.0,"event_name":"Wheel of Change","player_choice":"Relic","floor":3.0,"gold_loss":0.0,"damage_taken":0.0}],"is_beta":false,"boss_relics":[{"not_picked":["Velvet Choker","Kintsugi"],"picked":"Calling Bell"}],"items_purged_floors":[],"is_endless":false,"potions_floor_spawned":[1,5,6,14,18,20],"killed_by":"Gensokyo:Monolith_and_Dog","ascension_level":2}}