{"host":"q6rs3in4l29iepap","time":1608559324,"event":{"mods":["Aspiration","BaseMod","Colored Map","Downfall","Hermit","Hubris","Infinite Spire","Jorbs\u0027s Wanderer Trilogy","Minty Spire (QoL Compilation)","Replay The Spire","Shade Mod","StSLib","The Construct","The Cursed","The Servant 0.9.4"],"gold_per_floor":[111,4,61,61,79,79,109,109,135,145,156,172,198,212,212,314,414,430,86,86,86,86,86,86,120,140,140,165,181,181,181,198,212,212,314,314,332,351,351,364,364,389,389,421,421,432,448,463,463,478,478,580,580,590,596,607,635,628,628,641,655,655,655,685,685,685,642,642,701,701,692,632,129,136,136,136,131,56,134,134,138,138,144,152,152,228,228,232,240,254,262,262,277,277,277,277,274,282,282,268,267,267,330,330,330],"floor_reached":104,"playtime":9703,"items_purged":[],"score":1970,"play_id":"ff520b52-24a2-4d2e-a7bc-9f86663d036f","local_time":"20201221060204","is_ascension_mode":false,"campfire_choices":[{"floor":6.0,"key":"REST"},{"floor":15.0,"key":"REST"},{"floor":27.0,"key":"REST"},{"floor":34.0,"key":"REST"},{"data":"hubris:InfiniteBlow","floor":43.0,"key":"SMITH"},{"floor":51.0,"key":"REST"},{"data":"hubris:InfiniteBlow+1","floor":59.0,"key":"SMITH"},{"data":"hubris:InfiniteBlow+2","floor":63.0,"key":"SMITH"},{"data":"hubris:InfiniteBlow+3","floor":65.0,"key":"SMITH"},{"data":"ReplayTheSpireMod:Splinters","floor":68.0,"key":"PURGE"},{"data":"hubris:InfiniteBlow+4","floor":76.0,"key":"SMITH"},{"data":"hubris:InfiniteBlow+5","floor":80.0,"key":"SMITH"},{"data":"hubris:InfiniteBlow+6","floor":82.0,"key":"SMITH"},{"data":"hubris:InfiniteBlow+7","floor":85.0,"key":"SMITH"},{"data":"hubris:InfiniteBlow+8","floor":99.0,"key":"SMITH"},{"data":"hubris:InfiniteBlow+9","floor":102.0,"key":"SMITH"}],"circlet_count":1,"master_deck":["hermit:Strike_Hermit","hermit:Strike_Hermit","hermit:Strike_Hermit","hermit:Strike_Hermit","hermit:Defend_Hermit","hermit:Defend_Hermit","hermit:Defend_Hermit","hermit:Snapshot","hermit:Covet","hermit:GoldenBullet","hermit:Quickdraw","hermit:Brawl","hermit:Roughhouse","hermit:Maintenance","hermit:TakeAim","hermit:Feint","hermit:Maintenance","hermit:Vantage","hermit:DeadOrAlive","ReplayTheSpireMod:Brewmster","stsjorbsmod:Procrastination","infinitespire:Punishment","Ghostly","Ghostly","Ghostly","Ghostly","Ghostly","hermit:RoundhouseKick","hermit:Maintenance","hermit:CursedWeapon+1","hermit:HighCaliber","hermit:Magnum","hermit:Cheat","hermit:Purgatory","hermit:Manifest","Parasite","hubris:InfiniteBlow+10","hermit:WideOpen+1","hermit:Gestalt","Writhe","hermit:Scavenge","hermit:Grudge+1","hermit:Manifest+1","ReplayTheSpireMod:Chaos Vortex","hermit:Coalescence","hermit:EternalForm","hermit:Cheat","hermit:Cheat","hermit:Scavenge","hermit:Purgatory","Injury","hermit:Purgatory","Decay","hubris:Wrath","ReplayTheSpireMod:IOU","Injury","hubris:Rewind","infinitespire:SealOfDarkness+","Guardian:Aged","hermit:Cheat","hermit:Magnum","CurseOfTheBell"],"relics":["m_GuardianBlood","NeowsBlessing","ReplayTheSpireMod:TigerMarble","Mummified Hand","CultistMask","Happy Flower","Replay:Mystery Machine","Replay:Wanted Poster","hubris:EmptyBottle","hubris:ToyBattleship","aspiration:Lifesprig","Cursed Key","Circlet","Replay:Bottled Snecko","hubris:BottledRain","Painkiller Herb","Durian","infinitespire:Cubic Diamond","hubris:HollowSoul","Chemical X","Bottled Lightning","infinitespire:FocusingShard","Anchor","Chameleon Ring","Replay:Ancient Bell","Toy Ornithopter","ReplayTheSpireMod:Ninjato","FossilizedHelix","Strange Spoon","infinitespire:CursedDice","hubris:Spice","Calling Bell","Tiny Chest","hubris:TinFlute"],"acts_visited":["Exordium","TheCity","TheBeyond","Exordium","TheCity","TheBeyond","Exordium"],"potions_floor_usage":[103,103,103,103,103,103,103,103,103,103,103,103],"damage_taken":[{"damage":0.0,"enemies":"2 Louse","floor":1.0,"turns":1.0},{"damage":0.0,"enemies":"Jaw Worm","floor":5.0,"turns":1.0},{"damage":0.0,"enemies":"Gremlin Nob","floor":7.0,"turns":1.0},{"damage":7.0,"enemies":"Small Slimes","floor":10.0,"turns":2.0},{"damage":6.0,"enemies":"Gremlin Gang","floor":11.0,"turns":3.0},{"damage":0.0,"enemies":"Large Slime","floor":12.0,"turns":5.0},{"damage":9.0,"enemies":"3 Sentries","floor":13.0,"turns":8.0},{"damage":6.0,"enemies":"Blue Slaver","floor":14.0,"turns":3.0},{"damage":37.0,"enemies":"Slime Boss","floor":16.0,"turns":14.0},{"damage":24.0,"enemies":"3 Byrds","floor":18.0,"turns":9.0},{"damage":10.0,"enemies":"Replay:Snechameleon","floor":25.0,"turns":6.0},{"damage":4.0,"enemies":"Spheric Guardian","floor":26.0,"turns":2.0},{"damage":10.0,"enemies":"Chosen and Byrds","floor":29.0,"turns":6.0},{"damage":20.0,"enemies":"Shelled Parasite and Fungi","floor":32.0,"turns":3.0},{"damage":2.0,"enemies":"Snecko","floor":33.0,"turns":3.0},{"damage":3.0,"enemies":"Collector","floor":35.0,"turns":7.0},{"damage":5.0,"enemies":"3 Shapes","floor":37.0,"turns":2.0},{"damage":2.0,"enemies":"Orb Walker","floor":38.0,"turns":5.0},{"damage":2.0,"enemies":"Writhing Mass","floor":40.0,"turns":3.0},{"damage":1.0,"enemies":"Nightmare","floor":42.0,"turns":5.0},{"damage":11.0,"enemies":"Jaw Worm Horde","floor":44.0,"turns":4.0},{"damage":2.0,"enemies":"Transient","floor":46.0,"turns":5.0},{"damage":2.0,"enemies":"3 Darklings","floor":47.0,"turns":6.0},{"damage":2.0,"enemies":"Writhing Mass","floor":48.0,"turns":3.0},{"damage":2.0,"enemies":"Sphere and 2 Shapes","floor":50.0,"turns":3.0},{"damage":0.0,"enemies":"Replay:Hell Engine","floor":52.0,"turns":1.0},{"damage":0.0,"enemies":"Small Slimes","floor":54.0,"turns":1.0},{"damage":1.0,"enemies":"Jaw Worm","floor":55.0,"turns":2.0},{"damage":1.0,"enemies":"infinitespire:Voidling","floor":56.0,"turns":2.0},{"damage":0.0,"enemies":"Looter","floor":57.0,"turns":1.0},{"damage":0.0,"enemies":"Large Slime","floor":58.0,"turns":2.0},{"damage":1.0,"enemies":"2 Fungi Beasts","floor":60.0,"turns":1.0},{"damage":1.0,"enemies":"Looter","floor":61.0,"turns":2.0},{"damage":0.0,"enemies":"Exordium Wildlife","floor":64.0,"turns":2.0},{"damage":5.0,"enemies":"Fading Forest","floor":69.0,"turns":11.0},{"damage":0.0,"enemies":"Shell Parasite","floor":71.0,"turns":1.0},{"damage":1.0,"enemies":"Spheric Guardian","floor":74.0,"turns":3.0},{"damage":8.0,"enemies":"Nightmare","floor":77.0,"turns":7.0},{"damage":2.0,"enemies":"Snake Plant","floor":81.0,"turns":1.0},{"damage":4.0,"enemies":"Centurion and Healer","floor":83.0,"turns":3.0},{"damage":2.0,"enemies":"Snecko","floor":84.0,"turns":2.0},{"damage":0.0,"enemies":"Collector","floor":86.0,"turns":5.0},{"damage":0.0,"enemies":"3 Shapes","floor":88.0,"turns":1.0},{"damage":0.0,"enemies":"Orb Walker","floor":89.0,"turns":2.0},{"damage":0.0,"enemies":"3 Darklings","floor":90.0,"turns":1.0},{"damage":0.0,"enemies":"Writhing Mass","floor":91.0,"turns":1.0},{"damage":20.0,"enemies":"R_Hoarder","floor":93.0,"turns":8.0},{"damage":1.0,"enemies":"Transient","floor":97.0,"turns":5.0},{"damage":3.0,"enemies":"Jaw Worm Horde","floor":98.0,"turns":3.0},{"damage":0.0,"enemies":"3 Darklings","floor":100.0,"turns":2.0},{"damage":1.0,"enemies":"Spire Growth","floor":101.0,"turns":4.0},{"damage":0,"enemies":"Awakened One","floor":103,"turns":8}],"seed_played":"-1034604030109057312","potions_obtained":[{"floor":3.0,"key":"Guardian:BlockOnCardUsePotion"},{"floor":3.0,"key":"PowerPotion"},{"floor":5.0,"key":"Block Potion"},{"floor":10.0,"key":"Fire Potion"},{"floor":29.0,"key":"Fire Potion"},{"floor":33.0,"key":"Adrenaline Potion"},{"floor":44.0,"key":"EntropicBrew"},{"floor":47.0,"key":"Swift Potion"},{"floor":57.0,"key":"Dexterity Potion"},{"floor":60.0,"key":"hermit:Eclipse"},{"floor":61.0,"key":"PowerPotion"},{"floor":69.0,"key":"hermit:Tonic"},{"floor":81.0,"key":"EssenceOfSteel"},{"floor":89.0,"key":"Ancient Potion"},{"floor":91.0,"key":"SteroidPotion"},{"floor":95.0,"key":"SkillPotion"},{"floor":97.0,"key":"construct:ShiftPotion"},{"floor":100.0,"key":"Explosive Potion"},{"floor":101.0,"key":"Explosive Potion"}],"is_trial":false,"path_per_floor":["M","$","?","?","M","R","E","?","T","M","M","M","E","M","R_BF","B",null,"M","$","?","?","?","PTL","PTL","E","M","R","T","M","?","AVR","M","M","R","B",null,"M","M","?","M","?","NM","R","M","T","M","M","M","AVR","M","R","B",null,"?","?","?","?","?","T","?","?","T","T","?","T","?","?","T","B",null,"?","?","T","?","T","T","NM","?","T","T","?","T","?","?","T","B",null,"?","?","?","?","AVR","E","?","?","T","?","?","T","?","?","T","B",null],"character_chosen":"HERMIT","items_purchased":["hermit:Snipe","hermit:Quickdraw","ReplayTheSpireMod:Brewmster","hubris:EmptyBottle","Chemical X","EntropicBrew","Bottled Lightning"],"campfire_rested":5,"item_purchase_floors":[2,2,19,19,73,73,73],"current_hp_per_floor":[75,75,45,45,45,67,67,67,67,60,54,54,45,39,61,28,75,51,51,51,37,37,37,37,27,23,34,34,24,24,24,4,2,13,10,37,32,30,30,28,28,27,27,16,16,14,12,10,10,8,19,19,37,37,36,35,35,35,35,34,33,38,38,38,38,38,38,38,42,42,42,42,42,42,42,42,40,40,40,40,42,42,42,42,42,42,42,42,42,42,42,42,28,28,28,36,50,50,50,50,50,50,50,58,58],"gold":330,"neow_bonus":"THREE_ENEMY_KILL","is_daily":false,"chose_seed":false,"campfire_upgraded":10,"win_rate":0.0,"timestamp":1608559324,"path_taken":["M","$","?","?","M","R","E","?","T","?","M","M","E","M","R_BF","BOSS","M","$","?","?","?","PTL","PTL","E","M","R","T","M","?","AVR","M","M","R","BOSS","M","?","?","?","?","NM","R","M","T","M","?","M","AVR","M","R","BOSS","?","?","?","?","?","T","?","?","T","T","?","T","?","?","T","BOSS","?","?","T","?","?","T","NM","?","T","T","?","T","?","?","T","BOSS","?","?","?","?","AVR","E","?","?","T","?","?","T","?","?","T","BOSS"],"items_purchased_type":["Card","Card","Card","Relic","Relic","Potion","Relic"],"build_version":"2020-12-13","purchased_purges":0,"victory":false,"max_hp_per_floor":[75,75,75,75,75,75,75,75,75,75,75,75,75,75,75,75,75,75,75,75,37,37,37,37,37,37,37,37,37,37,37,37,37,37,37,37,37,37,37,37,37,37,37,37,37,37,37,37,37,37,37,37,37,37,37,37,37,37,37,37,37,42,42,42,42,42,42,42,42,42,42,42,42,42,42,42,42,42,42,42,42,42,42,42,42,42,42,42,42,42,42,42,42,42,42,50,50,50,50,50,50,50,50,58,58],"card_choices":[{"not_picked":["hermit:HoleUp","hermit:Brawl"],"picked":"hermit:GoldenBullet","floor":1.0},{"not_picked":["hermit:LowProfile","hermit:BodyArmor"],"picked":"hermit:TrackingShot","floor":3.0},{"not_picked":["hermit:CalledShot","hermit:Quickdraw"],"picked":"hermit:Brawl","floor":5.0},{"not_picked":["hermit:Manifest","hermit:Quickdraw"],"picked":"hermit:Roughhouse","floor":7.0},{"not_picked":["hermit:Quickdraw","hermit:Misfire"],"picked":"hermit:Maintenance","floor":10.0},{"not_picked":["hermit:Enervate","hermit:Determination"],"picked":"hermit:TakeAim","floor":11.0},{"not_picked":["hermit:HoleUp","hermit:WideOpen"],"picked":"hermit:Feint","floor":12.0},{"not_picked":["hermit:HoleUp","hermit:SprayPray"],"picked":"hermit:Maintenance","floor":13.0},{"not_picked":["hermit:HoleUp","hermit:PistolWhip"],"picked":"hermit:Vantage","floor":14.0},{"not_picked":["hermit:Reprieve","hermit:Adapt"],"picked":"hermit:DeadOrAlive","floor":16.0},{"not_picked":["hermit:Misfire+1","hermit:Snipe"],"picked":"hermit:Ricochet","floor":18.0},{"not_picked":["hubris:Rewind","infinitespire:FutureSight"],"picked":"infinitespire:Punishment","floor":20.0},{"not_picked":["hermit:Manifest","hermit:Horror+1"],"picked":"hermit:CursedWeapon+1","floor":25.0},{"not_picked":["hermit:SprayPray","hermit:Headshot"],"picked":"hermit:HighCaliber","floor":26.0},{"not_picked":["hermit:Determination","hermit:WideOpen"],"picked":"hermit:Magnum","floor":29.0},{"not_picked":["hermit:TrackingShot","hermit:LowProfile"],"picked":"hermit:Cheat","floor":32.0},{"not_picked":["hermit:Ricochet+1","hermit:Feint","hermit:Misfire"],"picked":"SKIP","floor":33.0},{"not_picked":["hermit:DeadOrAlive","hermit:OverwhelmingPower"],"picked":"hermit:Purgatory","floor":35.0},{"not_picked":["hermit:HighCaliber+1","hermit:HoleUp","hermit:BodyArmor+1"],"picked":"SKIP","floor":37.0},{"not_picked":["hermit:WideOpen+1","hermit:Headshot+1","hermit:CalledShot"],"picked":"SKIP","floor":38.0},{"not_picked":["hermit:HighCaliber","hermit:LowProfile","hermit:CalledShot"],"picked":"SKIP","floor":40.0},{"not_picked":["infinitespire:Punishment","infinitespire:Collect"],"picked":"hubris:InfiniteBlow","floor":42.0},{"not_picked":["hermit:BigShot+1","hermit:Coalescence+1"],"picked":"hermit:WideOpen+1","floor":42.0},{"not_picked":["hermit:BodyArmor","hermit:Ricochet+1"],"picked":"hermit:Gestalt","floor":44.0},{"not_picked":["hermit:Horror","hermit:LuckOfTheDraw"],"picked":"hermit:Scavenge","floor":46.0},{"not_picked":["hermit:Coalescence+1","hermit:FullyLoaded"],"picked":"hermit:Grudge+1","floor":47.0},{"not_picked":["hermit:Shortfuse+1","hermit:Ricochet+1"],"picked":"hermit:Manifest+1","floor":48.0},{"not_picked":["hermit:Ricochet+1","hermit:FullyLoaded"],"picked":"hermit:Coalescence","floor":50.0},{"not_picked":["hermit:Gambit","hermit:DeadOrAlive"],"picked":"hermit:EternalForm","floor":52.0},{"not_picked":["hermit:Glare","hermit:Desperado"],"picked":"hermit:Cheat","floor":54.0},{"not_picked":["hermit:Headshot","hermit:CalledShot","hermit:Coalescence"],"picked":"SKIP","floor":55.0},{"not_picked":["hermit:TrackingShot","hermit:SprayPray"],"picked":"hermit:Cheat","floor":56.0},{"not_picked":["hermit:Grudge","hermit:Dive"],"picked":"hermit:Scavenge","floor":57.0},{"not_picked":["hermit:ItchyTrigger","hermit:FlashPowder","hermit:Scavenge"],"picked":"SKIP","floor":60.0},{"not_picked":["hermit:CalledShot","hermit:Desperado","hermit:HighNoon"],"picked":"SKIP","floor":61.0},{"not_picked":["hermit:Roughhouse","hermit:CalledShot","hermit:Dive"],"picked":"SKIP","floor":64.0},{"not_picked":["Limit Break","hermit:HighNoon"],"picked":"hermit:Purgatory","floor":69.0},{"not_picked":["hermit:Brawl","hermit:Ricochet","hermit:HighCaliber"],"picked":"SKIP","floor":74.0},{"not_picked":["hermit:ShadowCloak","hermit:Enervate"],"picked":"hermit:Purgatory","floor":77.0},{"not_picked":["hermit:NoHoldsBarred","hermit:Glare+1","hermit:CursedWeapon"],"picked":"SKIP","floor":81.0},{"not_picked":["hermit:SprayPray","hermit:Headshot","hermit:TrackingShot+1"],"picked":"SKIP","floor":83.0},{"not_picked":["hermit:HoleUp+1","hermit:ItchyTrigger","hermit:CalledShot"],"picked":"SKIP","floor":84.0},{"not_picked":["Writhe","hubris:Lust"],"picked":"hubris:Wrath","floor":87.0},{"not_picked":["Spreading Infection","ReplayTheSpireMod:Restless Dread"],"picked":"ReplayTheSpireMod:IOU","floor":87.0},{"not_picked":["Decay","Normality"],"picked":"Injury","floor":87.0},{"not_picked":["hermit:Dive+1","hermit:Virtue+1","hermit:Brawl"],"picked":"SKIP","floor":88.0},{"not_picked":["hermit:BodyArmor","hermit:LoneWolf","hermit:NoHoldsBarred"],"picked":"SKIP","floor":89.0},{"not_picked":["hermit:NoHoldsBarred","hermit:FatalDesire","hermit:Headshot"],"picked":"SKIP","floor":90.0},{"not_picked":["hermit:Feint","hermit:Glare","hermit:FullyLoaded"],"picked":"SKIP","floor":91.0},{"not_picked":["hermit:Showdown","hermit:Quickdraw","hermit:WideOpen+1"],"picked":"SKIP","floor":93.0},{"not_picked":["hermit:SprayPray+1","hermit:Malice+1","hermit:Ricochet+1"],"picked":"SKIP","floor":97.0},{"not_picked":["hermit:LowProfile","hermit:Glare","hermit:Quickdraw"],"picked":"SKIP","floor":98.0},{"not_picked":["hermit:HighCaliber+1","hermit:TakeAim+1","hermit:Glare+1"],"picked":"SKIP","floor":100.0},{"not_picked":["hermit:Misfire","hermit:TakeAim+1"],"picked":"hermit:Cheat","floor":101.0},{"not_picked":["hermit:Roughhouse","Guardian:HyperBeam_Guardian"],"picked":"hermit:Magnum","floor":103}],"player_experience":34110,"relics_obtained":[{"floor":3.0,"key":"ReplayTheSpireMod:TigerMarble"},{"floor":7.0,"key":"Mummified Hand"},{"floor":9.0,"key":"Happy Flower"},{"floor":13.0,"key":"Replay:Mystery Machine"},{"floor":25.0,"key":"hubris:ToyBattleship"},{"floor":28.0,"key":"aspiration:Lifesprig"},{"floor":42.0,"key":"Replay:Bottled Snecko"},{"floor":45.0,"key":"hubris:BottledRain"},{"floor":62.0,"key":"Durian"},{"floor":75.0,"key":"infinitespire:FocusingShard"},{"floor":77.0,"key":"Anchor"},{"floor":79.0,"key":"Chameleon Ring"},{"floor":93.0,"key":"infinitespire:CursedDice"},{"floor":96.0,"key":"hubris:Spice"},{"floor":104,"key":"Tiny Chest"},{"floor":104,"key":"hubris:TinFlute"},{"floor":104,"key":"hubris:Spice"}],"event_choices":[{"damage_healed":0.0,"max_hp_gain":0.0,"max_hp_loss":0.0,"gold_gain":0.0,"event_name":"FaceTrader","player_choice":"Trade","floor":8.0,"gold_loss":0.0,"damage_taken":0.0,"relics_obtained":["CultistMask"]},{"damage_healed":0.0,"max_hp_gain":0.0,"max_hp_loss":38.0,"gold_gain":0.0,"event_name":"Ghosts","player_choice":"Became a Ghost","floor":21.0,"gold_loss":0.0,"damage_taken":0.0,"cards_obtained":["Ghostly","Ghostly","Ghostly","Ghostly","Ghostly"]},{"damage_healed":0.0,"max_hp_gain":0.0,"max_hp_loss":0.0,"gold_gain":0.0,"cards_transformed":["hermit:TrackingShot","hermit:Snipe"],"event_name":"Drug Dealer","player_choice":"Became Test Subject","floor":22.0,"gold_loss":0.0,"damage_taken":0.0,"cards_obtained":["hermit:RoundhouseKick","hermit:Maintenance"]},{"cards_removed":["Shame"],"damage_healed":0.0,"max_hp_gain":0.0,"max_hp_loss":0.0,"gold_gain":0.0,"event_name":"Purifier","player_choice":"Purged","floor":30.0,"gold_loss":0.0,"damage_taken":0.0},{"damage_healed":0.0,"max_hp_gain":0.0,"max_hp_loss":0.0,"gold_gain":0.0,"cards_transformed":["hermit:Ricochet"],"event_name":"Transmorgrifier","player_choice":"Transformed","floor":39.0,"gold_loss":0.0,"damage_taken":0.0,"cards_obtained":["hermit:Manifest"]},{"damage_healed":0.0,"max_hp_gain":0.0,"max_hp_loss":0.0,"gold_gain":0.0,"event_name":"WeMeetAgain","player_choice":"Gave Potion","floor":41.0,"gold_loss":0.0,"damage_taken":0.0,"relics_obtained":["Circlet"]},{"damage_healed":0.0,"max_hp_gain":0.0,"max_hp_loss":0.0,"gold_gain":0.0,"event_name":"World of Goop","player_choice":"Left Gold","floor":67.0,"gold_loss":43.0,"damage_taken":0.0},{"cards_removed":["hermit:Defend_Hermit"],"damage_healed":0.0,"max_hp_gain":0.0,"max_hp_loss":0.0,"gold_gain":0.0,"event_name":"Beggar","player_choice":"Gave Gold","floor":78.0,"gold_loss":75.0,"damage_taken":0.0},{"damage_healed":0.0,"max_hp_gain":0.0,"max_hp_loss":0.0,"gold_gain":0.0,"event_name":"Tomb of Lord Red Mask","player_choice":"Ignored","floor":94.0,"gold_loss":0.0,"damage_taken":0.0},{"damage_healed":0.0,"max_hp_gain":0.0,"max_hp_loss":0.0,"gold_gain":0.0,"event_name":"Lab","player_choice":"Got Potions","floor":95.0,"gold_loss":0.0,"damage_taken":0.0}],"is_beta":false,"boss_relics":[{"not_picked":["Astrolabe","hermit:BartenderGlass"],"picked":"Replay:Wanted Poster"},{"not_picked":["hubris:ScarierMask","Replay:Bronze Core"],"picked":"Cursed Key"},{"not_picked":["hubris:TerracottaHorce","Black Star"],"picked":"Painkiller Herb"},{"not_picked":["Replay:Bronze Core","hubris:RunicObelisk"],"picked":"hubris:HollowSoul"},{"not_picked":["Coffee Dripper","aspiration:RunicSpoon"],"picked":"Replay:Ancient Bell"},{"not_picked":["hubris:SlimyHat","infinitespire:Satchel"],"picked":"Toy Ornithopter"},{"not_picked":["Replay:WaspNest","Iron Hammer"],"picked":"ReplayTheSpireMod:Ninjato"},{"not_picked":["Torii","Mango"],"picked":"FossilizedHelix"},{"not_picked":["hermit:DentedPlate","aspiration:SecretTechniqueScroll"],"picked":"Calling Bell"}],"items_purged_floors":[],"is_endless":true,"potions_floor_spawned":[5,10,12,13,25,29,33,35,40,44,47,52,57,60,61,69,71,81,83,89,91,97,100,101],"ascension_level":0}}