{"host":"cz3p2o9n3b1gdmkz","time":1608556020,"event":{"mods":["AchievementEnabler","BaseMod","CapriCore","GungeonMod","Hermit","Lobotomy","Minty Spire (QoL Compilation)","Replay The Spire","Shop Mod","StSLib","SuperFastMode","The Cursed","The Dragon Tamer","The Gatherer","The Jungle","The Poker Player","The Runesmith"],"gold_per_floor":[109,284,295,295,311,311,386,414,414,414,432,88,88,99,99,199,199,217,228,244,244,256,285,305,54,80,110,125,156,175,201,201,302,302,315,275,294,311,311,342,342,370,397,409,419,431,456,468,468,468,468],"floor_reached":52,"playtime":1977,"items_purged":[],"score":1749,"play_id":"b5e419ad-5729-4706-bc23-80fd8b32447e","local_time":"20201221220700","is_ascension_mode":true,"campfire_choices":[{"data":"TheCursedMod:CircleOfFlame","floor":6.0,"key":"SMITH"},{"floor":15,"key":"DIG"},{"data":"TheCursedMod:CircleOfFlame","floor":32,"key":"SMITH"},{"data":"TheCursedMod:CircleOfFlame","floor":32,"key":"SMITH"},{"data":"TheCursedMod:CircleOfFlame","floor":41,"key":"SMITH"},{"data":"TheCursedMod:SurpriseAttack","floor":41,"key":"SMITH"},{"data":"TheCursedMod:SurpriseAttack","floor":49,"key":"SMITH"},{"data":"TheCursedMod:RavingStaff","floor":49,"key":"SMITH"}],"circlet_count":0,"master_deck":["TheCursedMod:Strike_TheCursed","TheCursedMod:Strike_TheCursed","TheCursedMod:Strike_TheCursed","TheCursedMod:Strike_TheCursed","TheCursedMod:Defend_TheCursed","TheCursedMod:Defend_TheCursed","TheCursedMod:Defend_TheCursed","TheCursedMod:Defend_TheCursed","TheCursedMod:CursedWand","TheCursedMod:CleanUpWorkshop","TheCursedMod:Dregs","TheCursedMod:SurpriseAttack+1","TheCursedMod:CircleOfFlame+1","TheCursedMod:CircleOfFlame+1","TheCursedMod:Stigma","TheCursedMod:SurpriseAttack+1","TheCursedMod:CircleOfAbyss+1","TheCursedMod:CircleOfBlood","TheCursedMod:NeowsMight","TheCursedMod:RavingStaff+1","TheCursedMod:CircleOfBlood","TheCursedMod:CircleOfFlame+1","Hallucinations","TheCursedMod:CircleOfFlame+1","TheCursedMod:CircleOfCorruption+1","TheCursedMod:NeowsMight+1","TheCursedMod:CircleOfCorruption+1","TheCursedMod:CircleOfFlame+1","TheCursedMod:CircleOfFlame+1","TheCursedMod:SurpriseAttack+1","Parasite","TheCursedMod:CircleOfCorruption+1"],"relics":["TheCursedMod:BlackMagic101","Vajra","MealTicket","HornCleat","Replay:Arrowhead","Potion Belt","Cursed Key","DemoMod:MonsterBlood","Onion Ring","PreservedInsect","TheCursedMod:DemonicMark","Golden Egg","Simple Rune","SlaversCollar","Replay:Rubber Ducky","Lantern","DemoMod:ClearGuonStone","DemoMod:GlassGuonStoneRelic","Omamori"],"acts_visited":["Exordium","TheCity","TheBeyond"],"potions_floor_usage":[16,50,50,50,50,50,50,50],"damage_taken":[{"damage":7.0,"enemies":"Small Slimes","floor":1.0,"turns":5.0},{"damage":0.0,"enemies":"2 Louse","floor":3.0,"turns":2.0},{"damage":1.0,"enemies":"Cultist","floor":5.0,"turns":3.0},{"damage":26.0,"enemies":"Lagavulin","floor":8.0,"turns":5.0},{"damage":0.0,"enemies":"Large Slime","floor":11.0,"turns":3.0},{"damage":0,"enemies":"Gremlin Gang","floor":14,"turns":1},{"damage":5,"enemies":"Fading Forest","floor":16,"turns":11},{"damage":0,"enemies":"Chosen","floor":18,"turns":3},{"damage":0,"enemies":"2 Thieves","floor":19,"turns":1},{"damage":2,"enemies":"Snake Plant","floor":20,"turns":2},{"damage":0,"enemies":"Cultist and Chosen","floor":22,"turns":3},{"damage":0,"enemies":"Replay:Snechameleon","floor":23,"turns":4},{"damage":0,"enemies":"Snecko","floor":24,"turns":2},{"damage":0,"enemies":"Gremlin Leader","floor":27,"turns":2},{"damage":0,"enemies":"Sentry and Sphere","floor":28,"turns":2},{"damage":0,"enemies":"Slavers","floor":29,"turns":1},{"damage":0,"enemies":"Centurion and Healer","floor":30,"turns":2},{"damage":0,"enemies":"Gremlin Leader","floor":31,"turns":1},{"damage":16,"enemies":"Pondfish","floor":33,"turns":4},{"damage":0,"enemies":"3 Darklings","floor":35,"turns":1},{"damage":0,"enemies":"Orb Walker","floor":37,"turns":1},{"damage":0,"enemies":"3 Darklings","floor":38,"turns":1},{"damage":0,"enemies":"Giant Head","floor":40,"turns":2},{"damage":2,"enemies":"Nemesis","floor":42,"turns":2},{"damage":0,"enemies":"Jaw Worm Horde","floor":44,"turns":1},{"damage":0,"enemies":"4 Shapes","floor":45,"turns":1},{"damage":0,"enemies":"3 Darklings","floor":46,"turns":1},{"damage":0,"enemies":"Reptomancer","floor":47,"turns":1},{"damage":0,"enemies":"Maw","floor":48,"turns":2},{"damage":0,"enemies":"Time Eater","floor":50,"turns":3}],"seed_played":"9106558498840134594","potions_obtained":[{"floor":3.0,"key":"Flashbang"},{"floor":11.0,"key":"Explosive Potion"},{"floor":16,"key":"Swift Potion"},{"floor":22,"key":"ColorlessPotion"},{"floor":23,"key":"Toxic Potion"},{"floor":24,"key":"AttackPotion"},{"floor":31,"key":"PowerPotion"},{"floor":42,"key":"DistilledChaos"},{"floor":47,"key":"Strength Potion"}],"is_trial":false,"path_per_floor":["M","?","M","$","M","R","?","E","T","?","M","$","?","M","R","B",null,"M","M","M","?","M","E","M","$","T","E","M","E","M","E","R","B",null,"M","?","M","M","?","E","R","E","T","M","M","M","E","M","R","B",null,null],"character_chosen":"THE_CURSED","items_purchased":["Replay:Arrowhead","TheCursedMod:SurpriseAttack","Onion Ring"],"campfire_rested":0,"item_purchase_floors":[12,12,25],"current_hp_per_floor":[61,61,61,61,60,60,49,23,23,16,16,31,31,31,31,66,73,75,75,75,75,75,82,82,82,82,82,82,82,82,82,82,66,78,82,82,82,82,82,82,82,82,82,82,82,82,82,82,82,82,82],"gold":468,"neow_bonus":"RANDOM_COMMON_RELIC","is_daily":false,"chose_seed":false,"campfire_upgraded":7,"win_rate":0.0,"timestamp":1608556020,"path_taken":["M","?","M","$","M","R","?","E","T","?","M","$","?","M","R","BOSS","M","?","M","?","M","E","M","$","T","E","?","E","M","E","R","BOSS","M","?","?","M","?","E","R","E","T","M","M","?","E","M","R","BOSS"],"items_purchased_type":["Relic","Card","Relic"],"build_version":"2020-12-13","purchased_purges":0,"victory":true,"max_hp_per_floor":[75,75,75,75,75,75,75,75,75,75,75,75,75,75,75,75,75,75,75,75,75,75,82,82,82,82,82,82,82,82,82,82,82,82,82,82,82,82,82,82,82,82,82,82,82,82,82,82,82,82,82],"card_choices":[{"not_picked":["TheCursedMod:SmokeScreen","TheCursedMod:SoulCrush"],"picked":"TheCursedMod:SurpriseAttack","floor":1.0},{"not_picked":["TheCursedMod:Torture","TheCursedMod:SaltUponWound","TheCursedMod:EmpowerCircles"],"picked":"SKIP","floor":3.0},{"not_picked":["TheCursedMod:AshesToAshes","TheCursedMod:Torture"],"picked":"TheCursedMod:CircleOfFlame","floor":5.0},{"not_picked":["TheCursedMod:ShockAndAwe","TheCursedMod:Wield"],"picked":"TheCursedMod:CircleOfFlame","floor":8.0},{"not_picked":["TheCursedMod:CursedArmor","TheCursedMod:VitalStrike"],"picked":"TheCursedMod:Stigma","floor":11.0},{"not_picked":["TheCursedMod:SoulCrush","TheCursedMod:FleshFromBone"],"picked":"TheCursedMod:CircleOfBlood","floor":14},{"not_picked":["TheCursedMod:ParallelWorld","TheCursedMod:DarkBarrier"],"picked":"TheCursedMod:NeowsMight","floor":16},{"not_picked":["TheCursedMod:CursedStaff","TheCursedMod:Wield"],"picked":"TheCursedMod:RavingStaff","floor":18},{"not_picked":["TheCursedMod:PrepareRite","TheCursedMod:EmpowerCircles","TheCursedMod:Evocation"],"picked":"SKIP","floor":19},{"not_picked":["TheCursedMod:TroublousMinions","TheCursedMod:Stretching"],"picked":"TheCursedMod:CircleOfBlood","floor":20},{"not_picked":["TheCursedMod:CursedArmor+1","TheCursedMod:BlessingInDisguise","TheCursedMod:ManaCirculation"],"picked":"SKIP","floor":22},{"not_picked":["TheCursedMod:VitalStrike","TheCursedMod:CursedMace+1","TheCursedMod:FuryStrike"],"picked":"SKIP","floor":23},{"not_picked":["TheCursedMod:SpreadPlague","TheCursedMod:HellfireBreathing"],"picked":"TheCursedMod:CircleOfFlame","floor":24},{"not_picked":["TheCursedMod:RavingStaff","TheCursedMod:EmpowerCircles+1","TheCursedMod:ReleasedStrength"],"picked":"SKIP","floor":27},{"not_picked":["TheCursedMod:SpitefulStrike","TheCursedMod:SaltUponWound"],"picked":"TheCursedMod:CircleOfFlame+1","floor":28},{"not_picked":["TheCursedMod:TacticalStrike","TheCursedMod:CursedAmulet"],"picked":"TheCursedMod:CircleOfCorruption","floor":29},{"not_picked":["TheCursedMod:CursedShiv","TheCursedMod:CircleOfFocus","TheCursedMod:Torture"],"picked":"SKIP","floor":30},{"not_picked":["TheCursedMod:Grudge","TheCursedMod:CircleOfBlood","TheCursedMod:CursedSpellbook"],"picked":"SKIP","floor":31},{"not_picked":["TheCursedMod:DemonicPact","TheCursedMod:ForbiddenAlchemy"],"picked":"TheCursedMod:NeowsMight","floor":33},{"not_picked":["TheCursedMod:CursedMace+1","TheCursedMod:RavingStaff+1"],"picked":"TheCursedMod:CircleOfCorruption+1","floor":35},{"not_picked":["TheCursedMod:CircleOfCorruption+1","TheCursedMod:CursedMace"],"picked":"TheCursedMod:CircleOfFlame","floor":37},{"not_picked":["TheCursedMod:RapidMovement+1","TheCursedMod:ReleasedStrength","TheCursedMod:VitalStrike+1"],"picked":"SKIP","floor":38},{"not_picked":["TheCursedMod:FleshFromBone+1","TheCursedMod:CursedBlade+1","TheCursedMod:ShockAndAwe"],"picked":"SKIP","floor":40},{"not_picked":["TheCursedMod:CircleOfFlame","TheCursedMod:CircleOfCorruption+1"],"picked":"TheCursedMod:SurpriseAttack+1","floor":42},{"not_picked":["TheCursedMod:RapidMovement+1","TheCursedMod:CursedBlade"],"picked":"TheCursedMod:CircleOfCorruption+1","floor":44},{"not_picked":["TheCursedMod:SaltUponWound","TheCursedMod:RapidMovement+1","TheCursedMod:CursedBlade+1"],"picked":"SKIP","floor":45},{"not_picked":["TheCursedMod:WearCloak","TheCursedMod:BlessingInDisguise+1","TheCursedMod:VitalStrike"],"picked":"SKIP","floor":46},{"not_picked":["TheCursedMod:RapidMovement+1","TheCursedMod:TacticalStrike+1","TheCursedMod:CollectTribute"],"picked":"SKIP","floor":47},{"not_picked":["TheCursedMod:CursedBlade","TheCursedMod:CircleOfAmplification+1","TheCursedMod:TacticalStrike+1"],"picked":"SKIP","floor":48}],"player_experience":1009253,"relics_obtained":[{"floor":8.0,"key":"MealTicket"},{"floor":9.0,"key":"HornCleat"},{"floor":15,"key":"Potion Belt"},{"floor":23,"key":"DemoMod:MonsterBlood"},{"floor":26,"key":"PreservedInsect"},{"floor":27,"key":"TheCursedMod:DemonicMark"},{"floor":29,"key":"Golden Egg"},{"floor":31,"key":"Simple Rune"},{"floor":40,"key":"Replay:Rubber Ducky"},{"floor":42,"key":"Lantern"},{"floor":43,"key":"DemoMod:ClearGuonStone"},{"floor":47,"key":"Omamori"}],"event_choices":[{"damage_healed":0.0,"max_hp_gain":0.0,"max_hp_loss":0.0,"gold_gain":175.0,"event_name":"Liars Game","player_choice":"AGREE","floor":2.0,"gold_loss":0.0,"damage_taken":0.0,"cards_obtained":["Doubt"]},{"damage_healed":0.0,"max_hp_gain":0.0,"max_hp_loss":0.0,"gold_gain":75.0,"event_name":"World of Goop","player_choice":"Gather Gold","floor":7.0,"gold_loss":0.0,"damage_taken":11.0},{"cards_removed":["Doubt"],"damage_healed":0.0,"max_hp_gain":0.0,"max_hp_loss":0.0,"gold_gain":0.0,"event_name":"Golden Wing","player_choice":"Card Removal","floor":10.0,"gold_loss":0.0,"damage_taken":7.0},{"damage_healed":0,"gold_gain":0,"player_choice":"1 cards matched","damage_taken":0,"max_hp_gain":0,"max_hp_loss":0,"event_name":"Match and Keep!","floor":13,"gold_loss":0,"cards_obtained":["TheCursedMod:CircleOfAbyss"]},{"damage_healed":0,"gold_gain":0,"player_choice":"Forge","damage_taken":0,"max_hp_gain":0,"max_hp_loss":0,"event_name":"Accursed Blacksmith","floor":21,"gold_loss":0,"cards_upgraded":["TheCursedMod:CircleOfAbyss"]},{"damage_healed":0,"gold_gain":0,"player_choice":"Upgrade","damage_taken":0,"max_hp_gain":0,"max_hp_loss":0,"event_name":"Designer","floor":36,"gold_loss":40,"cards_upgraded":["TheCursedMod:CircleOfCorruption"]},{"damage_healed":0,"gold_gain":0,"player_choice":"Copied","damage_taken":0,"max_hp_gain":0,"max_hp_loss":0,"event_name":"Duplicator","floor":39,"gold_loss":0,"cards_obtained":["TheCursedMod:CircleOfFlame"]}],"is_beta":false,"boss_relics":[{"not_picked":["Coffee Dripper","Astrolabe"],"picked":"Cursed Key"},{"not_picked":["TheCursedMod:FourLeafCloverCharm","Runic Pyramid"],"picked":"SlaversCollar"}],"items_purged_floors":[],"is_endless":false,"potions_floor_spawned":[3,11,16,22,23,24,27,28,30,31,38,42,45,46,47],"ascension_level":8}}