{"host":"wg33yb1rgt3nbe17","time":1608541955,"event":{"mods":["AchievementEnabler","BaseMod","Colored Map","Minty Spire (QoL Compilation)","Permanent Neow","Relic Stats","StSLib"],"gold_per_floor":[17,32,32,32,43,43,8,22,96,96,21,51,51,2,2,104,104,122,122,138,38,38,66,86,86,86,86,86,86],"floor_reached":28,"playtime":613,"items_purged":["Strike_B","Strike_B"],"score":258,"play_id":"37961ebc-7dbd-4e8e-a60d-e4552735197b","local_time":"20201221041235","is_ascension_mode":true,"campfire_choices":[{"data":"Zap","floor":6,"key":"SMITH"},{"data":"Consume","floor":10,"key":"SMITH"},{"data":"Redo","floor":15,"key":"SMITH"},{"floor":25,"key":"REST"},{"data":"Creative AI","floor":27,"key":"SMITH"}],"circlet_count":0,"master_deck":["Defend_B","Defend_B","Zap+1","Dualcast","Ball Lightning+1","Genetic Algorithm+1","BootSequence","Consume+1","Redo+1","Creative AI+1","Storm","Self Repair","Undo","Leap","Ball Lightning","Coolheaded+1"],"relics":["Cracked Core","Lizard Tail","Bottled Lightning","Pen Nib","Empty Cage","Pear","Meat on the Bone"],"acts_visited":["Exordium","TheCity"],"potions_floor_usage":[8,16,23,28],"damage_taken":[{"damage":4,"enemies":"Jaw Worm","floor":1,"turns":3},{"damage":8,"enemies":"2 Louse","floor":2,"turns":2},{"damage":6,"enemies":"Cultist","floor":5,"turns":3},{"damage":16,"enemies":"2 Fungi Beasts","floor":8,"turns":3},{"damage":24,"enemies":"The Guardian","floor":16,"turns":8},{"damage":37,"enemies":"3 Byrds","floor":18,"turns":5},{"damage":0,"enemies":"Spheric Guardian","floor":20,"turns":3},{"damage":96,"enemies":"Slavers","floor":23,"turns":7},{"damage":24,"enemies":"Snake Plant","floor":24,"turns":4},{"damage":49,"enemies":"Book of Stabbing","floor":28,"turns":5}],"seed_played":"2104312226933619905","potions_obtained":[{"floor":1,"key":"Swift Potion"},{"floor":8,"key":"DistilledChaos"},{"floor":18,"key":"FearPotion"},{"floor":19,"key":"FairyPotion"},{"floor":19,"key":"EssenceOfDarkness"}],"is_trial":false,"path_per_floor":["M","M","?","?","M","R","?","M","T","R","$","?","$","$","R","B",null,"M","?","M","$","?","E","M","R","T","R","E"],"character_chosen":"DEFECT","items_purchased":["Redo"],"campfire_rested":1,"item_purchase_floors":[14],"current_hp_per_floor":[71,63,63,63,57,57,75,59,59,59,59,59,59,59,59,35,75,38,38,38,38,38,40,23,48,48,48,0,0],"gold":86,"neow_bonus":"ONE_RARE_RELIC","is_daily":false,"chose_seed":false,"campfire_upgraded":4,"win_rate":0.0,"timestamp":1608541955,"path_taken":["M","M","?","?","?","R","?","M","T","R","?","?","?","$","R","BOSS","M","?","?","?","?","E","M","R","T","R","E"],"items_purchased_type":["Card"],"build_version":"2020-12-13","purchased_purges":2,"victory":false,"max_hp_per_floor":[75,75,75,75,75,75,75,75,75,75,75,75,75,75,75,75,75,75,75,75,75,75,85,85,85,85,85,85,85],"relic_stats":{"Lizard Tail":37,"counters":[10,43],"Pen Nib":[1],"obtain_stats":[{"Lizard Tail":0,"Pear":23,"Pen Nib":12,"Bottled Lightning":9,"Cracked Core":0,"Empty Cage":17,"Meat on the Bone":26},{"Lizard Tail":0,"Pear":8,"Pen Nib":4,"Bottled Lightning":4,"Cracked Core":0,"Empty Cage":5,"Meat on the Bone":9},{"Lizard Tail":0,"Pear":34,"Pen Nib":11,"Bottled Lightning":11,"Cracked Core":0,"Empty Cage":19,"Meat on the Bone":38}],"Meat on the Bone":0},"card_choices":[{"not_picked":["Force Field","Beam Cell"],"picked":"Ball Lightning","floor":1},{"not_picked":["Ball Lightning","Compile Driver"],"picked":"Genetic Algorithm","floor":2},{"not_picked":["Go for the Eyes","Hologram"],"picked":"BootSequence","floor":5},{"not_picked":["Rip and Tear","Double Energy"],"picked":"Consume","floor":8},{"not_picked":["Meteor Strike","Electrodynamics"],"picked":"Creative AI","floor":16},{"not_picked":["Rebound","White Noise"],"picked":"Storm","floor":18},{"not_picked":["Steam","Ball Lightning+1"],"picked":"Self Repair","floor":20},{"not_picked":["Doom and Gloom","Darkness"],"picked":"Ball Lightning","floor":23},{"not_picked":["Gash","Conserve Battery"],"picked":"Coolheaded+1","floor":24}],"player_experience":525960,"relics_obtained":[{"floor":9,"key":"Bottled Lightning"},{"floor":23,"key":"Pear"},{"floor":26,"key":"Meat on the Bone"}],"event_choices":[{"damage_healed":0,"gold_gain":0,"player_choice":"Grow","damage_taken":0,"max_hp_gain":0,"max_hp_loss":0,"event_name":"Living Wall","floor":3,"gold_loss":0,"cards_upgraded":["Genetic Algorithm"]},{"damage_healed":0,"gold_gain":0,"player_choice":"Upgraded","damage_taken":0,"max_hp_gain":0,"max_hp_loss":0,"event_name":"Upgrade Shrine","floor":4,"gold_loss":0,"cards_upgraded":["Ball Lightning"]},{"damage_healed":18,"gold_gain":0,"player_choice":"Healed","damage_taken":0,"max_hp_gain":0,"max_hp_loss":0,"event_name":"The Cleric","floor":7,"gold_loss":35},{"damage_healed":0,"gold_gain":30,"player_choice":"Searched \u00273\u0027 times","damage_taken":0,"relics_obtained":["Pen Nib"],"max_hp_gain":0,"max_hp_loss":0,"event_name":"Dead Adventurer","floor":12,"gold_loss":0},{"damage_healed":0,"gold_gain":0,"player_choice":"Got Potions","damage_taken":0,"max_hp_gain":0,"max_hp_loss":0,"event_name":"Lab","floor":19,"gold_loss":0},{"damage_healed":0,"gold_gain":0,"cards_transformed":["Defend_B","Defend_B"],"player_choice":"Became Test Subject","damage_taken":0,"max_hp_gain":0,"max_hp_loss":0,"event_name":"Drug Dealer","floor":22,"gold_loss":0,"cards_obtained":["Undo","Leap"]}],"is_beta":false,"boss_relics":[{"not_picked":["Runic Pyramid","Calling Bell"],"picked":"Empty Cage"}],"items_purged_floors":[11,21],"is_endless":false,"potions_floor_spawned":[1,8,18],"killed_by":"Book of Stabbing","ascension_level":3}}