{"host":"cc187","time":1608584321,"event":{"mods":["AchievementEnabler","BaseMod","Bestiary","Colored Map","Colored Powertips","Highlight Path","Keyboard Shortcuts","Minty Spire (QoL Compilation)","Quick Restart","Rare Cards Sparkle","Relic Stats","StSLib","SuperFastMode","Synergy Search","ojb\u0027s Info Mod"],"gold_per_floor":[114,131,206,217,217,217,227,260,260,260,291,83,94,68,68,142,142,152,168,168,29,29,29,59,59,59],"floor_reached":25,"playtime":1065,"items_purged":["Defend_G","Defend_G"],"score":435,"play_id":"9b0193b4-28a6-4d10-bece-f1a689f4e9db","local_time":"20201221205841","is_ascension_mode":true,"campfire_choices":[{"floor":6,"key":"REST"},{"floor":10,"key":"REST"},{"floor":15,"key":"REST"},{"floor":23,"key":"REST"}],"circlet_count":0,"master_deck":["AscendersBane","Strike_G","Defend_G","Defend_G","Defend_G","Survivor","Neutralize","Blur","Deadly Poison","Blade Dance","Slice","Cloak And Dagger","Bullet Time","Blade Dance","Noxious Fumes","Blade Dance","Slice","Burst","Distraction+1","Heel Hook+1","Night Terror+1","Crippling Poison","Finisher","Crippling Poison","Accuracy"],"relics":["WristBlade","Unceasing Top","Gambling Chip","Shovel","Astrolabe","Happy Flower"],"acts_visited":["Exordium","TheCity"],"potions_floor_usage":[8,16,25],"damage_taken":[{"damage":10,"enemies":"Small Slimes","floor":1,"turns":4},{"damage":0,"enemies":"2 Louse","floor":2,"turns":4},{"damage":4,"enemies":"Jaw Worm","floor":4,"turns":5},{"damage":15,"enemies":"Exordium Thugs","floor":7,"turns":4},{"damage":19,"enemies":"3 Sentries","floor":8,"turns":12},{"damage":24,"enemies":"Lagavulin","floor":11,"turns":5},{"damage":0,"enemies":"Blue Slaver","floor":13,"turns":2},{"damage":19,"enemies":"The Guardian","floor":16,"turns":10},{"damage":0,"enemies":"3 Byrds","floor":18,"turns":3},{"damage":10,"enemies":"Chosen","floor":19,"turns":4},{"damage":23,"enemies":"Book of Stabbing","floor":24,"turns":4},{"damage":42,"enemies":"Shelled Parasite and Fungi","floor":25,"turns":3}],"seed_played":"-6915628422243032782","potions_obtained":[{"floor":1,"key":"Poison Potion"},{"floor":8,"key":"SpeedPotion"},{"floor":13,"key":"EssenceOfSteel"},{"floor":24,"key":"BlessingOfTheForge"}],"is_trial":false,"path_per_floor":["M","M","?","M","?","R","M","E","T","R","E","$","M","$","R","B",null,"M","M","?","$","?","R","E","M"],"character_chosen":"THE_SILENT","items_purchased":["Blade Dance","Noxious Fumes","Slice","Crippling Poison"],"campfire_rested":4,"item_purchase_floors":[12,12,14,21],"current_hp_per_floor":[49,49,38,34,27,46,31,12,12,31,7,7,7,7,26,7,51,51,41,41,41,41,60,37,0,0],"gold":59,"neow_bonus":"BOSS_RELIC","is_daily":false,"chose_seed":false,"campfire_upgraded":0,"win_rate":0.0,"timestamp":1608584321,"path_taken":["M","M","?","M","?","R","M","E","T","R","E","$","M","$","R","BOSS","M","M","?","?","?","R","E","?"],"items_purchased_type":["Card","Card","Card","Card"],"build_version":"2020-12-18","purchased_purges":2,"victory":false,"max_hp_per_floor":[66,66,66,66,66,66,66,66,66,66,66,66,66,66,66,66,66,66,66,66,66,66,66,66,66,66],"relic_stats":{"Shovel":0,"Happy Flower":[1],"counters":[12,60],"Gambling Chip":[16],"Astrolabe":["Distraction","Heel Hook","Night Terror"],"obtain_stats":[{"Shovel":11,"WristBlade":0,"Happy Flower":24,"Gambling Chip":9,"Astrolabe":17,"Unceasing Top":8,"Ring of the Snake":0},{"Shovel":6,"WristBlade":0,"Happy Flower":11,"Gambling Chip":5,"Astrolabe":8,"Unceasing Top":5,"Ring of the Snake":0},{"Shovel":34,"WristBlade":0,"Happy Flower":57,"Gambling Chip":29,"Astrolabe":46,"Unceasing Top":29,"Ring of the Snake":0}],"Unceasing Top":[3]},"card_choices":[{"not_picked":["Dagger Throw","Quick Slash"],"picked":"Blur","floor":1},{"not_picked":["Heel Hook","Poisoned Stab"],"picked":"Deadly Poison","floor":2},{"not_picked":["Quick Slash","Backstab"],"picked":"Blade Dance","floor":4},{"not_picked":["PiercingWail","Bane"],"picked":"Slice","floor":7},{"not_picked":["Flying Knee","Bullet Time"],"picked":"Cloak And Dagger","floor":8},{"not_picked":["Setup","Heel Hook"],"picked":"Bullet Time","floor":11},{"not_picked":["Eviscerate","Setup"],"picked":"Blade Dance","floor":13},{"not_picked":["Unload","A Thousand Cuts"],"picked":"Burst","floor":16},{"not_picked":["Acrobatics","Escape Plan"],"picked":"Crippling Poison","floor":18},{"not_picked":["Quick Slash+1","Catalyst"],"picked":"Finisher","floor":19},{"not_picked":["Dagger Throw","Setup+1","Flying Knee"],"picked":"SKIP","floor":24}],"player_experience":834437,"relics_obtained":[{"floor":8,"key":"Unceasing Top"},{"floor":9,"key":"Gambling Chip"},{"floor":11,"key":"Shovel"},{"floor":24,"key":"Happy Flower"}],"event_choices":[{"damage_healed":0,"gold_gain":75,"player_choice":"Gather Gold","damage_taken":11,"max_hp_gain":0,"max_hp_loss":0,"event_name":"World of Goop","floor":3,"gold_loss":0},{"cards_removed":["Strike_G"],"damage_healed":0,"gold_gain":0,"player_choice":"Card Removal","damage_taken":7,"max_hp_gain":0,"max_hp_loss":0,"event_name":"Golden Wing","floor":5,"gold_loss":0},{"damage_healed":0,"gold_gain":0,"player_choice":"Ignored","damage_taken":0,"max_hp_gain":0,"max_hp_loss":0,"event_name":"N\u0027loth","floor":20,"gold_loss":0},{"damage_healed":0,"gold_gain":0,"player_choice":"Read","damage_taken":0,"max_hp_gain":0,"max_hp_loss":0,"event_name":"The Library","floor":22,"gold_loss":0,"cards_obtained":["Accuracy"]}],"is_beta":true,"boss_relics":[{"not_picked":["SacredBark","Coffee Dripper"],"picked":"Astrolabe"}],"items_purged_floors":[12,21],"is_endless":false,"potions_floor_spawned":[1,8,13,24],"killed_by":"Shelled Parasite and Fungi","ascension_level":18}}