{"host":"mal0jdk4f6ubgyb8","time":1608554087,"event":{"mods":["BaseMod","Koishi","Luminous","Marisa（F雨　魔理沙）","Minty Spire (QoL Compilation)","Quick Restart","Reimu（博丽灵梦）","Relic Stats","Remilia（蕾米莉亚）","StSLib","WarShipGirlsR/战舰少女R mod","Youmu（魂魄妖梦）","Yuri Mod","Yuyuko","【东方二次创作】八云紫mod"],"gold_per_floor":[110,10,0,77,92,121,121,140,140,140,140,140,171,182,182,284,284,296,221,70,70,0,34,133,143,143,160,34,34,51,70,70,168,168,184,4,17,17,17,17,17,35,106,106,133,145,155,155,155],"floor_reached":48,"playtime":1480,"items_purged":["Defend_G"],"score":589,"play_id":"50a59cd8-94ad-44d3-a0a5-8f2a9e181365","local_time":"20201221203447","is_ascension_mode":true,"campfire_choices":[{"data":"A Thousand Cuts","floor":7.0,"key":"SMITH"},{"data":"Prepared","floor":10.0,"key":"SMITH"},{"data":"Prepared","floor":12.0,"key":"SMITH"},{"data":"Infinite Blades","floor":15.0,"key":"SMITH"},{"data":"A Thousand Cuts","floor":29.0,"key":"SMITH"},{"floor":32.0,"key":"RECALL"},{"data":"After Image","floor":40.0,"key":"SMITH"},{"data":"Accuracy","floor":44.0,"key":"SMITH"}],"circlet_count":0,"master_deck":["Strike_G","Strike_G","Strike_G","Strike_G","Defend_G","Defend_G","Defend_G","Defend_G","Survivor","Neutralize","Underhanded Strike","Prepared+1","Outmaneuver","Tactician","A Thousand Cuts+1","Underhanded Strike","Prepared+1","Blade Dance","Infinite Blades+1","Blade Dance","A Thousand Cuts+1","Accuracy","Finisher","Underhanded Strike","Footwork+1","Leg Sweep","Heel Hook","After Image+1","Dagger Throw","Accuracy+1","Footwork+1","Madness+1","Madness","Heel Hook","Clumsy","Choke+1"],"relics":["Ring of the Snake","NeowsBlessing","RuthlessExorcism:ReiMu","Bottled Tornado","Akabeko","Cursed Key","Omamori","Darkstone Periapt","CrazyTorch:ReiMu","The Courier","Lee\u0027s Waffle","Sozu","Boot","HornCleat","Snake Skull"],"acts_visited":["Exordium","TheCity","TheBeyond"],"potions_floor_usage":[],"damage_taken":[{"damage":0.0,"enemies":"Cultist","floor":1.0,"turns":1.0},{"damage":0.0,"enemies":"2 Louse","floor":5.0,"turns":1.0},{"damage":0.0,"enemies":"3 Sentries","floor":6.0,"turns":1.0},{"damage":1.0,"enemies":"Jaw Worm","floor":8.0,"turns":3.0},{"damage":21.0,"enemies":"Lagavulin","floor":13.0,"turns":5.0},{"damage":10.0,"enemies":"Exordium Thugs","floor":14.0,"turns":2.0},{"damage":21.0,"enemies":"Hexaghost","floor":16.0,"turns":6.0},{"damage":0.0,"enemies":"Spheric Guardian","floor":18.0,"turns":3.0},{"damage":68.0,"enemies":"Book of Stabbing","floor":23.0,"turns":6.0},{"damage":1.0,"enemies":"Chosen","floor":25.0,"turns":3.0},{"damage":0.0,"enemies":"Sentry and Sphere","floor":27.0,"turns":2.0},{"damage":13.0,"enemies":"Snake Plant","floor":30.0,"turns":3.0},{"damage":20.0,"enemies":"Centurion and Healer","floor":31.0,"turns":3.0},{"damage":37.0,"enemies":"Automaton","floor":33.0,"turns":5.0},{"damage":6.0,"enemies":"Orb Walker","floor":35.0,"turns":3.0},{"damage":1.0,"enemies":"3 Darklings","floor":37.0,"turns":4.0},{"damage":0.0,"enemies":"4 Shapes","floor":42.0,"turns":3.0},{"damage":31.0,"enemies":"Nemesis","floor":45.0,"turns":6.0},{"damage":9.0,"enemies":"Jaw Worm Horde","floor":46.0,"turns":2.0},{"damage":17.0,"enemies":"Writhing Mass","floor":47.0,"turns":5.0},{"damage":29,"enemies":"Reptomancer","floor":48,"turns":3}],"seed_played":"1180177887022107872","potions_obtained":[{"floor":5.0,"key":"GamblersBrew"},{"floor":6.0,"key":"Explosive Potion"},{"floor":14.0,"key":"Strength Potion"},{"floor":23.0,"key":"Weak Potion"},{"floor":31.0,"key":"Fire Potion"}],"is_trial":false,"path_per_floor":["M","$","?","T","M","E","R","M","T","R","?","R","E","M","R","B",null,"M","$","$","?","?","E","?","M","T","M","$","R","M","M","R","B",null,"M","$","M","?","$","R","?","M","T","R","E","M","M","E"],"character_chosen":"THE_SILENT","items_purchased":["Prepared","Finisher","Omamori","Lee\u0027s Waffle","Accuracy","Boot"],"campfire_rested":0,"item_purchase_floors":[2,19,20,28,36,36],"current_hp_per_floor":[70,70,70,70,70,70,70,69,69,69,69,69,48,38,38,17,70,70,70,70,70,70,2,2,1,1,1,77,77,64,44,44,7,77,71,71,70,60,60,60,60,60,66,66,35,26,9,0,0],"gold":155,"neow_bonus":"THREE_ENEMY_KILL","is_daily":false,"chose_seed":false,"campfire_upgraded":7,"win_rate":0.0,"timestamp":1608554087,"path_taken":["M","?","?","?","?","E","R","M","T","R","?","R","E","M","R","BOSS","M","?","$","?","?","E","?","M","T","M","?","R","M","M","R","BOSS","M","$","?","?","?","R","?","?","T","R","E","M","M","E"],"items_purchased_type":["Card","Card","Relic","Relic","Card","Relic"],"build_version":"2020-12-13","purchased_purges":1,"victory":false,"max_hp_per_floor":[70,70,70,70,70,70,70,70,70,70,70,70,70,70,70,70,70,70,70,70,70,70,70,70,70,70,70,77,77,77,77,77,77,77,77,77,77,77,77,77,77,77,83,83,83,83,83,83,83],"relic_stats":{"Darkstone Periapt":6,"Sozu":2,"Lee\u0027s Waffle":76,"counters":[21,70],"Snake Skull":[0],"Cursed Key":2,"Boot":[63],"obtain_stats":[{"Darkstone Periapt":21,"Lee\u0027s Waffle":28,"NeowsBlessing":0,"The Courier":26,"Snake Skull":45,"Omamori":20,"Bottled Tornado":9,"Cursed Key":17,"Boot":36,"Akabeko":13,"Sozu":34,"HornCleat":43,"CrazyTorch:ReiMu":23,"Ring of the Snake":0,"RuthlessExorcism:ReiMu":6},{"Darkstone Periapt":8,"Lee\u0027s Waffle":11,"NeowsBlessing":0,"The Courier":10,"Snake Skull":18,"Omamori":8,"Bottled Tornado":4,"Cursed Key":7,"Boot":15,"Akabeko":5,"Sozu":14,"HornCleat":17,"CrazyTorch:ReiMu":9,"Ring of the Snake":0,"RuthlessExorcism:ReiMu":3},{"Darkstone Periapt":22,"Lee\u0027s Waffle":33,"NeowsBlessing":0,"The Courier":31,"Snake Skull":60,"Omamori":22,"Bottled Tornado":6,"Cursed Key":19,"Boot":47,"Akabeko":11,"Sozu":44,"HornCleat":54,"CrazyTorch:ReiMu":28,"Ring of the Snake":0,"RuthlessExorcism:ReiMu":3}],"Ring of the Snake":[21]},"card_choices":[{"not_picked":["Quick Slash","Sucker Punch"],"picked":"Underhanded Strike","floor":1.0},{"not_picked":[],"picked":"Outmaneuver","floor":3.0},{"not_picked":[],"picked":"Tactician","floor":3.0},{"not_picked":[],"picked":"A Thousand Cuts","floor":3.0},{"not_picked":["Sucker Punch","Finisher"],"picked":"Underhanded Strike","floor":5.0},{"not_picked":["Predator","Deflect"],"picked":"Prepared","floor":6.0},{"not_picked":["Underhanded Strike","Dagger Throw"],"picked":"Blade Dance","floor":8.0},{"not_picked":["Reflex","Endless Agony"],"picked":"Infinite Blades","floor":13.0},{"not_picked":["Sucker Punch","Terror"],"picked":"Blade Dance","floor":14.0},{"not_picked":["Wraith Form v2","Adrenaline"],"picked":"A Thousand Cuts","floor":16.0},{"not_picked":["PiercingWail","Bane"],"picked":"Accuracy","floor":18.0},{"not_picked":["Masterful Stab+1","All Out Attack+1"],"picked":"Underhanded Strike","floor":23.0},{"not_picked":["Blur","Tactician"],"picked":"Footwork+1","floor":25.0},{"not_picked":["Prepared","Choke"],"picked":"Leg Sweep","floor":27.0},{"not_picked":["Blur","PiercingWail","Endless Agony"],"picked":"SKIP","floor":30.0},{"not_picked":["Endless Agony","Underhanded Strike"],"picked":"Heel Hook","floor":31.0},{"not_picked":["Night Terror","Unload"],"picked":"After Image","floor":33.0},{"not_picked":["Dodge and Roll+1","PiercingWail"],"picked":"Dagger Throw","floor":35.0},{"not_picked":["Dash","Flying Knee"],"picked":"Footwork+1","floor":37.0},{"not_picked":["Blur+1","Doppelganger"],"picked":"Heel Hook","floor":42.0},{"not_picked":["Dagger Spray","Tactician+1","Poisoned Stab"],"picked":"SKIP","floor":45.0},{"not_picked":["Masterful Stab","Underhanded Strike+1"],"picked":"Choke+1","floor":46.0},{"not_picked":["Flechettes","Dodge and Roll","Endless Agony"],"picked":"SKIP","floor":47.0}],"player_experience":274816,"relics_obtained":[{"floor":6.0,"key":"RuthlessExorcism:ReiMu"},{"floor":9.0,"key":"Bottled Tornado"},{"floor":13.0,"key":"Akabeko"},{"floor":23.0,"key":"CrazyTorch:ReiMu"},{"floor":26.0,"key":"The Courier"},{"floor":43.0,"key":"HornCleat"},{"floor":45.0,"key":"Snake Skull"}],"event_choices":[{"cards_removed":["Strike_G"],"damage_healed":0.0,"max_hp_gain":0.0,"max_hp_loss":0.0,"gold_gain":0.0,"event_name":"Purifier","player_choice":"Purged","floor":11.0,"gold_loss":0.0,"damage_taken":0.0},{"damage_healed":0.0,"max_hp_gain":0.0,"max_hp_loss":0.0,"gold_gain":0.0,"event_name":"The Mausoleum","player_choice":"Opened","floor":21.0,"gold_loss":0.0,"damage_taken":0.0,"relics_obtained":["Darkstone Periapt"],"cards_obtained":["Writhe"]},{"damage_healed":0.0,"max_hp_gain":0.0,"max_hp_loss":0.0,"gold_gain":0.0,"event_name":"Masked Bandits","player_choice":"Paid Fearfully","floor":22.0,"gold_loss":70.0,"damage_taken":0.0},{"damage_healed":0.0,"max_hp_gain":0.0,"max_hp_loss":0.0,"gold_gain":99.0,"event_name":"Nest","player_choice":"Stole From Cult","floor":24.0,"gold_loss":0.0,"damage_taken":0.0},{"damage_healed":0.0,"max_hp_gain":0.0,"max_hp_loss":0.0,"gold_gain":0.0,"event_name":"Winding Halls","player_choice":"Embrace Madness","floor":38.0,"gold_loss":0.0,"damage_taken":10.0,"cards_obtained":["Madness","Madness"]},{"damage_healed":0.0,"max_hp_gain":0.0,"max_hp_loss":0.0,"gold_gain":0.0,"event_name":"Upgrade Shrine","player_choice":"Upgraded","floor":41.0,"gold_loss":0.0,"damage_taken":0.0,"cards_upgraded":["Madness"]}],"is_beta":false,"boss_relics":[{"not_picked":["Fusion Hammer","Snecko Eye"],"picked":"Cursed Key"},{"not_picked":["Velvet Choker","Runic Pyramid"],"picked":"Sozu"}],"items_purged_floors":[2],"is_endless":false,"potions_floor_spawned":[5,6,14,23,31,35,42],"killed_by":"Reptomancer","ascension_level":1}}