{"host":"363c1o4m0ew2jbar","time":1608517439,"event":{"mods":["AchievementEnabler","BaseMod","Better Note","Downfall","Hubris","Minty Spire (QoL Compilation)","StSLib"],"gold_per_floor":[99,124,124,150,150,150,150,164,197,197,210,210,222,233,251,351,351,351,451,516,541,349,123,168,93,143,143,162,182,196,246,303,408,408,408,419,419,495,527,595,647,572,586,613,437,487,507,569,588,588],"floor_reached":51,"playtime":3175,"items_purged":["hexamod:Strike","hexamod:Strike"],"score":1084,"play_id":"ca7b8fe5-0a85-4a83-a3a0-1b24c53ebaef","local_time":"20201220162359","is_ascension_mode":true,"campfire_choices":[{"data":"hexamod:Strike","floor":1,"key":"SMITH"},{"data":"hexamod:Incineration","floor":3,"key":"SMITH"},{"floor":6,"key":"REST"},{"data":"hexamod:HexaLevel","floor":10,"key":"SMITH"},{"floor":18,"key":"RECALL"},{"data":"hexamod:NecessarySacrifice","floor":25,"key":"SMITH"},{"data":"hexamod:GhostflameBarrier","floor":27,"key":"SMITH"},{"data":"hexamod:GiftsFromTheDead","floor":35,"key":"SMITH"},{"data":"hexamod:Rewind","floor":37,"key":"SMITH"},{"data":"hexamod:EmpoweringStance","floor":42,"key":"SMITH"}],"circlet_count":0,"master_deck":["hexamod:Strike+1","hexamod:Defend","hexamod:Defend","hexamod:Defend","hexamod:Float","hexamod:Incineration+1","hexamod:GiftsFromTheDead+1","hexamod:InspiringFlames","hexamod:HexaLevel+1","hexamod:Firestarter","hexamod:FirstSeal","hexamod:GhostflameBarrier+1","hexamod:EmpoweringStance+1","hexamod:FourthSeal","hexamod:RadiantFlame+1","hexamod:TimeOfNeed","hexamod:NecessarySacrifice+1","Sadistic Nature","hexamod:CrushingStance+1","hexamod:PowerFromBeyond","hexamod:AdvancingGuard","hexamod:Rewind+1","hexamod:TimeWarp","hexamod:SpectersWail","hexamod:StepThrough","hexamod:ThirdSeal","hexamod:GhostOfSpirePresent","hexamod:ThirdSeal","hexamod:GhostOfSpireFuture+1","hexamod:SecondSeal"],"relics":["hexamod:SpiritBrand","Torii","PreservedInsect","downfall:ShatteredFragment","Matryoshka","FossilizedHelix","Philosopher\u0027s Stone","downfall:CloakOfManyFaces","CultistMask","FaceOfCleric","NlothsMask","GremlinMask","SsserpentHead","Meat on the Bone","Strawberry","downfall:HeartBlessingRed","hubris:DeckOfHolding","Shuriken","downfall:KnowingSkull","hubris:PeanutButter","Orichalcum","downfall:HeartBlessingBlue","Happy Flower","hexamod:CandleOfCauterizing","TheAbacus"],"acts_visited":["Exordium","TheCity","TheBeyond"],"potions_floor_usage":[4,13,16,20,21,21,22,23,28,32,32,33,33,36,39,43,44,44,44,44,44,44,45,45,47,49,49,49,50,50],"damage_taken":[{"damage":14,"enemies":"Gremlin Nob","floor":2,"turns":4},{"damage":2,"enemies":"Lagavulin","floor":4,"turns":5},{"damage":0,"enemies":"Small Slimes","floor":8,"turns":2},{"damage":0,"enemies":"3 Sentries","floor":9,"turns":5},{"damage":0,"enemies":"2 Louse","floor":11,"turns":3},{"damage":0,"enemies":"Cultist","floor":13,"turns":3},{"damage":0,"enemies":"Exordium Thugs","floor":14,"turns":5},{"damage":0,"enemies":"2 Fungi Beasts","floor":15,"turns":4},{"damage":24,"enemies":"downfall:Silent","floor":16,"turns":7},{"damage":0,"enemies":"downfall:FaceTrader","floor":19,"turns":6},{"damage":9,"enemies":"3 Byrds","floor":20,"turns":5},{"damage":26,"enemies":"Gremlin Leader","floor":21,"turns":6},{"damage":1,"enemies":"downfall:FleeingMerchant","floor":22,"turns":4},{"damage":0,"enemies":"downfall:FleeingMerchant","floor":23,"turns":4},{"damage":0,"enemies":"Chosen","floor":28,"turns":4},{"damage":0,"enemies":"Snake Plant","floor":29,"turns":3},{"damage":13,"enemies":"Centurion and Healer","floor":30,"turns":5},{"damage":28,"enemies":"Shelled Parasite and Fungi","floor":32,"turns":5},{"damage":25,"enemies":"downfall:Ironclad","floor":33,"turns":6},{"damage":0,"enemies":"Orb Walker","floor":36,"turns":3},{"damage":0,"enemies":"Giant Head","floor":39,"turns":6},{"damage":12,"enemies":"3 Shapes","floor":40,"turns":4},{"damage":10,"enemies":"3 Darklings","floor":43,"turns":4},{"damage":15,"enemies":"Reptomancer","floor":44,"turns":5},{"damage":21,"enemies":"downfall:FleeingMerchant","floor":45,"turns":3},{"damage":10,"enemies":"4 Shapes","floor":47,"turns":4},{"damage":0,"enemies":"Maw","floor":48,"turns":6},{"damage":17,"enemies":"Sphere and 2 Shapes","floor":49,"turns":5},{"damage":16,"enemies":"downfall:Defect","floor":50,"turns":7}],"seed_played":"4007944648336186614","potions_obtained":[{"floor":2,"key":"Explosive Potion"},{"floor":11,"key":"PowerPotion"},{"floor":13,"key":"Fruit Juice"},{"floor":15,"key":"Fire Potion"},{"floor":20,"key":"Fruit Juice"},{"floor":20,"key":"PowerPotion"},{"floor":21,"key":"SneckoOil"},{"floor":21,"key":"Swift Potion"},{"floor":22,"key":"Explosive Potion"},{"floor":23,"key":"DistilledChaos"},{"floor":28,"key":"SmokeBomb"},{"floor":29,"key":"LiquidMemories"},{"floor":32,"key":"hexamod:EctoCoolerPotion"},{"floor":33,"key":"ColorlessPotion"},{"floor":33,"key":"hexamod:EctoCoolerPotion"},{"floor":39,"key":"SpeedPotion"},{"floor":40,"key":"Slimebound:ThreeZeroPotion"},{"floor":43,"key":"BlessingOfTheForge"},{"floor":44,"key":"hexamod:InfernoChargePotion"},{"floor":44,"key":"champ:CounterPotion"},{"floor":47,"key":"LiquidMemories"},{"floor":47,"key":"Explosive Potion"},{"floor":49,"key":"hexamod:InfernoChargePotion"}],"is_trial":false,"path_per_floor":["R","E","R","E","?","R","T","M","E","R","M","?","M","M","M","B",null,"R","?","M","E","$","$","T","R","T","R","M","M","M","?","M","B",null,"R","M","R","T","E","M","T","R","M","E","$","?","M","M","M","B",null],"character_chosen":"THE_SPIRIT","items_purchased":["Sadistic Nature","hexamod:CrushingStance","hexamod:CandleOfCauterizing","TheAbacus"],"campfire_rested":1,"item_purchase_floors":[22,23,45,45],"current_hp_per_floor":[63,49,49,47,26,44,44,44,44,44,44,37,49,56,63,46,63,63,68,72,54,61,69,76,76,76,76,84,86,81,74,54,49,79,79,80,80,80,81,77,77,87,85,78,58,50,60,68,71,63],"gold":588,"neow_bonus":"REMOVE_TWO","is_daily":false,"chose_seed":false,"campfire_upgraded":8,"win_rate":0.0,"timestamp":1608517439,"path_taken":["R","E","R","E","?","R","T","M","E","R","M","?","M","M","M","BOSS","R","?","?","E","$","$","T","R","?","R","M","M","M","?","M","BOSS","R","M","R","?","E","?","T","R","M","E","$","?","M","?","M","BOSS"],"items_purchased_type":["Card","Card","Relic","Relic"],"build_version":"2020-12-13","purchased_purges":2,"victory":true,"max_hp_per_floor":[63,63,63,63,63,63,63,63,63,63,63,63,68,68,68,68,68,68,68,74,75,76,77,84,84,84,84,85,86,87,87,88,89,89,89,90,90,90,91,92,92,102,103,104,105,105,106,107,108,109],"card_choices":[{"not_picked":["hexamod:FlamesFromBeyond","hexamod:NightmareStrike"],"picked":"hexamod:Incineration","floor":2},{"not_picked":["hexamod:ThermalTransfer","hexamod:FastForward"],"picked":"hexamod:GiftsFromTheDead","floor":4},{"not_picked":["hexamod:NightmareStrike","hexamod:GhostShield"],"picked":"hexamod:InspiringFlames","floor":8},{"not_picked":["hexamod:NightmareStrike","hexamod:SpectersWail"],"picked":"hexamod:HexaLevel","floor":9},{"not_picked":["hexamod:ShieldOfDarkness","hexamod:BurningTouch"],"picked":"hexamod:Firestarter","floor":11},{"not_picked":["hexamod:RecurringNightmare","hexamod:GhostLash"],"picked":"hexamod:GhostflameBarrier","floor":13},{"not_picked":["hexamod:Incineration","hexamod:ApocalypticArmor","hexamod:ThermalTransfer"],"picked":"SKIP","floor":14},{"not_picked":["hexamod:SoulSteal","hexamod:RainOfEmbers","hexamod:InspiringFlames"],"picked":"SKIP","floor":15},{"not_picked":["hexamod:UnlimitedPower","hexamod:HexaLevel"],"picked":"hexamod:EmpoweringStance","floor":16},{"not_picked":["hexamod:HeatShield+1","hexamod:AdvancingGuard"],"picked":"hexamod:FourthSeal","floor":19},{"not_picked":["hexamod:ThermalTransfer","hexamod:NightmareGuise"],"picked":"hexamod:RadiantFlame+1","floor":20},{"not_picked":["hexamod:EtherealExpedition","hexamod:SoulSteal"],"picked":"hexamod:TimeOfNeed","floor":21},{"not_picked":["hexamod:Firestarter","hexamod:HauntingEcho+1"],"picked":"hexamod:NecessarySacrifice","floor":22},{"not_picked":["hexamod:CatchUp+1","hexamod:GhostShield","hexamod:NightmareGuise"],"picked":"SKIP","floor":23},{"not_picked":["hexamod:ShieldOfDarkness","hexamod:RainOfEmbers","hexamod:Haunt+1"],"picked":"SKIP","floor":28},{"not_picked":["hexamod:ThermalTransfer","hexamod:InspiringFlames"],"picked":"hexamod:PowerFromBeyond","floor":29},{"not_picked":["hexamod:EtherealExpedition","hexamod:ShieldOfDarkness"],"picked":"hexamod:AdvancingGuard","floor":30},{"not_picked":["hexamod:SuperheatedStrike","hexamod:SwordOfDarkness"],"picked":"hexamod:Rewind","floor":32},{"not_picked":["hexamod:GiftsFromTheDead","hexamod:ParanormalForm"],"picked":"hexamod:TimeWarp","floor":33},{"not_picked":["hexamod:Firestarter","hexamod:GhostLash"],"picked":"hexamod:SpectersWail","floor":36},{"not_picked":["hexamod:RainOfEmbers","hexamod:PhantomCloak+1"],"picked":"hexamod:StepThrough","floor":39},{"not_picked":["hexamod:InspiringFlames+1","hexamod:GhostShield","hexamod:NightmareStrike+1"],"picked":"SKIP","floor":40},{"not_picked":["hexamod:FastForward+1","hexamod:BurningTouch+1","hexamod:BacktrackSmack"],"picked":"SKIP","floor":43},{"not_picked":["hexamod:GhostOfSpirePast+1","hexamod:ChargedBarrage+1"],"picked":"hexamod:ThirdSeal","floor":44},{"not_picked":["hexamod:Firestarter","hexamod:TimeOfNeed"],"picked":"hexamod:GhostOfSpirePresent","floor":45},{"not_picked":["hexamod:BacktrackSmack+1","hexamod:HauntingEcho"],"picked":"hexamod:ThirdSeal","floor":47},{"not_picked":["hexamod:HeatMetal","hexamod:HauntingEcho+1","hexamod:PowerFromBeyond"],"picked":"SKIP","floor":47},{"not_picked":["hexamod:GhostLash+1","hexamod:Firestarter"],"picked":"hexamod:GhostOfSpireFuture+1","floor":48},{"not_picked":["hexamod:PowerFromBeyond+1","hexamod:NecessarySacrifice","hexamod:Firestarter"],"picked":"SKIP","floor":48},{"not_picked":["hexamod:Rewind","hexamod:SpectersWail","hexamod:SwordOfDarkness+1"],"picked":"SKIP","floor":48},{"not_picked":["hexamod:InspiringFlames","hexamod:NightmareStrike"],"picked":"hexamod:SecondSeal","floor":49},{"not_picked":["hexamod:AdvancingGuard","hexamod:BurningTouch+1","hexamod:FastForward"],"picked":"SKIP","floor":49},{"not_picked":["hexamod:PhantomCloak","hexamod:Rewind","hexamod:Hexaguard"],"picked":"SKIP","floor":49}],"player_experience":1129627,"relics_obtained":[{"floor":2,"key":"Torii"},{"floor":4,"key":"PreservedInsect"},{"floor":7,"key":"Matryoshka"},{"floor":9,"key":"FossilizedHelix"},{"floor":19,"key":"downfall:CloakOfManyFaces"},{"floor":21,"key":"Meat on the Bone"},{"floor":24,"key":"Strawberry"},{"floor":26,"key":"hubris:DeckOfHolding"},{"floor":26,"key":"Shuriken"},{"floor":39,"key":"hubris:PeanutButter"},{"floor":41,"key":"Orichalcum"},{"floor":44,"key":"Happy Flower"}],"event_choices":[],"is_beta":false,"boss_relics":[{"not_picked":["hubris:Stopwatch","Ectoplasm"],"picked":"Philosopher\u0027s Stone"},{"not_picked":["Snecko Eye","Runic Pyramid","Runic Dome"]}],"items_purged_floors":[23,45],"is_endless":false,"potions_floor_spawned":[2,11,13,15,20,21,30,33,43,44,47],"ascension_level":5}}