{"host":"63o2iqaaus9jfjk5","time":1608514134,"event":{"mods":["AchievementEnabler","BaseMod","Better Altar","Better Match","Better Note","Better Sensory Stone","Better Skull","Better Third Choice","Better-Laid Plans","Displayed Cursed Tome","Downfall","Minty Spire (QoL Compilation)","RNG Fix","Replay The Spire","StSLib"],"gold_per_floor":[118,78,92,92,106,106,434,454,454,454,470,19,72,92,92,191,191,206,206,206,31,42,42,85,111,135,135,159,268,292,310,310,424,451,470,495,504,504,720,720,744,803,829,829,858,883,883,883],"floor_reached":47,"playtime":4484,"items_purged":[],"score":522,"play_id":"3697e9a5-87fd-496e-83f4-c1bd7771a155","local_time":"20201220192854","is_ascension_mode":false,"campfire_choices":[{"floor":6,"key":"REST"},{"floor":10,"key":"REST"},{"floor":15,"key":"REST"},{"floor":23,"key":"REST"},{"floor":27,"key":"REST"},{"floor":32,"key":"REST"},{"data":"expansioncontent:StudyTheSpire","floor":40,"key":"SMITH"},{"floor":44,"key":"DIG"}],"circlet_count":0,"master_deck":["Strike_G","Strike_G","Strike_G","Defend_G","Defend_G","Defend_G+1","Defend_G","Survivor","Neutralize+1","Slice","Underhanded Strike","Fluid Movement","Bouncing Flask+1","ReplayTheSpireMod:Tripwire","Distraction","Noxious Fumes","Adrenaline","Blade Dance","Infernal Blade+1","Well Laid Plans","Prepared","Catalyst+1","Caltrops","Toxin Wave","Flying Knee","Quick Slash+1","expansioncontent:Torchfire","expansioncontent:StudyTheSpire+1","Atom Bomb","Replay:Poison Smokescreen+1","ReplayTheSpireMod:From All Sides+1","Cloak And Dagger+1","Dodge and Roll+1","Outmaneuver","Hallucinations","ReplayTheSpireMod:The Works+1","Deflect+1","Acrobatics+1","Accuracy","Sucker Punch"],"relics":["Ring of the Snake","betterThird:SlimedRelic","Old Coin","Replay:Rubber Ducky","Toy Ornithopter","TheAbacus","Bag of Marbles","Busted Crown","ReplayTheSpireMod:CursedCoin","CeramicFish","ReplayFunnel","Akabeko","ReplayTheSpireMod:Lightbulb","Counterbalance","Question Card","Astrolabe","Ring of Chaos","Ring of Hypnosis","Shovel","War Paint","Boot"],"acts_visited":["Exordium","TheCity","TheBeyond"],"potions_floor_usage":[7,16,16,16,24,29,33,42,45,47],"damage_taken":[{"damage":3,"enemies":"Jaw Worm","floor":1,"turns":4},{"damage":1,"enemies":"Cultist","floor":3,"turns":4},{"damage":0,"enemies":"Small Slimes","floor":5,"turns":4},{"damage":46,"enemies":"3 Sentries","floor":7,"turns":19},{"damage":2,"enemies":"Red Slaver","floor":8,"turns":4},{"damage":3,"enemies":"Exordium Wildlife","floor":11,"turns":6},{"damage":0,"enemies":"Looter","floor":14,"turns":2},{"damage":5,"enemies":"The Guardian","floor":16,"turns":11},{"damage":0,"enemies":"Shell Parasite","floor":18,"turns":5},{"damage":20,"enemies":"2 Thieves","floor":22,"turns":5},{"damage":9,"enemies":"Slavers","floor":24,"turns":6},{"damage":14,"enemies":"Snecko","floor":25,"turns":5},{"damage":3,"enemies":"Snake Plant","floor":28,"turns":5},{"damage":13,"enemies":"Colosseum Slavers","floor":29,"turns":3},{"damage":17,"enemies":"Colosseum Nobs","floor":29,"turns":5},{"damage":17,"enemies":"3 Cultists","floor":30,"turns":5},{"damage":21,"enemies":"Champ","floor":33,"turns":10},{"damage":0,"enemies":"Orb Walker","floor":35,"turns":1},{"damage":9,"enemies":"3 Shapes","floor":36,"turns":4},{"damage":0,"enemies":"Maw","floor":41,"turns":6},{"damage":4,"enemies":"Mind Bloom Boss Battle","floor":42,"turns":5},{"damage":3,"enemies":"Transient","floor":45,"turns":5},{"damage":73,"enemies":"4 Shapes","floor":46,"turns":5},{"damage":6,"enemies":"3 Darklings","floor":47,"turns":2}],"seed_played":"-7970652146358774","potions_obtained":[{"floor":1,"key":"AttackPotion"},{"floor":3,"key":"ColorlessPotion"},{"floor":5,"key":"FearPotion"},{"floor":11,"key":"Cursed Concoction"},{"floor":16,"key":"SpeedPotion"},{"floor":18,"key":"Dexterity Potion"},{"floor":22,"key":"AttackPotion"},{"floor":30,"key":"Regen Potion"},{"floor":33,"key":"Strength Potion"},{"floor":35,"key":"LifebloodPotion"},{"floor":42,"key":"Fruit Juice"},{"floor":46,"key":"Block Potion"}],"is_trial":false,"path_per_floor":["M","?","M","?","M","R","E","M","T","R","M","$","?","M","R","B",null,"M","?","?","$","M","R","E","M","T","R","M","?","M","?","R","B",null,"M","M","?","?","?","R","M","?","T","R","M","M","M"],"character_chosen":"THE_SILENT","items_purchased":["Toy Ornithopter","TheAbacus","Bag of Marbles","ReplayTheSpireMod:CursedCoin","CeramicFish","ReplayFunnel","Well Laid Plans"],"campfire_rested":6,"item_purchase_floors":[12,12,12,21,21,21,21],"current_hp_per_floor":[72,61,60,60,60,75,29,27,27,49,46,46,46,46,68,70,75,75,75,75,75,55,75,66,52,52,74,71,46,29,29,51,50,75,75,66,66,66,66,66,66,72,72,72,74,1,0,0],"gold":883,"neow_bonus":"RANDOM_EVENT","is_daily":false,"chose_seed":false,"campfire_upgraded":1,"win_rate":0.0,"timestamp":1608514134,"path_taken":["M","?","M","?","M","R","E","M","T","R","M","?","?","M","R","BOSS","M","?","?","?","M","R","E","M","T","R","?","?","?","?","R","BOSS","M","M","?","?","?","R","?","?","T","R","M","M","M"],"items_purchased_type":["Relic","Relic","Relic","Relic","Relic","Relic","Card"],"build_version":"2020-12-13","purchased_purges":0,"victory":false,"max_hp_per_floor":[75,75,75,75,75,75,75,75,75,75,75,75,75,75,75,75,75,75,75,75,75,75,75,75,75,75,75,75,75,75,75,75,75,75,75,75,75,75,75,75,75,80,80,80,80,80,80,80],"card_choices":[{"not_picked":["Caltrops","Outmaneuver"],"picked":"Slice","floor":1},{"not_picked":["PiercingWail","Masterful Stab"],"picked":"Underhanded Strike","floor":3},{"not_picked":["Deadly Poison","PiercingWail"],"picked":"Fluid Movement","floor":5},{"not_picked":["Bane","All Out Attack"],"picked":"Bouncing Flask","floor":7},{"not_picked":["Poisoned Stab","Venomology"],"picked":"ReplayTheSpireMod:Tripwire","floor":8},{"not_picked":["Bane","Leg Sweep"],"picked":"Distraction","floor":11},{"not_picked":["Well Laid Plans","ReplayTheSpireMod:Tripwire"],"picked":"Noxious Fumes","floor":14},{"not_picked":["Glass Knife","Phantasmal Killer"],"picked":"Adrenaline","floor":16},{"not_picked":[],"picked":"Blade Dance","floor":18},{"not_picked":[],"picked":"Prepared","floor":22},{"not_picked":[],"picked":"Catalyst+1","floor":24},{"not_picked":[],"picked":"Caltrops","floor":25},{"not_picked":[],"picked":"Toxin Wave","floor":28},{"not_picked":[],"picked":"Flying Knee","floor":29},{"not_picked":["Underhanded Strike"],"picked":"Quick Slash+1","floor":30},{"not_picked":["Discovery"],"picked":"expansioncontent:Torchfire","floor":31},{"not_picked":["The Bomb"],"picked":"expansioncontent:StudyTheSpire","floor":31},{"not_picked":["ReplayTheSpireMod:From All Sides"],"picked":"Atom Bomb","floor":33},{"not_picked":["Finisher"],"picked":"Dodge and Roll+1","floor":35},{"not_picked":["Expertise"],"picked":"Outmaneuver","floor":36},{"not_picked":["Deflect"],"picked":"ReplayTheSpireMod:The Works+1","floor":39},{"not_picked":["Backstab"],"picked":"Deflect+1","floor":41},{"not_picked":["Backflip"],"picked":"Acrobatics+1","floor":42},{"not_picked":["Tactician+1"],"picked":"Accuracy","floor":45},{"not_picked":["Sneak Up+1"],"picked":"Sucker Punch","floor":46}],"player_experience":93550,"relics_obtained":[{"floor":7,"key":"Old Coin"},{"floor":9,"key":"Replay:Rubber Ducky"},{"floor":24,"key":"Akabeko"},{"floor":26,"key":"ReplayTheSpireMod:Lightbulb"},{"floor":29,"key":"Counterbalance"},{"floor":29,"key":"Question Card"},{"floor":37,"key":"Ring of Chaos"},{"floor":37,"key":"Ring of Hypnosis"},{"floor":42,"key":"Shovel"},{"floor":43,"key":"War Paint"},{"floor":44,"key":"Boot"}],"event_choices":[{"damage_healed":0,"gold_gain":0,"player_choice":"Donut","damage_taken":0,"max_hp_gain":5,"max_hp_loss":0,"event_name":"Big Fish","floor":0,"gold_loss":0},{"damage_healed":0,"gold_gain":0,"player_choice":"Slimed","damage_taken":11,"max_hp_gain":0,"max_hp_loss":0,"event_name":"betterThird:BetterGoop","floor":2,"gold_loss":40},{"damage_healed":0,"gold_gain":0,"player_choice":"Grow","damage_taken":0,"max_hp_gain":0,"max_hp_loss":0,"event_name":"Living Wall","floor":4,"gold_loss":0,"cards_upgraded":["Neutralize"]},{"damage_healed":0,"gold_gain":53,"player_choice":"Gained Gold","damage_taken":0,"max_hp_gain":0,"max_hp_loss":0,"event_name":"Golden Wing","floor":13,"gold_loss":0},{"cards_removed":["Noxious Fumes"],"damage_healed":0,"gold_gain":0,"player_choice":"Take \u0026 Give","damage_taken":0,"max_hp_gain":0,"max_hp_loss":0,"event_name":"betterNote:BetterNote","floor":19,"gold_loss":0,"cards_obtained":["Infernal Blade"]},{"damage_healed":0,"gold_gain":0,"player_choice":"Ignored","damage_taken":0,"max_hp_gain":0,"max_hp_loss":0,"event_name":"Vampires","floor":20,"gold_loss":0},{"damage_healed":0,"gold_gain":0,"player_choice":"Fight","damage_taken":0,"max_hp_gain":0,"max_hp_loss":0,"event_name":"Colosseum","floor":29,"gold_loss":0},{"damage_healed":0,"gold_gain":0,"player_choice":"Fought Nobs","damage_taken":0,"max_hp_gain":0,"max_hp_loss":0,"event_name":"Colosseum","floor":29,"gold_loss":0},{"damage_healed":0,"gold_gain":2,"player_choice":"1","damage_taken":0,"max_hp_gain":0,"max_hp_loss":0,"event_name":"betterStone:BetterStone","floor":31,"gold_loss":0},{"cards_removed":["Guardian:Aged"],"damage_healed":0,"gold_gain":0,"player_choice":"Card Removal","damage_taken":0,"max_hp_gain":0,"max_hp_loss":0,"event_name":"Wheel of Change","floor":38,"gold_loss":0},{"damage_healed":0,"gold_gain":0,"player_choice":"Fight","damage_taken":0,"max_hp_gain":0,"max_hp_loss":0,"event_name":"MindBloom","floor":42,"gold_loss":0}],"is_beta":false,"boss_relics":[{"not_picked":["Sozu","Coffee Dripper"],"picked":"Busted Crown"},{"not_picked":["Cursed Key","Replay:Bronze Core"],"picked":"Astrolabe"}],"items_purged_floors":[],"is_endless":false,"potions_floor_spawned":[1,3,5,11,16,18,22,29,30,33,35,42,46],"killed_by":"3 Darklings","ascension_level":0}}