{"host":"k010f1crm27ngy21","time":1608533570,"event":{"mods":["Aspiration","Bard","BaseMod","Colored Powertips","Downfall","Minty Spire (QoL Compilation)","Red Circlet Mod","Relic Stats","Replay The Spire","Shop Mod","Spicy Shops","StSLib","The Cursed","The Hierophant","The Runesmith","The Servant 0.9.4","vexMod"],"gold_per_floor":[144,180,210,210,210,267,267,368,422,481,555,134,134,180,180,508,508,541,90,90,18,70,79,144,144,144,13,13,59,59,108,108,445,445,500,284,309,0,2,2,2,2,52,52,228,228,69,124,124,446,1112,1161,1147,1156,706,765,765,539,539,539,539,323,447,447,557,557,881,881,940,940,999,583,583,898,1098,955,1074,989,989,447,129,184,193,544,544,583,583,1600,1681,1339,1339,1339,920,1026,669,669,742,742,829,829,1190,1190,1190],"floor_reached":102,"playtime":4442,"items_purged":["Bane","Shame","Bouncing Flask","Pride","Normality"],"score":2546,"play_id":"a9ad0eb9-5d54-40d1-8264-a4f32484160b","local_time":"20201221145250","daily_mods":["SealedDeck","Vintage","Heirloom","Flight","downfall:Lament","Midas"],"is_ascension_mode":false,"campfire_choices":[{"floor":13,"key":"REST"},{"floor":15,"key":"REST"},{"floor":25,"key":"REST"},{"floor":30,"key":"REST"},{"floor":32,"key":"REST"},{"floor":40,"key":"REST"},{"floor":44,"key":"REST"},{"floor":49,"key":"DIG"},{"floor":66,"key":"REST"},{"floor":79,"key":"REST"},{"data":"Normality","floor":91,"key":"PURGE"},{"floor":100,"key":"REST"}],"circlet_count":1,"master_deck":["Outmaneuver+1","Dagger Spray+1","Outmaneuver","Dagger Spray+1","Backflip+1","Poisoned Stab","Catalyst+1","Deadly Poison+1","Setup+1","ReplayTheSpireMod:The Works","Blade Dance+1","Infinite Blades+1","Poisoned Strike+1","Envenom+1","Replay:SS_hec_2","Envenom+1","Replay:Bag of Tricks+1","Noxious Fumes+1","Replay:Poison Smokescreen+1","Phantasmal Killer+1","After Image+1","Catalyst+1","Venomology+1"],"relics":["Ring of the Snake","Ring of Chaos","NeowsBlessing","Incense Burner","NeowsBlessing","aspiration:FetidBarrel","ReplayTheSpireMod:Lightbulb","Replay:Ringing Soul","Golden Idol","Peace Pipe","CeramicFish","Odd Mushroom","MerchantsRug","Gremlin Food","Blue Candle","PreservedInsect","Strange Spoon","Oddly Smooth Stone","Guardian:PocketSentry","ReplayTheSpireMod:Ring of Collecting","Ring of Peace","Toy Ornithopter","Bottled Flame","Ring of Fury","Ninja Scroll","The Specimen","MealTicket","Lantern","Snake Skull","Membership Card","vexMod:Spyglass","vexMod:MemoryStick","Centennial Puzzle","Garlic","Replay:WaspNest","Toolbox","Divine Protection","ReplayTheSpireMod:Ring of Exchange","Bag of Preparation","Pocketwatch","Mummified Hand","Strawberry","StrikeDummy","aspiration:Lifesprig","vexMod:RockOfEvil","Ring of Chaos","NeowsBlessing","Toxic Egg 2","vexMod:InvisibilityCloak","aspiration:ArtOfWarUpgrade","aspiration:StickyExplosives_weak","Replay:Baseball","Singing Bowl","Lee\u0027s Waffle","Bottled Tornado","ReplayTheSpireMod:CursedCoin","Matryoshka","vexMod:FocusSash","ReplayTheSpireMod:Shallot","Medical Kit","Spirit Poop","aspiration:VileToxins","aspiration:ChemicalBlood","OrangePellets","ReplayFunnel","sneckomod:BlankCard","Circlet","Pen Nib","Happy Flower","TwistedFunnel","Bronze Scales","ClockworkSouvenir","Replay:Bottled Flurry","Replay:Mystery Machine","Replay:Wax Seal","Replay:Bandana","vexMod:Cooldron","Mirror","Pantograph","Chemical X","Ancient Tea Set","Nunchaku","TheAbacus","Darkstone Periapt","ReplayTheSpireMod:Ninjato","ReplayTheSpireMod:TigerMarble","Akabeko","ChewingGum","Shuriken","Ring of Hypnosis","Unceasing Top","Kunai","aspiration:Nostalgia","Burning Blood","Gremlin Horn","Torii","Juzu Bracelet","Bag of Marbles","Paper Crane","Anchor","Frozen Egg 2","Ring of Fangs","Eternal Feather","White Beast Statue","Runic Dome","Ring of Chaos","NeowsBlessing"],"acts_visited":["Exordium","TheCity","TheBeyond","Exordium","TheCity","TheBeyond","Exordium"],"potions_floor_usage":[8,8,11,16,16,16,33,45,48,48,50,50,82,84,84,84,84,84,84,84,84,84,84,84,84,84,84,84,84,84,84,84,94,94,94,94,94,94,94,94,94,97,97,97,101,101,101,101,101,101],"damage_taken":[{"damage":0,"enemies":"Small Slimes","floor":1,"turns":1},{"damage":0,"enemies":"Jaw Worm","floor":2,"turns":1},{"damage":0,"enemies":"Cultist","floor":3,"turns":1},{"damage":0,"enemies":"3 Louse","floor":6,"turns":1},{"damage":5,"enemies":"3 Sentries","floor":8,"turns":4},{"damage":1,"enemies":"2 Fungi Beasts","floor":10,"turns":2},{"damage":18,"enemies":"The Mushroom Lair","floor":11,"turns":3},{"damage":12,"enemies":"Blue Slaver","floor":14,"turns":2},{"damage":2,"enemies":"Fading Forest","floor":16,"turns":11},{"damage":10,"enemies":"Chosen","floor":18,"turns":3},{"damage":2,"enemies":"3 Byrds","floor":22,"turns":3},{"damage":0,"enemies":"Snecko","floor":24,"turns":4},{"damage":0,"enemies":"Centurion and Healer","floor":29,"turns":3},{"damage":3,"enemies":"Cultist and Chosen","floor":31,"turns":3},{"damage":0,"enemies":"Champ","floor":33,"turns":5},{"damage":0,"enemies":"Orb Walker","floor":35,"turns":2},{"damage":5,"enemies":"2 Orb Walkers","floor":45,"turns":3},{"damage":0,"enemies":"3 Darklings","floor":48,"turns":3},{"damage":15,"enemies":"Awakened One","floor":50,"turns":6},{"damage":0,"enemies":"Small Slimes","floor":52,"turns":1},{"damage":0,"enemies":"Cultist","floor":56,"turns":1},{"damage":0,"enemies":"Lagavulin Event","floor":63,"turns":1},{"damage":0,"enemies":"Gremlin Nob","floor":65,"turns":1},{"damage":42,"enemies":"Hexaghost","floor":67,"turns":3},{"damage":0,"enemies":"3 Byrds","floor":69,"turns":1},{"damage":0,"enemies":"Spheric Guardian","floor":71,"turns":1},{"damage":0,"enemies":"Book of Stabbing","floor":77,"turns":2},{"damage":0,"enemies":"Snecko","floor":82,"turns":1},{"damage":0,"enemies":"Collector","floor":84,"turns":2},{"damage":0,"enemies":"3 Shapes","floor":86,"turns":1},{"damage":0,"enemies":"R_Hoarder","floor":94,"turns":2},{"damage":0,"enemies":"Orb Walker","floor":97,"turns":1},{"damage":0,"enemies":"Spire Growth","floor":99,"turns":1},{"damage":0,"enemies":"Donu and Deca","floor":101,"turns":2}],"seed_played":"-5492386671384897551","potions_obtained":[{"floor":1,"key":"champ:CounterPotion"},{"floor":6,"key":"EssenceOfSteel"},{"floor":8,"key":"Venom Potion"},{"floor":14,"key":"DuplicationPotion"},{"floor":24,"key":"Adrenaline Potion"},{"floor":33,"key":"LifebloodPotion"},{"floor":35,"key":"Poison Potion"},{"floor":45,"key":"Adrenaline Potion"},{"floor":56,"key":"Fire Potion"},{"floor":71,"key":"Toxic Potion"},{"floor":94,"key":"EntropicBrew"},{"floor":101,"key":"EntropicBrew"}],"is_trial":true,"path_per_floor":["M","M","M","?","?","M","?","E","T","M","?","$","R","M","R","B",null,"M","$","?","$","M","?","M","R","T","$","?","M","R","M","R","B",null,"M","$","T","$","$","R","T","?","T","R","?","?","$","M","R","B",null,"M","$","?","$","M","R","$","?","T","R","$","?","?","E","R","B",null,"M","?","M","$","T","?","?","$","E","?","R","$","$","M","R","B",null,"M","?","?","T","$","R","?","$","E","$","T","M","?","M","R","B",null],"character_chosen":"THE_SILENT","items_purchased":["BargainBundle","Bouncing Flask","Blade Dance","Infinite Blades","MerchantsRug","Poisoned Strike","Adrenaline Potion","PowerPotion","LiquidMemories","Dagger Spray","Gremlin Food","Strange Spoon","Oddly Smooth Stone","Guardian:PocketSentry","Guide Book","The Specimen","DollysMirror","Membership Card","vexMod:Spyglass","aspiration:Nostalgia","Guardian:BottledAnomaly","Centennial Puzzle","Garlic","Replay:WaspNest","Toolbox","Mummified Hand","Strawberry","Noxious Fumes","aspiration:HiddenCompartment","Toxic Egg 2","Art of War","aspiration:StickyExplosives_weak","Replay:Baseball","Singing Bowl","Lee\u0027s Waffle","ReplayTheSpireMod:CursedCoin","Matryoshka","vexMod:FocusSash","ReplayTheSpireMod:Shallot","Medical Kit","OrangePellets","ReplayFunnel","Happy Flower","TwistedFunnel","Potion Belt","Bronze Scales","ClockworkSouvenir","Replay:Bottled Flurry","Replay:Bandana","vexMod:Cooldron","Pantograph","Chemical X","Ancient Tea Set","Nunchaku","TheAbacus","EntropicBrew","EntropicBrew","EntropicBrew","EntropicBrew","Catalyst+1","Darkstone Periapt","ReplayTheSpireMod:Ninjato","Venomology+1","Unceasing Top","EntropicBrew","EntropicBrew","Kunai","aspiration:Nostalgia","Gremlin Horn","Torii","Juzu Bracelet","Bag of Marbles","Paper Crane","Anchor"],"campfire_rested":10,"item_purchase_floors":[12,12,12,12,12,12,12,12,12,12,12,19,19,19,21,27,27,36,36,38,38,38,38,38,39,47,47,47,53,53,55,55,55,55,55,58,58,58,58,58,62,62,72,72,72,72,72,72,76,76,80,80,80,80,80,80,80,80,80,80,81,81,81,90,90,90,93,93,93,93,95,95,95,95],"current_hp_per_floor":[70,70,70,70,70,70,53,51,51,50,35,38,61,49,72,73,82,72,72,72,72,70,73,73,85,85,88,88,88,88,85,88,91,91,91,91,91,91,91,91,91,91,91,91,86,91,101,101,101,86,101,101,101,104,111,111,111,114,114,114,114,114,117,88,91,120,81,123,123,123,123,126,126,101,101,116,118,118,134,137,140,140,149,151,151,151,151,166,166,166,166,166,166,168,168,168,168,164,170,174,176,176,176],"gold":1190,"neow_bonus":"","is_daily":false,"chose_seed":false,"campfire_upgraded":0,"win_rate":0.0,"timestamp":1608533570,"path_taken":["M","M","M","?","?","?","?","E","T","M","?","?","R","?","R","BOSS","M","$","?","?","?","?","M","R","T","?","?","?","R","?","R","BOSS","M","$","?","$","$","R","?","?","T","R","?","?","?","?","R","BOSS","M","$","?","$","M","R","$","?","T","R","?","?","?","E","R","BOSS","M","?","M","$","?","?","?","?","E","?","R","$","$","?","R","BOSS","M","?","?","?","$","R","?","?","E","$","?","M","?","M","R","BOSS"],"items_purchased_type":["Relic","Card","Card","Card","Relic","Card","Potion","Potion","Potion","Card","Relic","Relic","Relic","Relic","Relic","Relic","Relic","Relic","Relic","Relic","Relic","Relic","Relic","Relic","Relic","Relic","Relic","Card","Relic","Relic","Relic","Relic","Relic","Relic","Relic","Relic","Relic","Relic","Relic","Relic","Relic","Relic","Relic","Relic","Relic","Relic","Relic","Relic","Relic","Relic","Relic","Relic","Relic","Relic","Relic","Potion","Potion","Potion","Potion","Card","Relic","Relic","Card","Relic","Potion","Potion","Relic","Relic","Relic","Relic","Relic","Relic","Relic","Relic"],"build_version":"2020-12-13","purchased_purges":5,"victory":false,"max_hp_per_floor":[70,70,70,70,70,70,70,73,73,73,76,79,79,79,79,82,82,82,82,82,82,82,85,85,85,85,88,88,88,88,88,88,91,91,91,91,91,91,91,91,91,91,91,91,91,91,101,101,101,101,101,101,101,104,111,111,111,114,114,114,114,114,117,117,120,120,123,123,123,123,123,126,126,132,132,132,134,134,134,137,140,140,149,151,151,151,151,166,166,166,166,166,166,168,168,168,168,174,174,174,176,176,176],"relic_stats":{"Darkstone Periapt":18,"Singing Bowl":20,"Gremlin Horn":[1,1],"Torii":0,"CeramicFish":198,"Snake Skull":[407],"Bag of Preparation":[0],"Juzu Bracelet":0,"Burning Blood":6,"Centennial Puzzle":[9],"Nunchaku":[7],"TheAbacus":[12],"Mummified Hand":[58],"Pantograph":0,"MealTicket":15,"Chemical X":[1],"Kunai":[16],"Ring of the Snake":[50],"Lee\u0027s Waffle":7,"Happy Flower":[4],"counters":[34,82],"Golden Idol":300,"Blue Candle":[4],"Eternal Feather":4,"PreservedInsect":247,"Pen Nib":[8],"Medical Kit":[0],"Peace Pipe":1,"Strange Spoon":[105],"OrangePellets":[5],"Shuriken":[16],"Bronze Scales":[6],"obtain_stats":[{"TwistedFunnel":72,"vexMod:MemoryStick":37,"Spirit Poop":59,"Bottled Tornado":56,"vexMod:RockOfEvil":51,"Boot":52,"Replay:Ringing Soul":6,"vexMod:InvisibilityCloak":54,"MealTicket":29,"Replay:Bottled Flurry":72,"Kunai":93,"Replay:Wax Seal":73,"MerchantsRug":12,"Blue Candle":14,"Tingsha":10,"Eternal Feather":97,"Pen Nib":69,"Guardian:PocketSentry":19,"Paper Crane":95,"Akabeko":83,"Runic Dome":102,"ReplayTheSpireMod:Ring of Collecting":20,"StrikeDummy":48,"Unceasing Top":90,"Lantern":31,"aspiration:Lifesprig":49,"Singing Bowl":55,"Torii":93,"sneckomod:BlankCard":63,"Bag of Preparation":43,"Ancient Tea Set":80,"Pet Ghost":71,"Burning Blood":93,"Matryoshka":58,"Ring of Fangs":96,"Ninja Scroll":26,"Replay:M_SmolderingBlood":38,"Ring of Peace":20,"Toolbox":39,"Chemical X":80,"Guardian:BottledAnomaly":38,"Ring of the Snake":0,"aspiration:ChemicalBlood":60,"aspiration:VileToxins":60,"Potion Belt":72,"Lee\u0027s Waffle":55,"NeowsBlessing":0,"The Specimen":27,"Golden Idol":7,"Circlet":64,"PreservedInsect":18,"Frozen Egg 2":96,"Garlic":38,"Art of War":55,"ReplayTheSpireMod:Lightbulb":3,"Toy Ornithopter":22,"Divine Protection":41,"Gremlin Horn":93,"CeramicFish":9,"Centennial Puzzle":38,"DollysMirror":27,"Strawberry":47,"aspiration:ArtOfWarUpgrade":61,"Toxic Egg 2":53,"Happy Flower":72,"Ring of Hypnosis":89,"aspiration:Nostalgia":38,"ReplayTheSpireMod:CursedCoin":58,"Oddly Smooth Stone":19,"Ring of Chaos":0,"aspiration:SeaSaltIceCream":1,"aspiration:HiddenCompartment":53,"OrangePellets":62,"Bottled Flame":24,"Replay:Baseball":55,"vexMod:Cooldron":76,"ReplayTheSpireMod:Shallot":58,"Shuriken":89,"Bronze Scales":72,"Black Star":34,"ReplayTheSpireMod:TigerMarble":82,"Mirror":78,"Pocketwatch":45,"ReplayFunnel":62,"Darkstone Periapt":81,"ReplayTheSpireMod:Ring of Exchange":41,"Snake Skull":35,"Incense Burner":0,"Juzu Bracelet":95,"Replay:Mystery Machine":73,"vexMod:Spyglass":36,"aspiration:StickyExplosives_weak":55,"ClockworkSouvenir":72,"Replay:Bandana":76,"Nunchaku":80,"TheAbacus":80,"Mummified Hand":47,"Pantograph":80,"Gremlin Food":12,"BargainBundle":12,"ReplayTheSpireMod:Ninjato":81,"aspiration:FetidBarrel":2,"Guide Book":21,"Replay:WaspNest":38,"vexMod:FocusSash":58,"Odd Mushroom":11,"Medical Kit":58,"White Beast Statue":99,"Peace Pipe":8,"Strange Spoon":19,"Anchor":95,"Runesmith:UraniumAnvil":17,"Ring of Fury":26,"ChewingGum":85,"Bag of Marbles":95,"Membership Card":36},{"TwistedFunnel":26,"vexMod:MemoryStick":16,"Spirit Poop":21,"Bottled Tornado":21,"vexMod:RockOfEvil":19,"Boot":20,"Replay:Ringing Soul":4,"vexMod:InvisibilityCloak":20,"MealTicket":13,"Replay:Bottled Flurry":26,"Kunai":30,"Replay:Wax Seal":26,"MerchantsRug":7,"Blue Candle":8,"Tingsha":6,"Eternal Feather":32,"Pen Nib":25,"Guardian:PocketSentry":10,"Paper Crane":31,"Akabeko":28,"Runic Dome":34,"ReplayTheSpireMod:Ring of Collecting":10,"StrikeDummy":18,"Unceasing Top":30,"Lantern":14,"aspiration:Lifesprig":18,"Singing Bowl":20,"Torii":30,"sneckomod:BlankCard":21,"Bag of Preparation":16,"Ancient Tea Set":27,"Pet Ghost":26,"Burning Blood":30,"Matryoshka":21,"Ring of Fangs":31,"Ninja Scroll":12,"Replay:M_SmolderingBlood":16,"Ring of Peace":10,"Toolbox":16,"Chemical X":27,"Guardian:BottledAnomaly":16,"Ring of the Snake":0,"aspiration:ChemicalBlood":21,"aspiration:VileToxins":21,"Potion Belt":26,"Lee\u0027s Waffle":20,"NeowsBlessing":0,"The Specimen":12,"Golden Idol":4,"Circlet":22,"PreservedInsect":10,"Frozen Egg 2":31,"Garlic":16,"Art of War":20,"ReplayTheSpireMod:Lightbulb":3,"Toy Ornithopter":11,"Divine Protection":16,"Gremlin Horn":30,"CeramicFish":5,"Centennial Puzzle":16,"DollysMirror":12,"Strawberry":17,"aspiration:ArtOfWarUpgrade":21,"Toxic Egg 2":20,"Happy Flower":26,"Ring of Hypnosis":30,"aspiration:Nostalgia":16,"ReplayTheSpireMod:CursedCoin":21,"Oddly Smooth Stone":10,"Ring of Chaos":0,"aspiration:SeaSaltIceCream":1,"aspiration:HiddenCompartment":20,"OrangePellets":21,"Bottled Flame":12,"Replay:Baseball":20,"vexMod:Cooldron":26,"ReplayTheSpireMod:Shallot":21,"Shuriken":30,"Bronze Scales":26,"Black Star":15,"ReplayTheSpireMod:TigerMarble":28,"Mirror":27,"Pocketwatch":17,"ReplayFunnel":21,"Darkstone Periapt":27,"ReplayTheSpireMod:Ring of Exchange":16,"Snake Skull":16,"Incense Burner":0,"Juzu Bracelet":31,"Replay:Mystery Machine":26,"vexMod:Spyglass":16,"aspiration:StickyExplosives_weak":20,"ClockworkSouvenir":26,"Replay:Bandana":26,"Nunchaku":27,"TheAbacus":27,"Mummified Hand":17,"Pantograph":27,"Gremlin Food":7,"BargainBundle":7,"ReplayTheSpireMod:Ninjato":27,"aspiration:FetidBarrel":2,"Guide Book":10,"Replay:WaspNest":16,"vexMod:FocusSash":21,"Odd Mushroom":7,"Medical Kit":21,"White Beast Statue":33,"Peace Pipe":5,"Strange Spoon":10,"Anchor":31,"Runesmith:UraniumAnvil":9,"Ring of Fury":12,"ChewingGum":29,"Bag of Marbles":31,"Membership Card":16},{"TwistedFunnel":70,"vexMod:MemoryStick":49,"Spirit Poop":63,"Bottled Tornado":63,"vexMod:RockOfEvil":61,"Boot":62,"Replay:Ringing Soul":4,"vexMod:InvisibilityCloak":62,"MealTicket":39,"Replay:Bottled Flurry":70,"Kunai":76,"Replay:Wax Seal":70,"MerchantsRug":13,"Blue Candle":15,"Tingsha":10,"Eternal Feather":79,"Pen Nib":69,"Guardian:PocketSentry":29,"Paper Crane":78,"Akabeko":73,"Runic Dome":82,"ReplayTheSpireMod:Ring of Collecting":29,"StrikeDummy":55,"Unceasing Top":76,"Lantern":42,"aspiration:Lifesprig":55,"Singing Bowl":62,"Torii":76,"sneckomod:BlankCard":63,"Bag of Preparation":49,"Ancient Tea Set":72,"Pet Ghost":70,"Burning Blood":76,"Matryoshka":63,"Ring of Fangs":78,"Ninja Scroll":36,"Replay:M_SmolderingBlood":49,"Ring of Peace":29,"Toolbox":49,"Chemical X":72,"Guardian:BottledAnomaly":49,"Ring of the Snake":0,"aspiration:ChemicalBlood":63,"aspiration:VileToxins":63,"Potion Belt":70,"Lee\u0027s Waffle":62,"NeowsBlessing":0,"The Specimen":36,"Golden Idol":4,"Circlet":64,"PreservedInsect":29,"Frozen Egg 2":78,"Garlic":49,"Art of War":62,"ReplayTheSpireMod:Lightbulb":3,"Toy Ornithopter":32,"Divine Protection":49,"Gremlin Horn":76,"CeramicFish":8,"Centennial Puzzle":49,"DollysMirror":36,"Strawberry":52,"aspiration:ArtOfWarUpgrade":63,"Toxic Egg 2":62,"Happy Flower":70,"Ring of Hypnosis":76,"aspiration:Nostalgia":49,"ReplayTheSpireMod:CursedCoin":63,"Oddly Smooth Stone":29,"Ring of Chaos":0,"aspiration:SeaSaltIceCream":1,"aspiration:HiddenCompartment":62,"OrangePellets":63,"Bottled Flame":36,"Replay:Baseball":62,"vexMod:Cooldron":70,"ReplayTheSpireMod:Shallot":63,"Shuriken":76,"Bronze Scales":70,"Black Star":47,"ReplayTheSpireMod:TigerMarble":73,"Mirror":72,"Pocketwatch":52,"ReplayFunnel":63,"Darkstone Periapt":72,"ReplayTheSpireMod:Ring of Exchange":49,"Snake Skull":49,"Incense Burner":0,"Juzu Bracelet":78,"Replay:Mystery Machine":70,"vexMod:Spyglass":49,"aspiration:StickyExplosives_weak":62,"ClockworkSouvenir":70,"Replay:Bandana":70,"Nunchaku":72,"TheAbacus":72,"Mummified Hand":52,"Pantograph":72,"Gremlin Food":13,"BargainBundle":13,"ReplayTheSpireMod:Ninjato":72,"aspiration:FetidBarrel":2,"Guide Book":29,"Replay:WaspNest":49,"vexMod:FocusSash":63,"Odd Mushroom":13,"Medical Kit":63,"White Beast Statue":80,"Peace Pipe":8,"Strange Spoon":29,"Anchor":78,"Runesmith:UraniumAnvil":26,"Ring of Fury":36,"ChewingGum":75,"Bag of Marbles":78,"Membership Card":49}],"Toy Ornithopter":0,"Unceasing Top":[3],"Pocketwatch":[0]},"card_choices":[{"not_picked":["Dagger Spray","Distraction"],"picked":"Setup","floor":8},{"not_picked":["Choke","Flechettes"],"picked":"ReplayTheSpireMod:The Works","floor":11},{"not_picked":["Wraith Form v2","Replay:Bag of Tricks"],"picked":"Envenom","floor":16},{"not_picked":["Burst","Doppelganger"],"picked":"Replay:Bag of Tricks","floor":33},{"not_picked":["Blur+1","Backflip+1"],"picked":"Replay:Poison Smokescreen+1","floor":63},{"not_picked":["Endless Agony","Dagger Spray"],"picked":"Phantasmal Killer+1","floor":65},{"not_picked":["Unload","Replay:Bag of Tricks+1"],"picked":"After Image","floor":67},{"not_picked":["Quick Slash","Blade Dance+1","Predator"],"picked":"Singing Bowl","floor":74},{"not_picked":["Cloak And Dagger+1","Acrobatics+1","Bane+1"],"picked":"Singing Bowl","floor":74},{"not_picked":["Sucker Punch","Deflect+1","Acrobatics+1"],"picked":"Singing Bowl","floor":74},{"not_picked":["Outmaneuver+1","Deadly Poison+1","Flying Knee"],"picked":"Singing Bowl","floor":77},{"not_picked":["Tools of the Trade","Doppelganger+1","Unload"],"picked":"Singing Bowl","floor":84},{"not_picked":["Cloak And Dagger+1","Skewer+1","Blade Dance+1"],"picked":"Singing Bowl","floor":94},{"not_picked":["expansioncontent:TimeRipple","expansioncontent:QuickStudy+1","expansioncontent:GuardianWhirl"],"picked":"Singing Bowl","floor":98},{"not_picked":["expansioncontent:StudyTheSpire+1","Mind Blast","Forethought+1"],"picked":"Singing Bowl","floor":98},{"not_picked":["expansioncontent:DecasProtection+1","Replay:SS_forest_6+1","Replay:Sssssssssstrike"],"picked":"Singing Bowl","floor":98},{"not_picked":["Replay:Bag of Tricks+1","ReplayTheSpireMod:From All Sides","Burst+1"],"picked":"Singing Bowl","floor":101}],"player_experience":128407,"relics_obtained":[{"floor":1,"key":"aspiration:SeaSaltIceCream"},{"floor":2,"key":"aspiration:FetidBarrel"},{"floor":3,"key":"ReplayTheSpireMod:Lightbulb"},{"floor":6,"key":"Replay:Ringing Soul"},{"floor":8,"key":"Peace Pipe"},{"floor":9,"key":"CeramicFish"},{"floor":10,"key":"Tingsha"},{"floor":11,"key":"Odd Mushroom"},{"floor":14,"key":"Blue Candle"},{"floor":18,"key":"PreservedInsect"},{"floor":20,"key":"ReplayTheSpireMod:Ring of Collecting"},{"floor":20,"key":"Ring of Peace"},{"floor":22,"key":"Toy Ornithopter"},{"floor":24,"key":"Bottled Flame"},{"floor":26,"key":"Ring of Fury"},{"floor":26,"key":"Ninja Scroll"},{"floor":29,"key":"MealTicket"},{"floor":31,"key":"Lantern"},{"floor":35,"key":"Snake Skull"},{"floor":37,"key":"vexMod:MemoryStick"},{"floor":41,"key":"Divine Protection"},{"floor":41,"key":"ReplayTheSpireMod:Ring of Exchange"},{"floor":43,"key":"Bag of Preparation"},{"floor":45,"key":"Pocketwatch"},{"floor":48,"key":"StrikeDummy"},{"floor":49,"key":"aspiration:Lifesprig"},{"floor":52,"key":"Boot"},{"floor":56,"key":"Bottled Tornado"},{"floor":60,"key":"aspiration:VileToxins"},{"floor":60,"key":"aspiration:ChemicalBlood"},{"floor":69,"key":"Pen Nib"},{"floor":71,"key":"Pet Ghost"},{"floor":73,"key":"Replay:Mystery Machine"},{"floor":73,"key":"Replay:Wax Seal"},{"floor":82,"key":"ReplayTheSpireMod:TigerMarble"},{"floor":89,"key":"Shuriken"},{"floor":89,"key":"Ring of Hypnosis"},{"floor":96,"key":"Frozen Egg 2"},{"floor":96,"key":"Ring of Fangs"},{"floor":97,"key":"Eternal Feather"},{"floor":99,"key":"White Beast Statue"}],"event_choices":[{"damage_healed":0,"gold_gain":0,"player_choice":"Grow","damage_taken":0,"max_hp_gain":0,"max_hp_loss":0,"event_name":"Living Wall","floor":4,"gold_loss":0,"cards_upgraded":["Catalyst"]},{"damage_healed":0,"gold_gain":0,"player_choice":"Upgraded","damage_taken":0,"max_hp_gain":0,"max_hp_loss":0,"event_name":"Upgrade Shrine","floor":5,"gold_loss":0,"cards_upgraded":["Deadly Poison"]},{"damage_healed":0,"gold_gain":0,"player_choice":"Take Damage","damage_taken":17,"relics_obtained":["Golden Idol"],"max_hp_gain":0,"max_hp_loss":0,"event_name":"Golden Idol","floor":7,"gold_loss":0},{"damage_healed":0,"gold_gain":0,"player_choice":"Fought Mushrooms","damage_taken":0,"max_hp_gain":0,"max_hp_loss":0,"event_name":"Mushrooms","floor":11,"gold_loss":0},{"damage_healed":0,"gold_gain":0,"player_choice":"1 cards matched","damage_taken":0,"max_hp_gain":0,"max_hp_loss":0,"event_name":"Match and Keep!","floor":23,"gold_loss":0,"cards_obtained":["Replay:SS_hec_2"]},{"cards_removed":["Dagger Spray"],"damage_healed":0,"gold_gain":0,"player_choice":"Elegance","damage_taken":0,"max_hp_gain":0,"max_hp_loss":0,"event_name":"Back to Basics","floor":28,"gold_loss":0},{"cards_removed":["Deadly Poison"],"damage_healed":0,"gold_gain":0,"player_choice":"Removed Skill","damage_taken":0,"max_hp_gain":0,"max_hp_loss":0,"event_name":"Falling","floor":42,"gold_loss":0},{"damage_healed":0,"gold_gain":0,"player_choice":"Fight","damage_taken":0,"max_hp_gain":0,"max_hp_loss":0,"event_name":"Mysterious Sphere","floor":45,"gold_loss":0},{"damage_healed":5,"gold_gain":0,"player_choice":"Full Heal","damage_taken":0,"max_hp_gain":0,"max_hp_loss":0,"event_name":"Wheel of Change","floor":46,"gold_loss":0},{"damage_healed":0,"gold_gain":0,"player_choice":"Box","damage_taken":0,"relics_obtained":["vexMod:InvisibilityCloak"],"max_hp_gain":0,"max_hp_loss":0,"event_name":"Big Fish","floor":54,"gold_loss":0,"cards_obtained":["Regret"]},{"cards_removed":["Regret"],"damage_healed":0,"gold_gain":0,"player_choice":"Offered Curse","damage_taken":0,"relics_obtained":["Spirit Poop"],"max_hp_gain":0,"max_hp_loss":0,"event_name":"Bonfire Elementals","floor":59,"gold_loss":0},{"damage_healed":0,"gold_gain":30,"player_choice":"Searched \u00273\u0027 times","damage_taken":0,"relics_obtained":["sneckomod:BlankCard"],"max_hp_gain":0,"max_hp_loss":0,"event_name":"Dead Adventurer","floor":63,"gold_loss":0},{"damage_healed":0,"gold_gain":0,"player_choice":"Take Damage","damage_taken":29,"relics_obtained":["Circlet"],"max_hp_gain":0,"max_hp_loss":0,"event_name":"Golden Idol","floor":64,"gold_loss":0},{"damage_healed":0,"gold_gain":250,"player_choice":"Bet on Owner","damage_taken":0,"max_hp_gain":0,"max_hp_loss":0,"event_name":"The Joust","floor":75,"gold_loss":50},{"damage_healed":0,"gold_gain":0,"player_choice":"Obtained Relic","damage_taken":0,"relics_obtained":["Mirror"],"max_hp_gain":0,"max_hp_loss":0,"event_name":"Addict","floor":78,"gold_loss":85},{"damage_healed":0,"gold_gain":0,"player_choice":"Opened","damage_taken":0,"relics_obtained":["Akabeko"],"max_hp_gain":0,"max_hp_loss":0,"event_name":"The Mausoleum","floor":83,"gold_loss":0,"cards_obtained":["Writhe"]},{"damage_healed":0,"gold_gain":0,"player_choice":"Ignored","damage_taken":0,"max_hp_gain":0,"max_hp_loss":0,"event_name":"Tomb of Lord Red Mask","floor":87,"gold_loss":0},{"damage_healed":0,"gold_gain":999,"player_choice":"Gold","damage_taken":0,"max_hp_gain":0,"max_hp_loss":0,"event_name":"MindBloom","floor":88,"gold_loss":0,"cards_obtained":["Normality","Normality"]},{"cards_removed":["Writhe"],"damage_healed":0,"gold_gain":0,"player_choice":"Removed Curses","damage_taken":0,"max_hp_gain":0,"max_hp_loss":0,"event_name":"Fountain of Cleansing","floor":92,"gold_loss":0},{"damage_healed":0,"gold_gain":0,"player_choice":"Memory 3","damage_taken":10,"max_hp_gain":0,"max_hp_loss":0,"event_name":"SensoryStone","floor":98,"gold_loss":0}],"is_beta":false,"boss_relics":[{"not_picked":["Sozu","ReplayTheSpireMod:DimensionalGlitch"],"picked":"Runesmith:UraniumAnvil"},{"not_picked":["vexMod:CursedCompass","HoveringKite"],"picked":"Black Star"},{"not_picked":["Empty Cage","aspiration:IroncladSkillbook"],"picked":"vexMod:RockOfEvil"},{"not_picked":["vexMod:CursedCompass","Snecko Scales","Snecko Heart"]},{"not_picked":["Astrolabe","expansioncontent:StudyCardRelic"],"picked":"ChewingGum"},{"not_picked":["Runic Pyramid","vexMod:BigBerry"],"picked":"Runic Dome"}],"items_purged_floors":[12,58,62,72,90],"is_endless":true,"potions_floor_spawned":[1,6,8,14,24,33,35,45,56,71,82,94,101],"ascension_level":0}}