{"host":"sq65xgedotq5nei3","time":1608521699,"event":{"mods":["AchievementEnabler","BaseMod","Colored Powertips","Duelist Mod","Minty Spire (QoL Compilation)","Permanent Neow","Rare Cards Sparkle","StSLib","SuperFastMode"],"gold_per_floor":[15,15,15,32,48,77,77,2,2,2,27,40,54,83,83,83,83],"floor_reached":16,"playtime":982,"items_purged":["Strike_R"],"score":204,"play_id":"0948e0fa-68a2-440d-bace-d848a78cea17","local_time":"20201221143459","is_ascension_mode":true,"campfire_choices":[{"data":"Reaper","floor":10,"key":"SMITH"},{"data":"Barricade","floor":15,"key":"SMITH"}],"circlet_count":0,"master_deck":["AscendersBane","Strike_R","Strike_R","Strike_R","Defend_R","Defend_R","Defend_R","Defend_R","Bash","Uppercut+1","Thunderclap","Body Slam","Discovery","Reaper+1","Barricade+1"],"relics":["Burning Blood","Peace Pipe","Ornamental Fan","Shuriken","Meat on the Bone","Strawberry"],"acts_visited":["Exordium"],"potions_floor_usage":[16,16],"damage_taken":[{"damage":23,"enemies":"Jaw Worm","floor":1,"turns":5},{"damage":0,"enemies":"Small Slimes","floor":4,"turns":2},{"damage":0,"enemies":"Cultist","floor":5,"turns":3},{"damage":30,"enemies":"Lagavulin","floor":6,"turns":6},{"damage":29,"enemies":"Gremlin Nob","floor":11,"turns":5},{"damage":7,"enemies":"2 Fungi Beasts","floor":12,"turns":3},{"damage":21,"enemies":"Exordium Thugs","floor":13,"turns":6},{"damage":60,"enemies":"3 Sentries","floor":14,"turns":10},{"damage":61,"enemies":"Slime Boss","floor":16,"turns":12}],"seed_played":"1560625012327251119","potions_obtained":[{"floor":1,"key":"FairyPotion"},{"floor":6,"key":"GamblersBrew"},{"floor":14,"key":"SkillPotion"}],"is_trial":false,"path_per_floor":["M","?","?","M","M","E","?","$","T","R","E","M","M","E","R","B"],"character_chosen":"IRONCLAD","items_purchased":[],"campfire_rested":0,"item_purchase_floors":[],"current_hp_per_floor":[51,51,51,57,63,39,39,39,39,39,25,39,43,47,47,0,0],"gold":83,"neow_bonus":"ONE_RARE_RELIC","is_daily":false,"chose_seed":false,"campfire_upgraded":2,"win_rate":0.0,"timestamp":1608521699,"path_taken":["M","?","?","?","M","E","?","?","T","R","E","?","M","E","R","BOSS"],"items_purchased_type":[],"build_version":"2020-12-13","purchased_purges":1,"victory":false,"max_hp_per_floor":[75,75,75,75,75,75,75,75,75,75,75,75,75,82,82,82,82],"card_choices":[{"not_picked":["Carnage","Perfected Strike"],"picked":"Uppercut","floor":1},{"not_picked":["Iron Wave","True Grit","Warcry"],"picked":"SKIP","floor":4},{"not_picked":["Blood for Blood","Heavy Blade","Rage"],"picked":"SKIP","floor":5},{"not_picked":["Havoc","Seeing Red"],"picked":"Body Slam","floor":6},{"not_picked":["Headbutt","Cleave","Infernal Blade"],"picked":"SKIP","floor":11},{"not_picked":["Anger","Burning Pact"],"picked":"Barricade","floor":12},{"not_picked":["Combust","Disarm","Carnage"],"picked":"SKIP","floor":13},{"not_picked":["True Grit","Thunderclap","Headbutt"],"picked":"SKIP","floor":14}],"player_experience":754712,"relics_obtained":[{"floor":6,"key":"Ornamental Fan"},{"floor":9,"key":"Shuriken"},{"floor":11,"key":"Meat on the Bone"},{"floor":14,"key":"Strawberry"}],"event_choices":[{"damage_healed":0,"gold_gain":0,"cards_transformed":["Strike_R"],"player_choice":"Change","damage_taken":0,"max_hp_gain":0,"max_hp_loss":0,"event_name":"Living Wall","floor":2,"gold_loss":0,"cards_obtained":["Thunderclap"]},{"damage_healed":0,"gold_gain":0,"player_choice":"Upgraded","damage_taken":0,"max_hp_gain":0,"max_hp_loss":0,"event_name":"Upgrade Shrine","floor":3,"gold_loss":0,"cards_upgraded":["Uppercut"]},{"damage_healed":0,"gold_gain":0,"player_choice":"2 cards matched","damage_taken":0,"max_hp_gain":0,"max_hp_loss":0,"event_name":"Match and Keep!","floor":7,"gold_loss":0,"cards_obtained":["Discovery","Reaper"]}],"is_beta":false,"boss_relics":[],"items_purged_floors":[8],"is_endless":false,"potions_floor_spawned":[1,6,13,14],"killed_by":"Slime Boss","ascension_level":14}}