{"host":"3vwlzs9j0t5i9rxy","time":1608516783,"event":{"mods":["A Magickal Journey","BaseMod","Better Third Choice","Colored Map","Conspire","Energized Spire","Halation","Hermit","Hubris","Infinite Spire","Mimic Mod","Minty Spire (QoL Compilation)","Permanent Neow","Potionbrewer","Rare Cards Sparkle","Relic Stats","Replay The Spire","Shop Mod","Small Relic Pack","Somnambulant","Spicy Shops","Spikes Relics","StSLib","The Clintock","The Cursed","The Druid","The Exalted","The Florist","The Jungle","The Runesmith","The Servant 0.9.4","The Spell Scribe","The Valiant"],"gold_per_floor":[111,0,15,15,15,15,15,15],"floor_reached":7,"playtime":413,"items_purged":[],"score":39,"play_id":"61800880-ac51-4e50-a749-629f761695a3","local_time":"20201220211303","is_ascension_mode":false,"campfire_choices":[{"data":"theDruid:NaturalAgility","floor":6,"key":"SMITH"}],"circlet_count":0,"master_deck":["theDruid:Strike_O","theDruid:Strike_O","theDruid:Strike_O","theDruid:Defend_O","theDruid:Defend_O","theDruid:Defend_O","theDruid:Defend_O","theDruid:BriarArmor","theDruid:WildSlash","theDruid:NaturalAgility+1","theDruid:BackupSupplies+1","Enlightenment","theDruid:BlessedStrike"],"relics":["theDruid:CrownOfTheWilds"],"acts_visited":["Exordium"],"potions_floor_usage":[7],"damage_taken":[{"damage":5,"enemies":"Jaw Worm","floor":1,"turns":6},{"damage":8,"enemies":"conspire:RoseBush","floor":3,"turns":3},{"damage":82,"enemies":"Gremlin Nob","floor":7,"turns":5}],"seed_played":"-3490280823524042427","potions_obtained":[{"floor":1,"key":"SkillPotion"}],"is_trial":false,"path_per_floor":["M","?","M","?","$","R","E"],"character_chosen":"DRUID","items_purchased":[],"campfire_rested":0,"item_purchase_floors":[],"current_hp_per_floor":[70,76,68,68,68,68,0,0],"gold":15,"neow_bonus":"TRANSFORM_CARD","is_daily":false,"chose_seed":false,"campfire_upgraded":1,"win_rate":0.0,"timestamp":1608516783,"path_taken":["M","?","M","?","?","R","E"],"items_purchased_type":[],"build_version":"2020-12-13","purchased_purges":0,"victory":false,"max_hp_per_floor":[75,81,81,81,81,81,81,81],"relic_stats":{"counters":[3,14],"obtain_stats":[{"theDruid:CrownOfTheWilds":0},{"theDruid:CrownOfTheWilds":0},{"theDruid:CrownOfTheWilds":0}]},"card_choices":[{"not_picked":["theDruid:Prowl","theDruid:InsectSwarm"],"picked":"theDruid:BackupSupplies","floor":1},{"not_picked":["theDruid:TakeShelter","theDruid:Entangle"],"picked":"theDruid:BlessedStrike","floor":3}],"player_experience":23591,"relics_obtained":[],"event_choices":[{"damage_healed":0,"gold_gain":0,"player_choice":"RENOUNCE","damage_taken":111,"max_hp_gain":0,"max_hp_loss":0,"event_name":"betterThird:BetterSerpent","floor":2,"gold_loss":111,"cards_obtained":["Enlightenment"]}],"is_beta":false,"boss_relics":[],"items_purged_floors":[],"is_endless":false,"potions_floor_spawned":[1],"killed_by":"Gremlin Nob","ascension_level":0}}