{"host":"o3b7ow6d1xe49css","time":1608525372,"event":{"mods":["Act Like it!","Aspiration","BaseMod","Bestiary","Better Altar","Better Match","Better Note","Better Sensory Stone","Better Skull","Better Third Choice","Colored Powertips","Conspire","Energized Spire","Force Act Four","GifTheSpireLib","Halation","Hermit","Hubris","Infinite Spire","Lobotomy","Minty Spire (QoL Compilation)","Quick Restart","Replay The Spire","Spicy Shops","Spikes Relics","StSLib","Stuff the Spire","The Blue Laboratory","Wandering Minibosses","vexMod"],"gold_per_floor":[117,128,145,158,158,189,223,223,250,283,309,309,309],"floor_reached":12,"playtime":496,"items_purged":[],"score":229,"play_id":"12e741ee-8408-4f70-8783-a1e34b4fbc8d","local_time":"20201220193612","daily_mods":["Heirloom","Flight","Elite Swarm"],"is_ascension_mode":true,"campfire_choices":[{"data":"Wraith Form v2","floor":8.0,"key":"SMITH"}],"circlet_count":0,"master_deck":["Strike_G","Strike_G","Strike_G","Strike_G","Strike_G","Defend_G","Defend_G","Defend_G","Defend_G+1","Defend_G","Survivor","Neutralize+1","MeatLantern","Cloak And Dagger","Backstab","Scorched","Wraith Form v2+1","UniverseFragment","Bullet Time","Woodsman","Corpse Explosion","Wraith Form v2"],"relics":["Ring of the Snake","Ring of Chaos","halation:VictoryRuler","CogitoBucket","RoseTintedShades","Turnip","ReplayTheSpireMod:TigerMarble","infinitespire:Bottled Soul"],"acts_visited":["Exordium"],"potions_floor_usage":[],"damage_taken":[{"damage":0.0,"enemies":"Small Slimes","floor":1.0,"turns":3.0},{"damage":0.0,"enemies":"Jaw Worm","floor":2.0,"turns":5.0},{"damage":0.0,"enemies":"2 Louse","floor":3.0,"turns":2.0},{"damage":0.0,"enemies":"Blue Slaver","floor":4.0,"turns":2.0},{"damage":0.0,"enemies":"3 Sentries","floor":6.0,"turns":3.0},{"damage":0.0,"enemies":"Gremlin Nob","floor":7.0,"turns":2.0},{"damage":18.0,"enemies":"Lagavulin","floor":10.0,"turns":7.0},{"damage":0.0,"enemies":"3 Sentries","floor":11.0,"turns":4.0},{"damage":0,"enemies":"Gremlin Nob","floor":12,"turns":1}],"seed_played":"1476233461761721907","potions_obtained":[{"floor":4.0,"key":"Poison Potion"},{"floor":7.0,"key":"blueLaboratory:Virophage"},{"floor":11.0,"key":"Regen Potion"}],"is_trial":true,"path_per_floor":["M","M","M","M","?","E","E","R","T","E","E","E"],"character_chosen":"THE_SILENT","items_purchased":[],"campfire_rested":0,"item_purchase_floors":[],"current_hp_per_floor":[70,70,70,70,56,56,56,56,56,44,62,62,62],"gold":309,"neow_bonus":"","is_daily":false,"chose_seed":false,"campfire_upgraded":1,"win_rate":0.0,"timestamp":1608525372,"path_taken":["M","M","M","M","?","E","E","R","T","E","E","E"],"items_purchased_type":[],"build_version":"2020-12-13","purchased_purges":0,"victory":false,"max_hp_per_floor":[70,70,70,70,70,70,70,70,70,70,70,70,70],"card_choices":[{"not_picked":["CherryBlossoms","RedShoes","OldLady"],"picked":"Singing Bowl","floor":1.0},{"not_picked":["VoidDream","WallGazer"],"picked":"MeatLantern","floor":1.0},{"not_picked":["hubris:SlightOfHand","StuffTheSpire:BrimstoneBlast"],"picked":"Cloak And Dagger","floor":1.0},{"not_picked":["Dagger Spray","Bane"],"picked":"Backstab","floor":2.0},{"not_picked":["MHz","CherryBlossoms","LittleHelper"],"picked":"Singing Bowl","floor":3.0},{"not_picked":["Yin","OldLady"],"picked":"Scorched","floor":3.0},{"not_picked":["hubris:Counter","StuffTheSpire:Sprint","Bane"],"picked":"SKIP","floor":3.0},{"not_picked":["CrumblingArmor","ShyLook","OldLady"],"picked":"Singing Bowl","floor":4.0},{"not_picked":["Replay:Poison Smokescreen","Cloak And Dagger"],"picked":"Wraith Form v2","floor":4.0},{"not_picked":["Bloodbath","VoidDream"],"picked":"UniverseFragment","floor":6.0},{"not_picked":["Doppelganger","StuffTheSpire:FinalStruggle"],"picked":"Bullet Time","floor":6.0},{"not_picked":["VoidDream","CherryBlossoms"],"picked":"Woodsman","floor":7.0},{"not_picked":["Grand Finale","A Thousand Cuts"],"picked":"Corpse Explosion","floor":7.0},{"not_picked":["SnowQueen","SpiderBud","LittleHelper"],"picked":"Singing Bowl","floor":10.0},{"not_picked":["ReplayTheSpireMod:Necrosis","Grand Finale","Phantasmal Killer"],"picked":"SKIP","floor":10.0},{"not_picked":["LittlePrince","Alriune","BlueStar"],"picked":"Singing Bowl","floor":11.0},{"not_picked":["Envenom","Bullet Time"],"picked":"Wraith Form v2","floor":11.0}],"player_experience":1776300,"relics_obtained":[{"floor":6.0,"key":"RoseTintedShades"},{"floor":7.0,"key":"Turnip"},{"floor":9.0,"key":"ReplayTheSpireMod:TigerMarble"},{"floor":11.0,"key":"infinitespire:Bottled Soul"}],"event_choices":[{"damage_healed":70.0,"max_hp_gain":0.0,"max_hp_loss":70.0,"gold_gain":0.0,"event_name":"betterThird:BetterShining","player_choice":"Upgrade","floor":5.0,"gold_loss":0.0,"damage_taken":14.0,"cards_upgraded":["Neutralize","Defend_G"]}],"is_beta":false,"boss_relics":[],"items_purged_floors":[],"is_endless":false,"potions_floor_spawned":[2,4,7,11],"killed_by":"Gremlin Nob","ascension_level":5}}