{"host":"j1qceugmsvfpp1ru","time":1608552581,"event":{"mods":["2.2 Compatiblity","AchievementEnabler","Act Like it!","BaseMod","Better Altar","Better Third Choice","Block Reminder","Colored Map","Conspire","Downfall","Elementarium","Highlight Path","Hubris","Infinite Spire","Marked Mod","Menagerie","Minty Spire (QoL Compilation)","Replay The Spire","Retaliation","Shade Mod","Spicy Shops","StSLib","The Animator","Waifu the Spire"],"gold_per_floor":[99,75,109,109,117,117,117],"floor_reached":5,"playtime":12856,"items_purged":[],"score":25,"play_id":"a9987df5-e02d-4464-9adf-94446633dfdd","local_time":"20201221210941","is_ascension_mode":false,"campfire_choices":[{"data":"hexamod:Sear","floor":1,"key":"SMITH"}],"circlet_count":0,"master_deck":["hexamod:Strike","hexamod:Strike","hexamod:Strike","hexamod:Strike","hexamod:Defend","hexamod:Defend","hexamod:Defend","hexamod:Defend","hexamod:Sear+1","hexamod:Float","hexamod:BurningTouch","hubris:Disease","hexamod:FourthSeal","hexamod:RadiantFlame"],"relics":["hexamod:SpiritBrand","Potion Belt","Replay:Wax Seal","ReplayTheSpireMod:CursedCoin","Replay:Bandana"],"acts_visited":["Menagerie:Menagerie"],"potions_floor_usage":[5],"damage_taken":[{"damage":0,"enemies":"downfall:FleeingMerchant","floor":2,"turns":4},{"damage":38,"enemies":"Lagavulin","floor":3,"turns":7},{"damage":25,"enemies":"Menagerie:MaskedSummoner","floor":5,"turns":9}],"seed_played":"-8746237430220655160","potions_obtained":[{"floor":3,"key":"hexamod:EctoCoolerPotion"},{"floor":3,"key":"champ:CounterPotion"}],"is_trial":false,"path_per_floor":["R","$","?","?","E"],"character_chosen":"THE_SPIRIT","items_purchased":["Replay:Wax Seal","ReplayTheSpireMod:CursedCoin","hexamod:FourthSeal"],"campfire_rested":0,"item_purchase_floors":[2,2,2],"current_hp_per_floor":[70,70,32,32,7,7,7],"gold":117,"neow_bonus":"RANDOM_COMMON_RELIC","is_daily":false,"chose_seed":false,"campfire_upgraded":1,"win_rate":0.0,"timestamp":1608552581,"path_taken":["R","$","?","?","E"],"items_purchased_type":["Relic","Relic","Card"],"build_version":"2020-12-13","purchased_purges":0,"victory":false,"max_hp_per_floor":[70,70,70,70,70,70,70],"card_choices":[{"not_picked":["hexamod:ShieldOfDarkness","hexamod:InspiringFlames"],"picked":"hexamod:BurningTouch","floor":2},{"not_picked":["hexamod:PhantomFireball","hexamod:BurningTouch"],"picked":"hexamod:RadiantFlame","floor":3}],"player_experience":377273,"relics_obtained":[{"floor":3,"key":"Replay:Bandana"}],"event_choices":[{"damage_healed":0,"gold_gain":0,"player_choice":"Release","damage_taken":0,"max_hp_gain":0,"max_hp_loss":0,"event_name":"Menagerie:StasisChamber","floor":3,"gold_loss":0}],"is_beta":false,"boss_relics":[],"items_purged_floors":[],"is_endless":false,"potions_floor_spawned":[3],"killed_by":"Menagerie:MaskedSummoner","ascension_level":0}}