{"host":"98bdbcgi2hhn2gyr","time":1608573587,"event":{"mods":["BaseMod","Colored Map","Minty Spire (QoL Compilation)","StSLib","The Servant 0.9.4"],"gold_per_floor":[114,114,132,146,71,71,99,112,182,192,249,249,283,297,297,398,398,417,434,453,467,483,483,512,305,305,330,57,70,102,118,118,221,221,234,234,284,302,302,302,402,402,402,417,435,28,28,48,48,48],"floor_reached":51,"playtime":4117,"items_purged":["Pain","Strike_S","Strike_S","Strike_S"],"score":1051,"play_id":"dcaf7d01-21bd-46ed-a887-d066255061e9","local_time":"20201222025947","is_ascension_mode":true,"campfire_choices":[{"data":"BestPractice","floor":6.0,"key":"SMITH"},{"floor":15.0,"key":"REST"},{"data":"Moondial","floor":23.0,"key":"SMITH"},{"data":"SpecialFormula","floor":32.0,"key":"SMITH"},{"data":"1","floor":40.0,"key":"LIFT"},{"data":"2","floor":42.0,"key":"LIFT"},{"data":"3","floor":49,"key":"LIFT"}],"circlet_count":0,"master_deck":["Strike_S+1","Defend_S+1","Defend_S","Defend_S","Defend_S+1","KidneyShot","Exchange","LightFlow","Potential","BestPractice+1","Hightail","Moondial+1","Reset","TimeTheft","Spin","Gouge","ForgedInTime","Gouge+1","Ricochet+1","Solidify+1","SpecialFormula+1","Luminosity+1","FastForward","FlawlessForm+1","Rewind+1","Madness","Madness","Moondial+1","Solidify"],"relics":["Uniform","Girya","Pear","Smiling Mask","GremlinMask","Ancient Tea Set","Coffee Dripper","Bottled Flame","OrangePellets","HornCleat","War Paint","Strange Spoon","Frozen Egg 2","Busted Crown","FossilizedHelix","Gremlin Horn","DollysMirror"],"acts_visited":["Exordium","TheCity","TheBeyond"],"potions_floor_usage":[45,50,50],"damage_taken":[{"damage":5.0,"enemies":"Small Slimes","floor":1.0,"turns":2.0},{"damage":11.0,"enemies":"Jaw Worm","floor":3.0,"turns":4.0},{"damage":3.0,"enemies":"Cultist","floor":4.0,"turns":2.0},{"damage":0.0,"enemies":"Lagavulin","floor":7.0,"turns":8.0},{"damage":3.0,"enemies":"Lots of Slimes","floor":8.0,"turns":2.0},{"damage":3.0,"enemies":"Exordium Thugs","floor":10.0,"turns":4.0},{"damage":1.0,"enemies":"3 Sentries","floor":11.0,"turns":5.0},{"damage":15.0,"enemies":"3 Sentries","floor":13.0,"turns":5.0},{"damage":9.0,"enemies":"Red Slaver","floor":14.0,"turns":3.0},{"damage":0.0,"enemies":"The Guardian","floor":16.0,"turns":11.0},{"damage":18.0,"enemies":"Shell Parasite","floor":18.0,"turns":4.0},{"damage":8.0,"enemies":"2 Thieves","floor":19.0,"turns":3.0},{"damage":11.0,"enemies":"Centurion and Healer","floor":20.0,"turns":6.0},{"damage":0.0,"enemies":"Shelled Parasite and Fungi","floor":21.0,"turns":10.0},{"damage":8.0,"enemies":"Chosen and Byrds","floor":22.0,"turns":9.0},{"damage":10.0,"enemies":"Slavers","floor":24.0,"turns":5.0},{"damage":0.0,"enemies":"3 Cultists","floor":29.0,"turns":3.0},{"damage":24.0,"enemies":"Book of Stabbing","floor":30.0,"turns":4.0},{"damage":0.0,"enemies":"Sentry and Sphere","floor":31.0,"turns":4.0},{"damage":0.0,"enemies":"Champ","floor":33.0,"turns":5.0},{"damage":10.0,"enemies":"Orb Walker","floor":35.0,"turns":3.0},{"damage":0.0,"enemies":"Mind Bloom Boss Battle","floor":37.0,"turns":4.0},{"damage":0.0,"enemies":"3 Shapes","floor":38.0,"turns":6.0},{"damage":0.0,"enemies":"Jaw Worm Horde","floor":44.0,"turns":3.0},{"damage":0,"enemies":"3 Darklings","floor":45,"turns":4},{"damage":0,"enemies":"Transient","floor":48,"turns":5},{"damage":0,"enemies":"Awakened One","floor":50,"turns":8}],"seed_played":"5697426985939419102","potions_obtained":[{"floor":4.0,"key":"FearPotion"},{"floor":7.0,"key":"DuplicationPotion"},{"floor":8.0,"key":"BlessingOfTheForge"},{"floor":10.0,"key":"LiquidMemories"},{"floor":13.0,"key":"BlessingOfTheForge"},{"floor":18.0,"key":"ColorlessPotion"},{"floor":22.0,"key":"GamblersBrew"},{"floor":24.0,"key":"Strength Potion"},{"floor":29.0,"key":"BlessingOfTheForge"},{"floor":31.0,"key":"DistilledChaos"},{"floor":44.0,"key":"Dexterity Potion"},{"floor":48,"key":"LiquidBronze"}],"is_trial":false,"path_per_floor":["M","?","M","M","$","R","E","M","T","M","?","?","E","M","R","B",null,"M","M","M","M","M","R","E","$","T","T","$","M","E","M","R","B",null,"M","?","?","M","?","R","?","R","T","M","M","$","?","M","R","B",null],"character_chosen":"THE_SERVANT","items_purchased":["OrangePellets","SpecialFormula","Strange Spoon","DollysMirror","Solidify","BlessingOfTheForge"],"campfire_rested":1,"item_purchase_floors":[25,28,28,46,46,46],"current_hp_per_floor":[60,47,36,33,33,33,33,30,40,37,36,36,21,12,34,34,75,57,49,38,38,30,30,20,20,20,20,20,25,1,6,6,22,75,73,73,73,75,66,66,66,66,66,66,66,66,66,74,74,75],"gold":48,"neow_bonus":"THREE_RARE_CARDS","is_daily":false,"chose_seed":false,"campfire_upgraded":3,"win_rate":0.0,"timestamp":1608573587,"path_taken":["M","?","M","M","$","R","E","M","T","M","?","?","E","M","R","BOSS","BOSS","M","?","?","M","M","R","E","$","T","?","$","?","E","M","R","BOSS","M","?","?","M","?","R","?","R","T","M","?","$","?","M","R","BOSS"],"items_purchased_type":["Relic","Card","Relic","Relic","Card","Potion"],"build_version":"2020-12-13","purchased_purges":4,"victory":true,"max_hp_per_floor":[65,65,65,65,65,65,65,65,75,75,75,75,75,75,75,75,75,75,75,75,75,75,75,75,75,75,75,75,75,75,75,75,75,75,75,75,75,75,75,75,75,75,75,75,75,75,75,75,75,75],"card_choices":[{"not_picked":["Duplication","PendulumOfEternity"],"picked":"LightFlow","floor":0.0},{"not_picked":["Rearm","FastForward"],"picked":"Potential","floor":1.0},{"not_picked":["Potential","DoubleEdge"],"picked":"BestPractice","floor":3.0},{"not_picked":["RealityMarble","Desolation"],"picked":"Hightail","floor":4.0},{"not_picked":["Potential","Spin"],"picked":"Moondial","floor":7.0},{"not_picked":["Contraction","Potential"],"picked":"Reset","floor":8.0},{"not_picked":["Replace","Reset"],"picked":"TimeTheft","floor":10.0},{"not_picked":["BottledTime","FastForward"],"picked":"Spin","floor":11.0},{"not_picked":["Starlight","RealityMarble","SurpressingFire"],"picked":"SKIP","floor":13.0},{"not_picked":["Unruled","Deny"],"picked":"Gouge","floor":14.0},{"not_picked":["Initiator","Duplication"],"picked":"ForgedInTime","floor":16.0},{"not_picked":["InstantArmor","FanOfKnives","Spin"],"picked":"SKIP","floor":18.0},{"not_picked":["DoubleEdge","Starlight","GearUp"],"picked":"SKIP","floor":19.0},{"not_picked":["Reset","Alleviate"],"picked":"Gouge+1","floor":20.0},{"not_picked":["Potential","ShatteredReality","Replace+1"],"picked":"SKIP","floor":21.0},{"not_picked":["Ricochet+1","Alleviate","Spin"],"picked":"SKIP","floor":22.0},{"not_picked":["Alleviate","Spin"],"picked":"Ricochet+1","floor":22.0},{"not_picked":["Spin","ShiftingGears"],"picked":"Solidify","floor":24.0},{"not_picked":["TimeWarp","Rewind","TimeTheft"],"picked":"SKIP","floor":29.0},{"not_picked":["WasteNot+1","Replace+1"],"picked":"Luminosity+1","floor":30.0},{"not_picked":["Rearm","Starlight"],"picked":"FastForward","floor":31.0},{"not_picked":["FloweringNight+1","Sunlight"],"picked":"FlawlessForm+1","floor":33.0},{"not_picked":["Snipe"],"picked":"SKIP","floor":35.0},{"not_picked":[],"picked":"Rewind+1","floor":37.0},{"not_picked":["DoubleEdge"],"picked":"SKIP","floor":38.0},{"not_picked":["Unruled+1"],"picked":"SKIP","floor":44.0},{"not_picked":["Rewind+1"],"picked":"SKIP","floor":45},{"not_picked":["ShatteredReality"],"picked":"SKIP","floor":48}],"player_experience":371088,"relics_obtained":[{"floor":7.0,"key":"Girya"},{"floor":9.0,"key":"Pear"},{"floor":11.0,"key":"Smiling Mask"},{"floor":13.0,"key":"Ancient Tea Set"},{"floor":24.0,"key":"Bottled Flame"},{"floor":26.0,"key":"HornCleat"},{"floor":27.0,"key":"War Paint"},{"floor":30.0,"key":"Frozen Egg 2"},{"floor":37.0,"key":"FossilizedHelix"},{"floor":43.0,"key":"Gremlin Horn"}],"event_choices":[{"damage_healed":0.0,"max_hp_gain":0.0,"max_hp_loss":0.0,"gold_gain":0.0,"event_name":"Shining Light","player_choice":"Entered Light","floor":2.0,"gold_loss":0.0,"damage_taken":13.0,"cards_upgraded":["Strike_S","Defend_S"]},{"damage_healed":0.0,"max_hp_gain":0.0,"max_hp_loss":0.0,"gold_gain":30.0,"event_name":"Dead Adventurer","player_choice":"Searched \u00273\u0027 times","floor":11.0,"gold_loss":0.0,"damage_taken":0.0},{"damage_healed":0.0,"max_hp_gain":0.0,"max_hp_loss":0.0,"gold_gain":0.0,"event_name":"FaceTrader","player_choice":"Trade","floor":12.0,"gold_loss":0.0,"damage_taken":0.0,"relics_obtained":["GremlinMask"]},{"damage_healed":0.0,"max_hp_gain":0.0,"max_hp_loss":0.0,"gold_gain":0.0,"event_name":"Mysterious Sphere","player_choice":"Ignored","floor":36.0,"gold_loss":0.0,"damage_taken":0.0},{"damage_healed":0.0,"max_hp_gain":0.0,"max_hp_loss":0.0,"gold_gain":0.0,"event_name":"MindBloom","player_choice":"Fight","floor":37.0,"gold_loss":0.0,"damage_taken":0.0},{"damage_healed":0.0,"max_hp_gain":0.0,"max_hp_loss":0.0,"gold_gain":0.0,"event_name":"Winding Halls","player_choice":"Embrace Madness","floor":39.0,"gold_loss":0.0,"damage_taken":9.0,"cards_obtained":["Madness","Madness"]},{"damage_healed":0.0,"max_hp_gain":0.0,"max_hp_loss":0.0,"gold_gain":100.0,"event_name":"Golden Shrine","player_choice":"Pray","floor":41.0,"gold_loss":0.0,"damage_taken":0.0},{"damage_healed":0,"gold_gain":0,"player_choice":"Memory 1","damage_taken":0,"max_hp_gain":0,"max_hp_loss":0,"event_name":"SensoryStone","floor":47,"gold_loss":0}],"is_beta":false,"boss_relics":[{"not_picked":["Pandora\u0027s Box","Philosopher\u0027s Stone"],"picked":"Coffee Dripper"},{"not_picked":["Astrolabe","SacredBark"],"picked":"Busted Crown"}],"items_purged_floors":[5,25,28,46],"is_endless":false,"potions_floor_spawned":[4,7,8,10,13,18,22,24,29,31,44,48],"ascension_level":4}}