{"host":"3h5qf14xt40jhha0","time":1608515985,"event":{"mods":["AlwaysNeverKeys","BaseMod","Colored Powertips","Minty Spire (QoL Compilation)","Permanent Neow","Relic Stats","StSLib"],"gold_per_floor":[362,362,377,394,68,68,100,100,174,190,0,30,42,71,71,150,150,170,196,207,207,220,220,15,15,40,40,67,67,67,67],"floor_reached":30,"playtime":1286,"items_purged":["Strike_B"],"score":532,"play_id":"49cd034b-0be6-4290-96b5-f40d2aa6fc92","local_time":"20201220205945","is_ascension_mode":true,"campfire_choices":[{"data":"Rip and Tear","floor":6,"key":"SMITH"},{"data":"Dualcast","floor":8,"key":"SMITH"},{"data":"Coolheaded","floor":15,"key":"SMITH"},{"data":"Buffer","floor":23,"key":"SMITH"},{"data":"Beam Cell","floor":29,"key":"SMITH"}],"circlet_count":0,"master_deck":["AscendersBane","Strike_B+1","Strike_B+1","Strike_B+1","Defend_B+1","Defend_B+1","Defend_B+1","Defend_B+1","Zap+1","Dualcast+1","Skim","Rip and Tear+1","Ball Lightning","Lockon","Cold Snap","Coolheaded+1","Ball Lightning","Machine Learning","Buffer+1","White Noise+1","Coolheaded+1","Beam Cell+1","Capacitor+1","RitualDagger"],"relics":["Cracked Core","Letter Opener","Art of War","Shuriken","Membership Card","Pantograph","Toy Ornithopter","Coffee Dripper","Red Mask","HandDrill","Vajra","MealTicket"],"acts_visited":["Exordium","TheCity"],"potions_floor_usage":[4,7,18,20,28],"damage_taken":[{"damage":3,"enemies":"2 Louse","floor":1,"turns":3},{"damage":1,"enemies":"Cultist","floor":3,"turns":3},{"damage":0,"enemies":"Small Slimes","floor":4,"turns":3},{"damage":5,"enemies":"3 Sentries","floor":7,"turns":6},{"damage":14,"enemies":"Red Slaver","floor":10,"turns":2},{"damage":13,"enemies":"Lagavulin","floor":12,"turns":5},{"damage":14,"enemies":"3 Louse","floor":13,"turns":2},{"damage":3,"enemies":"Gremlin Nob","floor":14,"turns":3},{"damage":22,"enemies":"The Guardian","floor":16,"turns":10},{"damage":8,"enemies":"Shell Parasite","floor":18,"turns":4},{"damage":17,"enemies":"Masked Bandits","floor":19,"turns":3},{"damage":0,"enemies":"Spheric Guardian","floor":20,"turns":3},{"damage":4,"enemies":"Centurion and Healer","floor":22,"turns":6},{"damage":54,"enemies":"Slavers","floor":28,"turns":5},{"damage":16,"enemies":"Gremlin Leader","floor":30,"turns":4}],"seed_played":"-1369134424551763091","potions_obtained":[{"floor":1,"key":"Fire Potion"},{"floor":3,"key":"SneckoOil"},{"floor":7,"key":"GamblersBrew"},{"floor":18,"key":"Weak Potion"},{"floor":19,"key":"Explosive Potion"}],"is_trial":false,"path_per_floor":["M","?","M","M","$","R","E","R","T","M","$","E","M","E","R","B",null,"M","?","M","?","M","R","$","?","T","?","E","R","E"],"character_chosen":"DEFECT","items_purchased":["Rip and Tear","Letter Opener","Membership Card","Cold Snap","HandDrill","Vajra"],"campfire_rested":0,"item_purchase_floors":[5,5,11,11,24,24],"current_hp_per_floor":[61,61,60,60,60,60,55,55,55,41,41,28,14,11,11,14,52,49,32,37,64,60,60,60,60,60,54,5,5,0,0],"gold":67,"neow_bonus":"TWO_FIFTY_GOLD","is_daily":false,"chose_seed":false,"campfire_upgraded":5,"win_rate":0.0,"timestamp":1608515985,"path_taken":["M","?","M","M","$","R","E","R","T","M","?","E","M","E","R","BOSS","M","?","M","?","?","R","$","?","T","?","E","R","E"],"items_purchased_type":["Card","Relic","Relic","Card","Relic","Relic"],"build_version":"2020-12-13","purchased_purges":1,"victory":false,"max_hp_per_floor":[64,64,64,64,64,64,64,64,64,64,64,64,64,64,64,64,64,64,64,64,64,64,64,64,64,64,64,64,64,64,64],"relic_stats":{"counters":[15,62],"Shuriken":[12],"Pantograph":25,"MealTicket":0,"Art of War":[7],"HandDrill":[2],"Letter Opener":[191],"obtain_stats":[{"Shuriken":9,"Pantograph":12,"Vajra":24,"MealTicket":28,"Art of War":7,"Coffee Dripper":17,"Red Mask":19,"HandDrill":24,"Letter Opener":5,"Membership Card":11,"Cracked Core":0,"Toy Ornithopter":14},{"Shuriken":4,"Pantograph":6,"Vajra":13,"MealTicket":14,"Art of War":4,"Coffee Dripper":9,"Red Mask":11,"HandDrill":13,"Letter Opener":3,"Membership Card":5,"Cracked Core":0,"Toy Ornithopter":8},{"Shuriken":15,"Pantograph":22,"Vajra":53,"MealTicket":58,"Art of War":15,"Coffee Dripper":37,"Red Mask":44,"HandDrill":53,"Letter Opener":9,"Membership Card":17,"Cracked Core":0,"Toy Ornithopter":27}],"Toy Ornithopter":15},"card_choices":[{"not_picked":["Turbo","Hologram","Storm"],"picked":"SKIP","floor":1},{"not_picked":["Stack","Double Energy"],"picked":"Skim","floor":3},{"not_picked":["Hologram","Coolheaded","Redo"],"picked":"SKIP","floor":4},{"not_picked":["Lockon","Reboot"],"picked":"Ball Lightning","floor":7},{"not_picked":["FTL","Beam Cell"],"picked":"Lockon","floor":10},{"not_picked":["Turbo","Meteor Strike"],"picked":"Coolheaded","floor":12},{"not_picked":["Hologram","Redo"],"picked":"Ball Lightning","floor":13},{"not_picked":["Hologram","Redo"],"picked":"Machine Learning","floor":14},{"not_picked":["Hyperbeam","Machine Learning"],"picked":"Buffer","floor":16},{"not_picked":["Scrape","Doom and Gloom"],"picked":"White Noise+1","floor":18},{"not_picked":["Steam","Force Field"],"picked":"Coolheaded+1","floor":19},{"not_picked":["Rip and Tear","Reinforced Body"],"picked":"Beam Cell","floor":20},{"not_picked":["Leap","Sweeping Beam"],"picked":"Capacitor+1","floor":22},{"not_picked":["Cold Snap","Redo","Doom and Gloom"],"picked":"SKIP","floor":28}],"player_experience":1264562,"relics_obtained":[{"floor":7,"key":"Art of War"},{"floor":9,"key":"Shuriken"},{"floor":12,"key":"Pantograph"},{"floor":14,"key":"Toy Ornithopter"},{"floor":19,"key":"Red Mask"},{"floor":28,"key":"MealTicket"}],"event_choices":[{"damage_healed":0,"gold_gain":0,"player_choice":"Upgraded","damage_taken":0,"max_hp_gain":0,"max_hp_loss":0,"event_name":"Upgrade Shrine","floor":2,"gold_loss":0,"cards_upgraded":["Zap"]},{"damage_healed":0,"gold_gain":0,"player_choice":"Fought Bandits","damage_taken":0,"max_hp_gain":0,"max_hp_loss":0,"event_name":"Masked Bandits","floor":19,"gold_loss":0},{"damage_healed":27,"gold_gain":0,"player_choice":"Full Heal","damage_taken":0,"max_hp_gain":0,"max_hp_loss":0,"event_name":"Wheel of Change","floor":21,"gold_loss":0},{"damage_healed":0,"gold_gain":0,"player_choice":"Simplicity","damage_taken":0,"max_hp_gain":0,"max_hp_loss":0,"event_name":"Back to Basics","floor":25,"gold_loss":0,"cards_upgraded":["Strike_B","Strike_B","Strike_B","Defend_B","Defend_B","Defend_B","Defend_B"]},{"damage_healed":0,"gold_gain":0,"player_choice":"Joined the Cult","damage_taken":6,"max_hp_gain":0,"max_hp_loss":0,"event_name":"Nest","floor":27,"gold_loss":0,"cards_obtained":["RitualDagger"]}],"is_beta":false,"boss_relics":[{"not_picked":["Snecko Eye","Inserter"],"picked":"Coffee Dripper"}],"items_purged_floors":[24],"is_endless":false,"potions_floor_spawned":[1,3,7,18,19],"killed_by":"Gremlin Leader","ascension_level":20}}