{"host":"12","time":1608549895,"event":{"mods":["Act Like it!","BaseMod","Colored Powertips","Minty Spire (QoL Compilation)","StSLib","【功能Mod】混沌之环修复补丁"],"gold_per_floor":[116,127,127,142,15,15,15,29,29,29,29,41,41,70,70,147,147,160,160,60,108,128,128,128,3,49,81,81,97,97,22,22,98,98,118,137,137,152,172,203,203,234,234,259,270,270,270,270,270,270,270,270,270,106,133,133],"floor_reached":57,"playtime":2911,"items_purged":["Strike_B","Strike_B","Defend_B"],"score":2777,"play_id":"e5cb77d1-7edd-422c-8db6-fb9b9a9448ea","local_time":"20201221192455","is_ascension_mode":true,"campfire_choices":[{"data":"Dualcast","floor":6.0,"key":"SMITH"},{"data":"Coolheaded","floor":11.0,"key":"SMITH"},{"data":"Chaos","floor":13.0,"key":"SMITH"},{"data":"Coolheaded","floor":15.0,"key":"SMITH"},{"floor":23.0,"key":"REST"},{"data":"Turbo","floor":28.0,"key":"SMITH"},{"data":"Fission","floor":30.0,"key":"SMITH"},{"data":"Reboot","floor":32.0,"key":"SMITH"},{"data":"Purity","floor":41.0,"key":"SMITH"},{"data":"Impatience","floor":47.0,"key":"SMITH"},{"floor":49.0,"key":"RECALL"},{"data":"Capacitor","floor":53.0,"key":"SMITH"}],"circlet_count":0,"master_deck":["AscendersBane","Defend_B+1","Zap","Dualcast+1","Coolheaded+1","Capacitor+1","Coolheaded+1","Turbo+1","Reboot+1","Chaos+1","Fission+1","Chill","Gash","Consume+1","Seek","Impatience+1","Purity+1","Capacitor"],"relics":["Cracked Core","Akabeko","Meat on the Bone","Cables","Nuclear Battery","Regal Pillow","War Paint","Nunchaku","Philosopher\u0027s Stone","Pen Nib","Omamori","OrangePellets","Mercury Hourglass"],"acts_visited":["Exordium","TheCity","TheBeyond","TheEnding"],"potions_floor_usage":[],"damage_taken":[{"damage":3.0,"enemies":"Small Slimes","floor":1.0,"turns":2.0},{"damage":5.0,"enemies":"Jaw Worm","floor":2.0,"turns":2.0},{"damage":0.0,"enemies":"Cultist","floor":4.0,"turns":4.0},{"damage":0.0,"enemies":"3 Louse","floor":8.0,"turns":3.0},{"damage":5.0,"enemies":"Exordium Thugs","floor":12.0,"turns":5.0},{"damage":16.0,"enemies":"Lagavulin","floor":14.0,"turns":8.0},{"damage":28.0,"enemies":"Hexaghost","floor":16.0,"turns":8.0},{"damage":23.0,"enemies":"2 Thieves","floor":18.0,"turns":4.0},{"damage":31.0,"enemies":"Chosen","floor":22.0,"turns":8.0},{"damage":22.0,"enemies":"Gremlin Leader","floor":27.0,"turns":8.0},{"damage":0.0,"enemies":"Centurion and Healer","floor":29.0,"turns":7.0},{"damage":37.0,"enemies":"Champ","floor":33.0,"turns":10.0},{"damage":0.0,"enemies":"Orb Walker","floor":35.0,"turns":4.0},{"damage":29.0,"enemies":"3 Darklings","floor":36.0,"turns":10.0},{"damage":2.0,"enemies":"Maw","floor":38.0,"turns":6.0},{"damage":5.0,"enemies":"Writhing Mass","floor":39.0,"turns":5.0},{"damage":10.0,"enemies":"Giant Head","floor":40.0,"turns":7.0},{"damage":39.0,"enemies":"Reptomancer","floor":42.0,"turns":7.0},{"damage":0.0,"enemies":"Mind Bloom Boss Battle","floor":44.0,"turns":5.0},{"damage":5.0,"enemies":"Transient","floor":45.0,"turns":6.0},{"damage":0.0,"enemies":"Awakened One","floor":50.0,"turns":5.0},{"damage":40.0,"enemies":"Time Eater","floor":51.0,"turns":12.0},{"damage":45.0,"enemies":"Shield and Spear","floor":55.0,"turns":4.0},{"damage":28,"enemies":"The Heart","floor":56,"turns":7}],"seed_played":"-6561138265225732892","potions_obtained":[{"floor":2.0,"key":"SneckoOil"},{"floor":8.0,"key":"PotionOfCapacity"},{"floor":18.0,"key":"SpeedPotion"},{"floor":22.0,"key":"Fruit Juice"},{"floor":29.0,"key":"Weak Potion"},{"floor":36.0,"key":"Dexterity Potion"},{"floor":42.0,"key":"AttackPotion"},{"floor":45.0,"key":"FocusPotion"}],"is_trial":false,"path_per_floor":["M","M","?","M","$","R","?","M","T","$","R","M","R","E","R","B",null,"M","?","$","T","M","R","?","$","T","E","R","M","R","?","R","B",null,"M","M","?","M","M","E","R","E","T","?","M","?","R","?","R","B","B",null,"R","$","E","B",null],"character_chosen":"DEFECT","items_purchased":["Turbo","OrangePellets"],"campfire_rested":1,"item_purchase_floors":[5,54],"current_hp_per_floor":[61,56,56,56,56,56,61,61,61,61,61,56,56,40,40,24,63,40,40,40,40,21,58,58,58,58,48,48,48,48,48,48,23,68,68,51,41,51,46,48,48,21,21,33,40,40,40,40,40,52,24,67,67,67,34,18],"gold":133,"neow_bonus":"RANDOM_COMMON_RELIC","is_daily":false,"chose_seed":false,"campfire_upgraded":10,"win_rate":0.0,"timestamp":1608549895,"path_taken":["M","M","?","M","$","R","?","M","T","$","R","M","R","E","R","BOSS","M","?","$","?","M","R","?","$","T","E","R","M","R","?","R","BOSS","M","M","?","M","M","E","R","E","T","?","M","?","R","?","R","BOSS","BOSS","R","$","E","BOSS"],"items_purchased_type":["Card","Relic"],"build_version":"2020-12-18","purchased_purges":3,"victory":true,"max_hp_per_floor":[71,71,71,71,71,71,76,76,76,76,76,76,76,76,76,76,76,76,76,76,76,76,76,76,76,76,76,76,76,76,76,76,76,81,81,81,81,81,81,81,81,81,81,81,81,81,81,81,81,81,81,81,81,81,81,81],"card_choices":[{"not_picked":["Beam Cell","Conserve Battery"],"picked":"Coolheaded","floor":1.0},{"not_picked":["Cold Snap","Doom and Gloom","Leap"],"picked":"SKIP","floor":2.0},{"not_picked":["FTL","Heatsinks"],"picked":"Coolheaded","floor":4.0},{"not_picked":["Cold Snap","Barrage"],"picked":"Reboot","floor":8.0},{"not_picked":["Gash","Stack"],"picked":"Chaos","floor":12.0},{"not_picked":["Turbo","Compile Driver","Leap"],"picked":"SKIP","floor":14.0},{"not_picked":["Turbo","Compile Driver","Leap"],"picked":"SKIP","floor":14.0},{"not_picked":["Buffer","Reboot"],"picked":"Fission","floor":16.0},{"not_picked":["Go for the Eyes","Cold Snap+1"],"picked":"Chill","floor":18.0},{"not_picked":["Streamline","Cold Snap","Turbo+1"],"picked":"SKIP","floor":22.0},{"not_picked":["Sunder","Steam Power","Heatsinks"],"picked":"SKIP","floor":27.0},{"not_picked":["Sunder","Steam Power","Heatsinks"],"picked":"SKIP","floor":27.0},{"not_picked":["Beam Cell","Conserve Battery","Rebound"],"picked":"SKIP","floor":29.0},{"not_picked":["Fission","All For One"],"picked":"Seek","floor":33.0},{"not_picked":["Beam Cell","Darkness","Conserve Battery"],"picked":"SKIP","floor":35.0},{"not_picked":["Rebound","Hello World","Sweeping Beam"],"picked":"SKIP","floor":36.0},{"not_picked":["Swift Strike","Flash of Steel"],"picked":"Impatience","floor":37.0},{"not_picked":["Finesse","Mind Blast"],"picked":"Purity","floor":37.0},{"not_picked":["Conserve Battery+1","Rebound","Reinforced Body"],"picked":"SKIP","floor":38.0},{"not_picked":["Turbo","Heatsinks"],"picked":"Capacitor","floor":39.0},{"not_picked":["Amplify","Storm","BootSequence"],"picked":"SKIP","floor":40.0},{"not_picked":["Auto Shields","Barrage","Compile Driver"],"picked":"SKIP","floor":42.0},{"not_picked":["Cold Snap+1","Rebound","Coolheaded"],"picked":"SKIP","floor":45.0},{"not_picked":["Chill","Go for the Eyes","Steam+1"],"picked":"SKIP","floor":55.0}],"player_experience":551632,"relics_obtained":[{"floor":9.0,"key":"Meat on the Bone"},{"floor":14.0,"key":"Cables"},{"floor":21.0,"key":"Regal Pillow"},{"floor":26.0,"key":"War Paint"},{"floor":27.0,"key":"Nunchaku"},{"floor":40.0,"key":"Pen Nib"},{"floor":42.0,"key":"Omamori"},{"floor":55.0,"key":"Mercury Hourglass"}],"event_choices":[{"damage_healed":0.0,"max_hp_gain":0.0,"max_hp_loss":0.0,"gold_gain":0.0,"cards_transformed":["Strike_B"],"event_name":"Living Wall","player_choice":"Change","floor":3.0,"gold_loss":0.0,"damage_taken":0.0,"cards_obtained":["Capacitor"]},{"damage_healed":0.0,"max_hp_gain":5.0,"max_hp_loss":0.0,"gold_gain":0.0,"event_name":"Big Fish","player_choice":"Donut","floor":7.0,"gold_loss":0.0,"damage_taken":0.0},{"damage_healed":0.0,"max_hp_gain":0.0,"max_hp_loss":0.0,"gold_gain":0.0,"event_name":"Match and Keep!","player_choice":"1 cards matched","floor":19.0,"gold_loss":0.0,"damage_taken":0.0,"cards_obtained":["Gash"]},{"damage_healed":0.0,"max_hp_gain":0.0,"max_hp_loss":0.0,"gold_gain":0.0,"event_name":"The Library","player_choice":"Read","floor":24.0,"gold_loss":0.0,"damage_taken":0.0,"cards_obtained":["Consume"]},{"cards_removed":["Defend_B"],"damage_healed":0.0,"max_hp_gain":0.0,"max_hp_loss":0.0,"gold_gain":0.0,"event_name":"Beggar","player_choice":"Gave Gold","floor":31.0,"gold_loss":75.0,"damage_taken":0.0},{"damage_healed":0.0,"max_hp_gain":0.0,"max_hp_loss":0.0,"gold_gain":0.0,"event_name":"SensoryStone","player_choice":"Memory 3","floor":37.0,"gold_loss":0.0,"damage_taken":10.0},{"damage_healed":0.0,"max_hp_gain":0.0,"max_hp_loss":0.0,"gold_gain":0.0,"event_name":"MindBloom","player_choice":"Fight","floor":44.0,"gold_loss":0.0,"damage_taken":0.0},{"cards_removed":["Strike_B"],"damage_healed":0.0,"max_hp_gain":0.0,"max_hp_loss":0.0,"gold_gain":0.0,"event_name":"Falling","player_choice":"Removed Attack","floor":46.0,"gold_loss":0.0,"damage_taken":0.0},{"cards_removed":["Defend_B"],"damage_healed":0.0,"max_hp_gain":0.0,"max_hp_loss":0.0,"gold_gain":0.0,"event_name":"Bonfire Elementals","player_choice":"Offered Basic","floor":48.0,"gold_loss":0.0,"damage_taken":0.0}],"is_beta":true,"boss_relics":[{"not_picked":["Ectoplasm","Tiny House"],"picked":"Nuclear Battery"},{"not_picked":["Calling Bell","Coffee Dripper"],"picked":"Philosopher\u0027s Stone"}],"items_purged_floors":[5,20,25],"is_endless":false,"potions_floor_spawned":[2,8,18,22,29,36,42,45],"ascension_level":20}}