{"host":"5ty8fyb0ngp9gspj","time":1608526904,"event":{"mods":["2.2 Compatiblity","AchievementEnabler","Act Like it!","BaseMod","Colored Map","Downfall","Minty Spire (QoL Compilation)","Rare Cards Sparkle","StSLib"],"gold_per_floor":[99,113,113,28,28,40,40,40,190,224,224,238,255,355,374,471,471,321,321,335,349,95,105,154,79,107,107,107,125,139,159,175,276,276,276,289,118,118,118,71,71,71,84,84,100,110,110,126,136,136,136,136,136,136],"floor_reached":52,"playtime":2843,"items_purged":["Slimebound:Icky"],"score":726,"play_id":"65679791-2d39-4f60-af1f-4a29c6bb43e5","local_time":"20201221160144","is_ascension_mode":false,"campfire_choices":[{"data":"champ:Taunt","floor":1,"key":"SMITH"},{"data":"champ:Execute","floor":3,"key":"SMITH"},{"data":"champ:IronFortress","floor":5,"key":"SMITH"},{"floor":18,"key":"RECALL"},{"data":"champ:SwordThrow","floor":25,"key":"SMITH"},{"floor":27,"key":"REST"},{"data":"champ:Aggression","floor":35,"key":"SMITH"},{"data":"Apotheosis","floor":42,"key":"SMITH"}],"circlet_count":0,"master_deck":["champ:Defend","champ:Defend","champ:Defend","champ:Defend","champ:Execute+1","champ:Taunt+1","champ:Aggression+1","champ:IronFortress+1","champ:Balance","champ:BringItOn","champ:RageSigil","champ:FlashCut","champ:AdrenalArmor","champ:EnchantSword","champ:SwordThrow+1","Slimebound:Tackle+1","Slimebound:Tackle+1","champ:ShieldSigil","champ:SkillfulDodge+1","champ:FanOfKnives+1","champ:IronFortress","Bandage Up","champ:SwordSigil","champ:Encircle","champ:FocusedDefense+1","champ:FalseCounter","champ:Aggression","champ:VampiricStrike","champ:Aggression","champ:GutPunch","expansioncontent:DarkVoid","champ:BladeFlurry+1","Apotheosis+1","champ:Lariat","champ:Aggression+1","champ:Encircle+1","champ:Haymaker+1","champ:FaceSlap+1"],"relics":["Sozu","Mercury Hourglass","CloakClasp","Busted Crown","downfall:HeartBlessingGreen","downfall:HeartBlessingBlue","downfall:HeartBlessingRed","FossilizedHelix","downfall:RedIOU","Coffee Dripper","DollysMirror","Pear","The Courier"],"acts_visited":["Exordium","TheCity","TheBeyond","TheEnding"],"potions_floor_usage":[],"damage_taken":[{"damage":5,"enemies":"Jaw Worm","floor":2,"turns":4},{"damage":17,"enemies":"downfall:FleeingMerchant","floor":4,"turns":4},{"damage":5,"enemies":"2 Louse","floor":6,"turns":2},{"damage":13,"enemies":"Lagavulin","floor":10,"turns":6},{"damage":0,"enemies":"Small Slimes","floor":12,"turns":3},{"damage":9,"enemies":"2 Fungi Beasts","floor":13,"turns":2},{"damage":44,"enemies":"2 Fungi Beasts","floor":14,"turns":7},{"damage":9,"enemies":"3 Louse","floor":15,"turns":3},{"damage":42,"enemies":"downfall:Silent","floor":16,"turns":7},{"damage":18,"enemies":"Shell Parasite","floor":20,"turns":3},{"damage":17,"enemies":"Spheric Guardian","floor":21,"turns":3},{"damage":29,"enemies":"downfall:FleeingMerchant","floor":22,"turns":4},{"damage":41,"enemies":"Snake Plant","floor":23,"turns":3},{"damage":26,"enemies":"Book of Stabbing","floor":26,"turns":5},{"damage":13,"enemies":"Centurion and Healer","floor":29,"turns":4},{"damage":19,"enemies":"3 Cultists","floor":30,"turns":4},{"damage":0,"enemies":"Shelled Parasite and Fungi","floor":31,"turns":3},{"damage":3,"enemies":"Snake Plant","floor":32,"turns":3},{"damage":45,"enemies":"downfall:Defect","floor":33,"turns":8},{"damage":41,"enemies":"3 Darklings","floor":36,"turns":6},{"damage":26,"enemies":"downfall:FleeingMerchant","floor":37,"turns":4},{"damage":10,"enemies":"downfall:FleeingMerchant","floor":40,"turns":3},{"damage":23,"enemies":"Orb Walker","floor":43,"turns":3},{"damage":17,"enemies":"Sphere and 2 Shapes","floor":45,"turns":9},{"damage":26,"enemies":"4 Shapes","floor":46,"turns":4},{"damage":10,"enemies":"Jaw Worm Horde","floor":48,"turns":4},{"damage":31,"enemies":"3 Darklings","floor":49,"turns":3},{"damage":76,"enemies":"downfall:Ironclad","floor":50,"turns":9},{"damage":168,"enemies":"downfall:CharBossMerchant","floor":52,"turns":7}],"seed_played":"5330952758201627161","potions_obtained":[],"is_trial":false,"path_per_floor":["R","M","R","$","R","M","T","?","?","E","?","M","M","?","M","B",null,"R","?","M","M","$","M","T","R","E","R","?","M","M","M","M","B",null,"R","M","$","?","?","?","T","R","M","?","M","M","?","M","M","B",null,"E"],"character_chosen":"THE_CHAMP","items_purchased":["champ:Balance","champ:IronFortress","Bandage Up","champ:Aggression","champ:GutPunch","Apotheosis","champ:Lariat","DollysMirror"],"campfire_rested":1,"item_purchase_floors":[4,22,22,37,37,40,40,40],"current_hp_per_floor":[90,90,90,90,90,85,85,90,90,87,87,87,87,87,87,78,95,105,105,101,101,83,59,59,59,49,80,80,80,80,84,83,66,105,105,98,95,95,95,97,107,107,98,98,100,102,102,110,104,60,115,0,0,0],"gold":136,"neow_bonus":"BOSS_RELIC","is_daily":false,"chose_seed":false,"campfire_upgraded":6,"win_rate":0.0,"timestamp":1608526904,"path_taken":["R","M","R","$","R","M","T","?","?","E","?","M","M","?","M","BOSS","R","?","M","M","$","M","T","R","E","R","?","M","M","M","M","BOSS","R","M","$","?","?","?","T","R","M","?","?","M","?","M","M","BOSS","E"],"items_purchased_type":["Card","Card","Card","Card","Card","Card","Card","Relic"],"build_version":"2020-12-13","purchased_purges":1,"victory":false,"max_hp_per_floor":[90,90,90,90,90,90,90,95,95,95,95,95,95,95,95,95,95,105,105,105,105,105,105,105,105,105,105,105,105,105,105,105,105,105,105,105,105,105,105,105,115,115,115,115,115,115,115,115,115,115,115,115,115,115],"card_choices":[{"not_picked":["champ:Backstep","champ:AdrenalArmor"],"picked":"champ:Aggression","floor":2},{"not_picked":["champ:Riposte","champ:CrownThrow"],"picked":"champ:IronFortress","floor":4},{"not_picked":["champ:TornadoPunch","champ:PerfectedStrike"],"picked":"champ:BringItOn","floor":6},{"not_picked":["champ:CalledShot","champ:FanOfKnives"],"picked":"champ:RageSigil","floor":10},{"not_picked":["champ:Shatter","champ:Duel"],"picked":"champ:FlashCut","floor":12},{"not_picked":["champ:DefensiveShout","champ:FanOfKnives"],"picked":"champ:AdrenalArmor","floor":13},{"not_picked":["champ:AdrenalArmor","champ:Backstep"],"picked":"champ:ShieldSigil","floor":14},{"not_picked":["champ:Encircle","champ:FlashCut"],"picked":"champ:EnchantSword","floor":15},{"not_picked":["champ:CrownThrow","champ:EnchantSword"],"picked":"champ:SwordThrow","floor":16},{"not_picked":[],"picked":"champ:ShieldSigil","floor":20},{"not_picked":[],"picked":"champ:SkillfulDodge+1","floor":21},{"not_picked":[],"picked":"champ:FanOfKnives+1","floor":22},{"not_picked":[],"picked":"champ:SwordSigil","floor":23},{"not_picked":[],"picked":"champ:Encircle","floor":26},{"not_picked":[],"picked":"champ:FocusedDefense+1","floor":29},{"not_picked":[],"picked":"champ:FalseCounter","floor":30},{"not_picked":[],"picked":"champ:Aggression","floor":31},{"not_picked":["champ:FanOfKnives"],"picked":"SKIP","floor":32},{"not_picked":[],"picked":"champ:VampiricStrike","floor":33},{"not_picked":["champ:AdrenalArmor"],"picked":"SKIP","floor":36},{"not_picked":["champ:PerfectedStrike"],"picked":"SKIP","floor":37},{"not_picked":[],"picked":"expansioncontent:DarkVoid","floor":39},{"not_picked":[],"picked":"champ:BladeFlurry+1","floor":40},{"not_picked":[],"picked":"champ:Encircle+1","floor":43},{"not_picked":["champ:HeartStrike"],"picked":"SKIP","floor":45},{"not_picked":[],"picked":"champ:Haymaker+1","floor":46},{"not_picked":[],"picked":"champ:FaceSlap+1","floor":48},{"not_picked":["champ:IronFortress"],"picked":"SKIP","floor":49}],"player_experience":306362,"relics_obtained":[{"floor":10,"key":"Mercury Hourglass"},{"floor":14,"key":"CloakClasp"},{"floor":24,"key":"champ:FightingForDummies"},{"floor":26,"key":"FossilizedHelix"},{"floor":41,"key":"Pear"},{"floor":44,"key":"The Courier"}],"event_choices":[{"damage_healed":0,"gold_gain":0,"player_choice":"Donut","damage_taken":0,"max_hp_gain":5,"max_hp_loss":0,"event_name":"Big Fish","floor":8,"gold_loss":0},{"cards_removed":["Slimebound:Tackle"],"damage_healed":0,"gold_gain":0,"player_choice":"Removed Attack","damage_taken":0,"max_hp_gain":0,"max_hp_loss":0,"event_name":"Falling","floor":38,"gold_loss":0},{"damage_healed":0,"gold_gain":0,"player_choice":"Relic","damage_taken":0,"max_hp_gain":0,"max_hp_loss":0,"event_name":"Wheel of Change","floor":44,"gold_loss":0},{"cards_removed":["champ:ShieldSigil"],"damage_healed":0,"gold_gain":0,"player_choice":"Purged","damage_taken":0,"max_hp_gain":0,"max_hp_loss":0,"event_name":"Purifier","floor":47,"gold_loss":0}],"is_beta":false,"boss_relics":[{"not_picked":["Fusion Hammer","expansioncontent:StudyCardRelic"],"picked":"Busted Crown"},{"not_picked":["Velvet Choker","Empty Cage"],"picked":"Coffee Dripper"}],"items_purged_floors":[22],"is_endless":false,"potions_floor_spawned":[6,12,13,14,20,23,29,30,33,36,45,46,49],"killed_by":"downfall:CharBossMerchant","ascension_level":0}}