{"host":"0fmi5fguj5lvt8pf","time":1608587453,"event":{"mods":["BaseMod","Colored Map","Curses Come First","Downfall","Minty Spire (QoL Compilation)","Permanent Neow","StSLib","Waifu the Spire"],"gold_per_floor":[99,117,117,117,128,128,180,180,214,214,389,539,539,539,554,554,554,554],"floor_reached":16,"playtime":437,"items_purged":[],"score":96,"play_id":"0018abef-1671-4ad1-a71b-321f69e1d53a","local_time":"20201221135053","is_ascension_mode":false,"campfire_choices":[{"data":"champ:Taunt","floor":1,"key":"SMITH"},{"floor":4,"key":"RECALL"},{"data":"champ:TornadoPunch","floor":6,"key":"SMITH"},{"data":"Sadistic Nature","floor":8,"key":"SMITH"},{"data":"champ:Strike","floor":10,"key":"SMITH"}],"circlet_count":0,"master_deck":["champ:Strike","champ:Strike","champ:Strike","champ:Strike+1","champ:Defend","champ:Defend","champ:Defend","champ:Defend","champ:Execute","champ:Taunt+1","Sadistic Nature+1","champ:TornadoPunch+1","Slimebound:Icky","champ:TornadoPunch"],"relics":["champ:ChampionCrown","The Courier","Kunai"],"acts_visited":["Exordium"],"potions_floor_usage":[9,16],"damage_taken":[{"damage":17,"enemies":"2 Louse","floor":2,"turns":3},{"damage":12,"enemies":"Small Slimes","floor":5,"turns":4},{"damage":9,"enemies":"3 Sentries","floor":9,"turns":6},{"damage":0,"enemies":"Cultist","floor":15,"turns":3},{"damage":71,"enemies":"downfall:Defect","floor":16,"turns":6}],"seed_played":"5212751034449203358","potions_obtained":[{"floor":2,"key":"Ancient Potion"},{"floor":5,"key":"hexamod:EctoCoolerPotion"},{"floor":15,"key":"FearPotion"}],"is_trial":false,"path_per_floor":["R","M","?","R","M","R","T","R","E","R","?","?","?","T","M","B"],"character_chosen":"THE_CHAMP","items_purchased":[],"campfire_rested":0,"item_purchase_floors":[],"current_hp_per_floor":[63,51,81,81,74,74,74,74,70,70,70,70,70,70,70,0,0,0],"gold":554,"neow_bonus":"RANDOM_COLORLESS_2","is_daily":false,"chose_seed":false,"campfire_upgraded":4,"win_rate":0.0,"timestamp":1608587453,"path_taken":["R","M","?","R","M","R","T","R","E","R","?","?","?","?","M","BOSS"],"items_purchased_type":[],"build_version":"2020-12-13","purchased_purges":0,"victory":false,"max_hp_per_floor":[90,90,90,90,90,90,90,90,90,90,90,90,90,90,90,90,90,90],"card_choices":[{"not_picked":["Master of Strategy","Magnetism"],"picked":"Sadistic Nature","floor":0},{"not_picked":["champ:Control","champ:ShieldSigil"],"picked":"champ:TornadoPunch","floor":2},{"not_picked":["champ:DeathBlow","champ:Control","champ:Backstep"],"picked":"SKIP","floor":5},{"not_picked":["champ:EndlessRage","champ:BladeFlurry","champ:DefensiveShout"],"picked":"SKIP","floor":9},{"not_picked":["champ:Control","champ:BerserkersShout"],"picked":"champ:TornadoPunch","floor":15}],"player_experience":1224231,"relics_obtained":[{"floor":9,"key":"The Courier"},{"floor":14,"key":"Kunai"}],"event_choices":[{"damage_healed":30,"gold_gain":0,"player_choice":"Banana","damage_taken":0,"max_hp_gain":0,"max_hp_loss":0,"event_name":"Big Fish","floor":3,"gold_loss":0},{"cards_removed":["Doubt"],"damage_healed":0,"gold_gain":0,"player_choice":"Forget","damage_taken":0,"max_hp_gain":0,"max_hp_loss":0,"event_name":"Living Wall","floor":13,"gold_loss":0}],"is_beta":false,"boss_relics":[],"items_purged_floors":[],"is_endless":false,"potions_floor_spawned":[2,5,15],"killed_by":"downfall:Defect","ascension_level":0}}