{"host":"27cnk69rbdk9vsnt","time":1608561454,"event":{"mods":["BaseMod","CatGirl Mod","Ekko","Energized Spire","JesterMod","Mimic Mod","Minty Spire (QoL Compilation)","Shade Mod","Shop Mod","StSLib","The Spell Scribe","Thieving Mod"],"gold_per_floor":[112,37,54,72,22,56,56,66,66,84,84,97,108,136,136,136,136],"floor_reached":16,"playtime":640,"items_purged":["Decay"],"score":114,"play_id":"8a8da243-4298-4550-b638-d19d7a23eda4","local_time":"20201221153734","is_ascension_mode":false,"campfire_choices":[{"data":"jesterMod:Precipitation","floor":7,"key":"SMITH"},{"floor":11,"key":"REST"},{"data":"jesterMod:Dodge","floor":15,"key":"SMITH"}],"circlet_count":0,"master_deck":["jesterMod:Strike","jesterMod:Strike","jesterMod:Sickle","jesterMod:Defend","jesterMod:Defend","jesterMod:Defend","jesterMod:Dodge+1","jesterMod:Exasperation","jesterMod:Precipitation+1","jesterMod:Twirl","jesterMod:Precipitation","jesterMod:Procrastination","jesterMod:Taunt","jesterMod:Disposophobia","jesterMod:BouncingKnife","jesterMod:DesperateStrike","jesterMod:Dilapidation","jesterMod:DancingMad"],"relics":["jesterMod:JesterCap","TheAbacus","Oddly Smooth Stone","Strawberry","Shuriken"],"acts_visited":["Exordium"],"potions_floor_usage":[8,12,14],"damage_taken":[{"damage":2,"enemies":"Cultist","floor":1,"turns":4},{"damage":0,"enemies":"Small Slimes","floor":3,"turns":3},{"damage":6,"enemies":"Jaw Worm","floor":4,"turns":3},{"damage":35,"enemies":"3 Sentries","floor":6,"turns":7},{"damage":4,"enemies":"Looter","floor":8,"turns":3},{"damage":10,"enemies":"Large Slime","floor":10,"turns":4},{"damage":6,"enemies":"Exordium Wildlife","floor":12,"turns":4},{"damage":5,"enemies":"3 Louse","floor":13,"turns":3},{"damage":9,"enemies":"Lagavulin","floor":14,"turns":5},{"damage":24,"enemies":"The Guardian","floor":16,"turns":5}],"seed_played":"-6839695865627681484","potions_obtained":[{"floor":1,"key":"Weak Potion"},{"floor":6,"key":"Block Potion"},{"floor":10,"key":"Weak Potion"},{"floor":12,"key":"DistilledChaos"}],"is_trial":false,"path_per_floor":["M","$","M","M","?","E","R","M","T","M","R","M","M","E","R","B"],"character_chosen":"THE_JESTER","items_purchased":[],"campfire_rested":1,"item_purchase_floors":[],"current_hp_per_floor":[68,68,68,62,62,27,27,23,30,20,43,37,32,23,23,0,0],"gold":136,"neow_bonus":"TRANSFORM_TWO_CARDS","is_daily":false,"chose_seed":false,"campfire_upgraded":2,"win_rate":0.0,"timestamp":1608561454,"path_taken":["M","$","?","M","?","E","R","M","T","M","R","M","M","E","R","BOSS"],"items_purchased_type":[],"build_version":"2020-12-13","purchased_purges":1,"victory":false,"max_hp_per_floor":[70,70,70,70,70,70,70,70,77,77,77,77,77,77,77,77,77],"card_choices":[{"not_picked":["jesterMod:Exasperation","jesterMod:SelfMockery"],"picked":"jesterMod:Twirl","floor":1},{"not_picked":["jesterMod:Arrythmia","jesterMod:MudBall"],"picked":"jesterMod:Precipitation","floor":3},{"not_picked":["jesterMod:JackInTheBox","jesterMod:MudBall"],"picked":"jesterMod:Procrastination","floor":4},{"not_picked":["jesterMod:JugglerBlade","jesterMod:SelfMockery"],"picked":"jesterMod:Taunt","floor":6},{"not_picked":["jesterMod:Arrythmia","jesterMod:Tinker"],"picked":"jesterMod:Disposophobia","floor":8},{"not_picked":["jesterMod:Taunt","jesterMod:Patience"],"picked":"jesterMod:BouncingKnife","floor":10},{"not_picked":["jesterMod:Hide","jesterMod:JackInTheBox"],"picked":"jesterMod:DesperateStrike","floor":12},{"not_picked":["jesterMod:Loot","jesterMod:Patience"],"picked":"jesterMod:Dilapidation","floor":13},{"not_picked":["jesterMod:Tinker","jesterMod:Anticipation"],"picked":"jesterMod:DancingMad","floor":14}],"player_experience":494729,"relics_obtained":[{"floor":6,"key":"Oddly Smooth Stone"},{"floor":9,"key":"Strawberry"},{"floor":14,"key":"Shuriken"}],"event_choices":[{"cards_removed":["jesterMod:Strike"],"damage_healed":0,"gold_gain":0,"player_choice":"Card Removal","damage_taken":0,"max_hp_gain":0,"max_hp_loss":0,"event_name":"The Cleric","floor":5,"gold_loss":50}],"is_beta":false,"boss_relics":[],"items_purged_floors":[2],"is_endless":false,"potions_floor_spawned":[1,6,10,12],"killed_by":"The Guardian","ascension_level":0}}