{"host":"3c27c697js19kaoo","time":1608546902,"event":{"mods":["ATMod(阿瑾Mod)","Aspiration","BaseMod","CapriCore","Dota2Spire","Hermit","Minty Spire (QoL Compilation)","Quick Restart","Remilia（蕾米莉亚）","Replay The Spire","Robot Space Explorer","RumiaBox-露米娅的神秘盒子","Spicy Shops","StSLib","The Alterego","The Cursed","The Runesmith","The Servant 0.9.4","vexMod","【功能Mod】混沌之环修复补丁","【遗物卡牌】REMEMod"],"gold_per_floor":[117,167,167,194,206,236,89,89,143,172,172,172,175,190,190,310,310,299,299,299,320,101,104,8,8,8],"floor_reached":25,"playtime":953,"items_purged":["Lust_TH"],"score":341,"play_id":"655a513e-1370-4d9e-8895-a159e87e0f7c","local_time":"20201221183501","is_ascension_mode":true,"campfire_choices":[{"data":"REME_ForAll","floor":11,"key":"SMITH"},{"floor":15,"key":"REST"}],"circlet_count":0,"master_deck":["alterego_mod:Strike","alterego_mod:Strike","alterego_mod:Strike","alterego_mod:Strike","alterego_mod:Defend","alterego_mod:Defend","alterego_mod:Defend","alterego_mod:Defend","alterego_mod:Impale","alterego_mod:BigMeatyClaws+1","alterego_mod:BrynhildrsRune","AT_RealColorLess+1","REME_ForAll+1","alterego_mod:Undulate","alterego_mod:Cycle","alterego_mod:Complex","alterego_mod:Crossover","alterego_mod:1TonWallop","alterego_mod:Cooking","alterego_mod:InsideBaseball+1","alterego_mod:Bounce","alterego_mod:Rip","alterego_mod:Bounce","alterego_mod:Weigh+1","alterego_mod:Exercise"],"relics":["alterego_mod:MasochisticConstitution","REME_ComplimentaryCards","AT_ATBox","NeowsBlessing","Dota2Spire:UrnOfShadows","Dota2Spire:ArmletOfMordiggian","Runesmith:AutoHammer","Darkstone Periapt","Golden Idol","Lizard Tail","Ring of Chaos","Replay:Bottled Snecko","alterego_mod:SistersRibbon","MagicDraw1","ReplayTheSpireMod:Lightbulb"],"acts_visited":["Exordium","TheCity"],"potions_floor_usage":[13,16,16],"damage_taken":[{"damage":0,"enemies":"Cultist","floor":1,"turns":1},{"damage":8,"enemies":"2 Louse","floor":5,"turns":2},{"damage":0,"enemies":"3 Sentries","floor":6,"turns":2},{"damage":13,"enemies":"Lagavulin","floor":10,"turns":4},{"damage":31,"enemies":"3 Sentries","floor":13,"turns":5},{"damage":16,"enemies":"Jaw Worm","floor":14,"turns":3},{"damage":55,"enemies":"Hexaghost","floor":16,"turns":7},{"damage":32,"enemies":"3 Byrds","floor":18,"turns":5},{"damage":0,"enemies":"Spheric Guardian","floor":21,"turns":3},{"damage":31,"enemies":"Replay:Snechameleon","floor":23,"turns":3},{"damage":41,"enemies":"Gremlin Leader","floor":25,"turns":2}],"seed_played":"2531257278046793769","potions_obtained":[{"floor":5,"key":"SteroidPotion"},{"floor":10,"key":"BlessingOfTheForge"},{"floor":13,"key":"Explosive Potion"}],"is_trial":false,"path_per_floor":["M","?","?","T","M","E","$","?","T","E","R","?","E","M","R","B",null,"M","?","T","M","$","E","$","E"],"character_chosen":"The_Alterego","items_purchased":["Dota2Spire:ArmletOfMordiggian","alterego_mod:Bounce","alterego_mod:SistersRibbon","ReplayTheSpireMod:Lightbulb"],"campfire_rested":1,"item_purchase_floors":[7,7,22,24],"current_hp_per_floor":[70,70,70,70,63,63,63,63,63,54,54,54,41,29,49,42,70,42,48,48,51,51,30,30,0,0],"gold":8,"neow_bonus":"THREE_ENEMY_KILL","is_daily":false,"chose_seed":false,"campfire_upgraded":1,"win_rate":0.0,"timestamp":1608546901,"path_taken":["M","?","?","?","M","E","$","?","T","E","R","?","E","M","R","BOSS","M","?","?","M","$","E","$","E"],"items_purchased_type":["Relic","Card","Relic","Relic"],"build_version":"2020-12-13","purchased_purges":1,"victory":false,"max_hp_per_floor":[70,70,70,70,71,71,71,71,71,72,72,67,68,69,69,70,70,71,77,77,77,77,78,78,78,78],"card_choices":[{"not_picked":["alterego_mod:BiFurious","alterego_mod:Complex"],"picked":"alterego_mod:Undulate","floor":1},{"not_picked":["alterego_mod:Belle","alterego_mod:DeftHands"],"picked":"alterego_mod:Cooking","floor":5},{"not_picked":["alterego_mod:Cycle","alterego_mod:Clap"],"picked":"alterego_mod:InsideBaseball","floor":6},{"not_picked":["alterego_mod:Maid","alterego_mod:BusterCard","alterego_mod:Punishment"],"picked":"SKIP","floor":10},{"not_picked":["alterego_mod:Jiggle","alterego_mod:DeftHands"],"picked":"alterego_mod:Rip","floor":13},{"not_picked":["alterego_mod:PerceptionDisorder","alterego_mod:Alter"],"picked":"alterego_mod:Bounce","floor":14},{"not_picked":["alterego_mod:SideboobHour","alterego_mod:IdEs"],"picked":"alterego_mod:Weigh","floor":16},{"not_picked":["alterego_mod:DustData","alterego_mod:Punishment"],"picked":"alterego_mod:Exercise","floor":18},{"not_picked":["alterego_mod:SuperDuperMasochism+1","alterego_mod:Smother+1","alterego_mod:BiFurious+1"],"picked":"SKIP","floor":21},{"not_picked":["alterego_mod:Santa","alterego_mod:Pet","alterego_mod:TrashNCrash"],"picked":"SKIP","floor":23}],"player_experience":165334,"relics_obtained":[{"floor":4,"key":"ReplayTheSpireMod:TigerMarble"},{"floor":6,"key":"Dota2Spire:UrnOfShadows"},{"floor":9,"key":"Runesmith:AutoHammer"},{"floor":10,"key":"Darkstone Periapt"},{"floor":13,"key":"Lizard Tail"},{"floor":20,"key":"Replay:Bottled Snecko"},{"floor":23,"key":"MagicDraw1"}],"event_choices":[{"damage_healed":0,"gold_gain":50,"player_choice":"Gained Gold","damage_taken":0,"max_hp_gain":0,"max_hp_loss":0,"event_name":"Golden Wing","floor":2,"gold_loss":0},{"damage_healed":0,"gold_gain":0,"player_choice":"Lose Max HP","damage_taken":0,"relics_obtained":["Golden Idol"],"max_hp_gain":0,"max_hp_loss":5,"event_name":"Golden Idol","floor":12,"gold_loss":0}],"is_beta":false,"boss_relics":[{"not_picked":["ChewingGum","AddBug"],"picked":"Ring of Chaos"}],"items_purged_floors":[22],"is_endless":false,"potions_floor_spawned":[5,10,13],"killed_by":"Gremlin Leader","ascension_level":2}}