{"host":"jx3f6ezc0g3s9edc","time":1608516128,"event":{"mods":["AchievementEnabler","BaseMod","Bestiary","Colored Map","Highlight Path","Minty Spire (QoL Compilation)","StSLib"],"gold_per_floor":[113,113,40,40,52,52,71,71,146,176,176,203,203,226,226,324,324,338,338,193,193,133,133],"floor_reached":22,"playtime":1405,"items_purged":["Strike_G"],"score":282,"play_id":"32e65f24-8f8a-4bb7-bfe1-750b040bfbd8","local_time":"20201220210208","is_ascension_mode":true,"campfire_choices":[{"data":"Noxious Fumes","floor":6.0,"key":"SMITH"},{"data":"Skewer","floor":8.0,"key":"SMITH"},{"floor":13.0,"key":"REST"},{"floor":15.0,"key":"REST"}],"circlet_count":0,"master_deck":["AscendersBane","Strike_G","Strike_G","Strike_G","Defend_G","Defend_G+1","Defend_G","Survivor","Neutralize","Skewer+1","Noxious Fumes+1","Bane+1","Backflip","Backflip","Deadly Poison","Corpse Explosion","CurseOfTheBell","Dodge and Roll","Skewer","Well Laid Plans","Decay"],"relics":["Philosopher\u0027s Stone","Bottled Flame","Bottled Tornado","Tiny Chest","Potion Belt","Calling Bell","Shovel","Kunai","Centennial Puzzle"],"acts_visited":["Exordium","TheCity"],"potions_floor_usage":[],"damage_taken":[{"damage":3.0,"enemies":"2 Louse","floor":1.0,"turns":3.0},{"damage":7.0,"enemies":"Jaw Worm","floor":5.0,"turns":4.0},{"damage":3.0,"enemies":"Small Slimes","floor":7.0,"turns":3.0},{"damage":16.0,"enemies":"3 Sentries","floor":10.0,"turns":7.0},{"damage":6.0,"enemies":"Lagavulin","floor":12.0,"turns":6.0},{"damage":31.0,"enemies":"Slime Boss","floor":16.0,"turns":7.0},{"damage":41,"enemies":"3 Byrds","floor":18,"turns":3},{"damage":29,"enemies":"2 Thieves","floor":22,"turns":2}],"seed_played":"5747479513967800260","potions_obtained":[{"floor":5.0,"key":"DistilledChaos"},{"floor":16.0,"key":"Dexterity Potion"},{"floor":18,"key":"EssenceOfSteel"}],"is_trial":false,"path_per_floor":["M","?","$","?","M","R","M","R","T","E","?","E","R","T","R","B",null,"M","?","$","?","M"],"character_chosen":"THE_SILENT","items_purchased":["Noxious Fumes","Well Laid Plans"],"campfire_rested":2,"item_purchase_floors":[3,20],"current_hp_per_floor":[60,53,53,58,51,51,48,48,48,32,17,11,33,33,55,24,62,21,21,21,21,0,0],"gold":133,"neow_bonus":"BOSS_RELIC","is_daily":false,"chose_seed":false,"campfire_upgraded":2,"win_rate":0.0,"timestamp":1608516128,"path_taken":["M","?","$","?","M","R","?","R","T","E","?","E","R","?","R","BOSS","M","?","$","?","M"],"items_purchased_type":["Card","Card"],"build_version":"2020-12-13","purchased_purges":1,"victory":false,"max_hp_per_floor":[70,70,70,75,75,75,75,75,75,75,75,75,75,75,75,75,75,75,75,75,75,75,75],"card_choices":[{"not_picked":["Flying Knee","Underhanded Strike"],"picked":"Skewer","floor":1.0},{"not_picked":["Flying Knee","Riddle With Holes"],"picked":"Bane","floor":5.0},{"not_picked":["Infinite Blades","Deflect"],"picked":"Backflip","floor":7.0},{"not_picked":["Glass Knife","Distraction"],"picked":"Backflip","floor":10.0},{"not_picked":["Dash","Deflect"],"picked":"Deadly Poison","floor":12.0},{"not_picked":["Night Terror","Die Die Die"],"picked":"Corpse Explosion","floor":16.0},{"not_picked":["Outmaneuver","Finisher+1","Prepared"],"picked":"SKIP","floor":18}],"player_experience":702363,"relics_obtained":[{"floor":9.0,"key":"Bottled Flame"},{"floor":10.0,"key":"Bottled Tornado"},{"floor":12.0,"key":"Tiny Chest"},{"floor":14.0,"key":"Potion Belt"},{"floor":17.0,"key":"Shovel"},{"floor":17.0,"key":"Kunai"},{"floor":17.0,"key":"Centennial Puzzle"}],"event_choices":[{"cards_removed":["Strike_G"],"damage_healed":0.0,"max_hp_gain":0.0,"max_hp_loss":0.0,"gold_gain":0.0,"event_name":"Golden Wing","player_choice":"Card Removal","floor":2.0,"gold_loss":0.0,"damage_taken":7.0},{"damage_healed":0.0,"max_hp_gain":5.0,"max_hp_loss":0.0,"gold_gain":0.0,"event_name":"Big Fish","player_choice":"Donut","floor":4.0,"gold_loss":0.0,"damage_taken":0.0},{"damage_healed":0.0,"max_hp_gain":0.0,"max_hp_loss":0.0,"gold_gain":0.0,"event_name":"Shining Light","player_choice":"Entered Light","floor":11.0,"gold_loss":0.0,"damage_taken":15.0,"cards_upgraded":["Bane","Defend_G"]},{"damage_healed":0,"gold_gain":0,"cards_transformed":["Defend_G","Defend_G"],"player_choice":"Became Test Subject","damage_taken":0,"max_hp_gain":0,"max_hp_loss":0,"event_name":"Drug Dealer","floor":19,"gold_loss":0,"cards_obtained":["Dodge and Roll","Skewer"]},{"damage_healed":0,"gold_gain":0,"player_choice":"Smashed Altar","damage_taken":0,"max_hp_gain":0,"max_hp_loss":0,"event_name":"Forgotten Altar","floor":21,"gold_loss":0,"cards_obtained":["Decay"]}],"is_beta":false,"boss_relics":[{"not_picked":["Runic Pyramid","Coffee Dripper"],"picked":"Calling Bell"}],"items_purged_floors":[20],"is_endless":false,"potions_floor_spawned":[5,16,18],"killed_by":"2 Thieves","ascension_level":10}}