{"host":"0dgh6dagbcoaqfos","time":1608594040,"event":{"mods":["2.2 Compatiblity","Act Like it!","AlwaysNeverKeys","BaseMod","BetterRewards","CapriCore","Jorbs\u0027s Wanderer Trilogy","Lobotomy","LobotomyExtend","Minty Spire (QoL Compilation)","StSLib"],"gold_per_floor":[270,285,296,57,57,87,87,118,118,133,143,143,178,198,198,297,297,297,297,297,68,68,68,68,68,68,68,68,68,68,68,68],"floor_reached":31,"playtime":1833,"items_purged":["WhitesApple"],"score":257,"play_id":"75423922-7b67-4bec-ab6b-8cc90fee6811","local_time":"20201221174040","is_ascension_mode":false,"campfire_choices":[{"floor":15,"key":"REST"}],"circlet_count":0,"master_deck":["Woodsman","SpecialBullet","SpecialBullet","SpecialBullet","SpecialBullet","SpecialBullet","SpecialBullet","SpecialBullet","SpecialBullet","ControlCode","WelfareCode","TrainingCode","NakedNest","SnowQueen","VoidDream","ScreamingWedge","WristCuter","Mimicry","Parasite","FieryBird","Parasite","TT2Protocol","Amita","Penitence+1","InformationCode","Scarecrow","MeltingLove","Mercenary"],"relics":["CogitoBucket","RabbitCall","NeowsBlessing","LetterFromLob","RedMistMask","Blood Vial","Mummified Hand","Calipers","TungstenRod","BackwardClock","Vajra","Ectoplasm","Gaze_r","Sling","Ornamental Fan","Logging_r"],"acts_visited":["Exordium","TheCity"],"potions_floor_usage":[8,22,25,31],"damage_taken":[{"damage":0,"enemies":"Cultist","floor":1,"turns":1},{"damage":0,"enemies":"Jaw Worm","floor":2,"turns":1},{"damage":0,"enemies":"Small Slimes","floor":3,"turns":1},{"damage":6,"enemies":"Gremlin Nob","floor":6,"turns":3},{"damage":18,"enemies":"3 Sentries","floor":8,"turns":3},{"damage":18,"enemies":"Blue Slaver","floor":10,"turns":8},{"damage":5,"enemies":"2 Fungi Beasts","floor":11,"turns":2},{"damage":16,"enemies":"Lagavulin","floor":13,"turns":3},{"damage":21,"enemies":"3 Louse","floor":14,"turns":2},{"damage":26,"enemies":"The Guardian","floor":16,"turns":7},{"damage":9,"enemies":"Shell Parasite","floor":18,"turns":2},{"damage":72,"enemies":"Shell Parasite","floor":22,"turns":8},{"damage":16,"enemies":"Spheric Guardian","floor":24,"turns":4},{"damage":0,"enemies":"3 Cultists","floor":25,"turns":2},{"damage":2,"enemies":"Chosen and Byrds","floor":27,"turns":3},{"damage":12,"enemies":"Centurion and Healer","floor":29,"turns":4},{"damage":95,"enemies":"Snake Plant","floor":31,"turns":3}],"seed_played":"-1759551231984279936","potions_obtained":[{"floor":1,"key":"Regen Potion"},{"floor":14,"key":"FairyPotion"},{"floor":16,"key":"DuplicationPotion"},{"floor":20,"key":"FearPotion"},{"floor":25,"key":"Fruit Juice"},{"floor":29,"key":"AttackPotion"}],"is_trial":false,"path_per_floor":["M","M","M","$","?","E","R","E","T","M","M","R","E","M","R","B",null,"M","?","?","$","M","R","M","M","T","M","?","M","$","M"],"character_chosen":"Angela","items_purchased":["ScreamingWedge","WristCuter","Blood Vial","Sling"],"campfire_rested":1,"item_purchase_floors":[4,4,4,21],"current_hp_per_floor":[70,70,70,70,70,64,64,53,53,39,36,36,22,21,42,27,70,67,67,67,67,16,16,27,58,58,68,68,58,58,0,0],"gold":68,"neow_bonus":"THREE_ENEMY_KILL","is_daily":false,"chose_seed":false,"campfire_upgraded":0,"win_rate":0.0,"timestamp":1608594040,"path_taken":["M","M","M","$","?","E","R","E","T","M","M","R","E","M","R","BOSS","M","?","?","$","?","R","M","M","T","M","?","M","?","M"],"items_purchased_type":["Card","Card","Relic","Relic"],"build_version":"2020-12-13","purchased_purges":1,"victory":false,"max_hp_per_floor":[70,70,70,70,70,70,70,70,70,70,70,70,70,70,70,70,70,70,70,70,70,70,70,70,75,75,75,75,75,75,75,75],"card_choices":[{"not_picked":["CherryBlossoms","OldLady"],"picked":"NakedNest","floor":1},{"not_picked":["Tough","LifeForTheDareDevil"],"picked":"SKIP","floor":1},{"not_picked":["Tough","LifeForTheDareDevil"],"picked":"SKIP","floor":1},{"not_picked":["Laetitia","OldLady"],"picked":"SnowQueen","floor":2},{"not_picked":["Gaze","Harvest"],"picked":"SKIP","floor":2},{"not_picked":["MeatLantern","CrumblingArmor"],"picked":"VoidDream","floor":3},{"not_picked":["RapturousDream","Noise"],"picked":"SKIP","floor":3},{"not_picked":["QueenBee","OSAHOGD"],"picked":"WhitesApple","floor":6},{"not_picked":["Discord","SomewhereSpear"],"picked":"SKIP","floor":6},{"not_picked":["SwordSharpenedByTears"],"picked":"Mimicry","floor":8},{"not_picked":["TodaysExpression","Gaze"],"picked":"SKIP","floor":10},{"not_picked":["TodaysExpression","Gaze"],"picked":"SKIP","floor":10},{"not_picked":["BeautyBeast","MeatLantern"],"picked":"FieryBird","floor":11},{"not_picked":["Soda","FourthMatchFlame"],"picked":"SKIP","floor":11},{"not_picked":["GreedKing","Porccubus"],"picked":"Woodsman","floor":13},{"not_picked":["CrimsonScar"],"picked":"Amita","floor":13},{"not_picked":["OSAHOGD","Bloodbath"],"picked":"QueenOfHatred","floor":14},{"not_picked":["RedEyes","SoundOfStar"],"picked":"SKIP","floor":14},{"not_picked":["BearPaw"],"picked":"Penitence+1","floor":22},{"not_picked":["PunishingBird","FairyFestival"],"picked":"Scarecrow","floor":24},{"not_picked":["RedEyes","ScreamingWedge"],"picked":"SKIP","floor":24},{"not_picked":["QueenBee","Bloodbath"],"picked":"MeltingLove","floor":25},{"not_picked":["Beak","FourthMatchFlame"],"picked":"SKIP","floor":25},{"not_picked":["Pleasure","CherryBlossom"],"picked":"SKIP","floor":27},{"not_picked":["Porccubus","BigBadWolf"],"picked":"Mercenary","floor":29},{"not_picked":["BlackSwan_ego","Penitence"],"picked":"SKIP","floor":29},{"not_picked":["BlackSwan_ego","Penitence"],"picked":"SKIP","floor":29}],"player_experience":357097,"relics_obtained":[{"floor":1,"key":"LetterFromLob"},{"floor":1,"key":"RedMistMask"},{"floor":6,"key":"Mummified Hand"},{"floor":8,"key":"Calipers"},{"floor":9,"key":"TungstenRod"},{"floor":13,"key":"Vajra"},{"floor":26,"key":"Ornamental Fan"}],"event_choices":[{"damage_healed":0,"gold_gain":0,"player_choice":"Leave","damage_taken":0,"max_hp_gain":0,"max_hp_loss":0,"event_name":"The Cleric","floor":5,"gold_loss":0},{"damage_healed":0,"gold_gain":0,"player_choice":"Got Potions","damage_taken":0,"max_hp_gain":0,"max_hp_loss":0,"event_name":"Lab","floor":20,"gold_loss":0},{"damage_healed":0,"gold_gain":0,"player_choice":"Ignored","damage_taken":0,"max_hp_gain":0,"max_hp_loss":0,"event_name":"Ghosts","floor":28,"gold_loss":0}],"is_beta":false,"boss_relics":[{"not_picked":["Coffee Dripper","Snecko Eye"],"picked":"Ectoplasm"}],"items_purged_floors":[21],"is_endless":false,"potions_floor_spawned":[1,14,16,18,25,29],"killed_by":"Snake Plant","ascension_level":0}}