{"host":"ue7jlgf7uv134an9","time":1608561888,"event":{"mods":["BaseMod","Better Third Choice","Defuse TimeMaze Blight","Minty Spire (QoL Compilation)","Quick Restart","Rare Cards Sparkle","Relic Stats","StSLib","UnlockEverythingMod"],"gold_per_floor":[19,19,19,19,38,38,74,93,118,118,153,67,100,113,113,212,212,232,157,157,171,171,171,201,211,211,244,144,144,164,192,192,192,192],"floor_reached":33,"playtime":1489,"items_purged":["Strike_G","Strike_G"],"score":782,"play_id":"89115f01-d707-4d6a-9c01-aaecc31980b3","local_time":"20201221094448","is_ascension_mode":true,"campfire_choices":[{"floor":6.0,"key":"REST"},{"floor":10.0,"key":"REST"},{"floor":15.0,"key":"REST"},{"floor":23.0,"key":"REST"},{"floor":32.0,"key":"REST"}],"circlet_count":0,"master_deck":["AscendersBane","Strike_G","Strike_G+1","Defend_G","Defend_G","Defend_G","Defend_G","Defend_G","Survivor","Neutralize+1","Masterful Stab","Caltrops","Backflip","Finisher","Flying Knee","Endless Agony","Glass Knife","Calculated Gamble","Adrenaline","Dash+1","Blade Dance","Bullet Time","Well Laid Plans","PiercingWail","Accuracy","Venomology","Blade Dance"],"relics":["Ring of the Snake","Gambling Chip","Bloody Idol","Lantern","Centennial Puzzle","Tiny Chest","Dream Catcher","Cursed Key","Peace Pipe","Potion Belt","Juzu Bracelet"],"acts_visited":["Exordium","TheCity"],"potions_floor_usage":[33],"damage_taken":[{"damage":2.0,"enemies":"2 Louse","floor":1.0,"turns":3.0},{"damage":0.0,"enemies":"Small Slimes","floor":5.0,"turns":2.0},{"damage":37.0,"enemies":"3 Sentries","floor":7.0,"turns":11.0},{"damage":0.0,"enemies":"Jaw Worm","floor":8.0,"turns":2.0},{"damage":0.0,"enemies":"Gremlin Nob","floor":11.0,"turns":2.0},{"damage":25.0,"enemies":"3 Sentries","floor":13.0,"turns":8.0},{"damage":1.0,"enemies":"Looter","floor":14.0,"turns":2.0},{"damage":23.0,"enemies":"The Guardian","floor":16.0,"turns":16.0},{"damage":8.0,"enemies":"2 Thieves","floor":18.0,"turns":3.0},{"damage":9.0,"enemies":"Shell Parasite","floor":21.0,"turns":5.0},{"damage":3.0,"enemies":"Slavers","floor":24.0,"turns":4.0},{"damage":12.0,"enemies":"Centurion and Healer","floor":25.0,"turns":5.0},{"damage":26.0,"enemies":"Book of Stabbing","floor":27.0,"turns":5.0},{"damage":4.0,"enemies":"Gremlin Leader","floor":29.0,"turns":8.0},{"damage":18.0,"enemies":"Snake Plant","floor":30.0,"turns":4.0},{"damage":0.0,"enemies":"Slavers","floor":31.0,"turns":5.0},{"damage":40,"enemies":"Champ","floor":33,"turns":7}],"seed_played":"-1105872023650456993","potions_obtained":[{"floor":1.0,"key":"Energy Potion"},{"floor":8.0,"key":"AttackPotion"},{"floor":11.0,"key":"Block Potion"},{"floor":14.0,"key":"Swift Potion"},{"floor":18.0,"key":"SmokeBomb"},{"floor":21.0,"key":"Swift Potion"},{"floor":30.0,"key":"AttackPotion"},{"floor":31.0,"key":"Explosive Potion"}],"is_trial":false,"path_per_floor":["M","?","?","?","M","R","E","M","T","R","E","$","E","M","R","B",null,"M","$","?","M","T","R","E","M","T","E","$","E","M","E","R","B"],"character_chosen":"THE_SILENT","items_purchased":["Glass Knife"],"campfire_rested":5,"item_purchase_floors":[12],"current_hp_per_floor":[57,57,37,37,37,55,18,18,18,36,36,36,11,10,28,5,46,38,38,38,34,34,52,54,47,47,26,26,22,9,14,32,0,0],"gold":192,"neow_bonus":"ONE_RARE_RELIC","is_daily":false,"chose_seed":false,"campfire_upgraded":0,"win_rate":0.0,"timestamp":1608561888,"path_taken":["M","?","?","?","M","R","E","M","T","R","E","$","E","M","R","BOSS","M","$","?","M","?","R","E","M","T","E","$","E","M","E","R","BOSS"],"items_purchased_type":["Card"],"build_version":"2020-12-13","purchased_purges":2,"victory":false,"max_hp_per_floor":[66,66,66,60,60,60,60,60,60,60,60,60,60,60,60,60,60,60,60,60,60,60,60,60,60,60,60,60,60,60,60,60,60,60],"relic_stats":{"Peace Pipe":0,"Centennial Puzzle":[34],"Dream Catcher":3,"counters":[17,92],"Gambling Chip":[58],"Bloody Idol":30,"Tiny Chest":0,"Juzu Bracelet":0,"Cursed Key":0,"obtain_stats":[{"Peace Pipe":24,"Potion Belt":27,"Lantern":7,"Centennial Puzzle":9,"Dream Catcher":13,"Golden Idol":4,"Gambling Chip":0,"Bloody Idol":20,"Tiny Chest":11,"Juzu Bracelet":31,"Cursed Key":17,"Ring of the Snake":0},{"Peace Pipe":11,"Potion Belt":13,"Lantern":3,"Centennial Puzzle":4,"Dream Catcher":6,"Golden Idol":1,"Gambling Chip":0,"Bloody Idol":9,"Tiny Chest":5,"Juzu Bracelet":16,"Cursed Key":8,"Ring of the Snake":0},{"Peace Pipe":58,"Potion Belt":68,"Lantern":16,"Centennial Puzzle":18,"Dream Catcher":28,"Golden Idol":3,"Gambling Chip":0,"Bloody Idol":49,"Tiny Chest":20,"Juzu Bracelet":85,"Cursed Key":46,"Ring of the Snake":0}],"Ring of the Snake":[35]},"card_choices":[{"not_picked":["Choke","Flying Knee"],"picked":"Masterful Stab","floor":1.0},{"not_picked":["Heel Hook","Tactician"],"picked":"Backflip","floor":5.0},{"not_picked":["Accuracy","Masterful Stab"],"picked":"Finisher","floor":7.0},{"not_picked":["Dodge and Roll","Expertise"],"picked":"Flying Knee","floor":8.0},{"not_picked":["Escape Plan","Caltrops"],"picked":"Endless Agony","floor":11.0},{"not_picked":["Blur","Infinite Blades"],"picked":"Calculated Gamble","floor":13.0},{"not_picked":["Slice","Flechettes","Backflip"],"picked":"SKIP","floor":14.0},{"not_picked":["Malaise","Night Terror"],"picked":"Adrenaline","floor":16.0},{"not_picked":["Outmaneuver","Quick Slash+1"],"picked":"Dash+1","floor":18.0},{"not_picked":["Dagger Throw+1","Prepared"],"picked":"Blade Dance","floor":21.0},{"not_picked":["Underhanded Strike+1","Slice"],"picked":"Bullet Time","floor":23.0},{"not_picked":["Dash","Acrobatics"],"picked":"Well Laid Plans","floor":24.0},{"not_picked":["Flying Knee","Acrobatics"],"picked":"PiercingWail","floor":25.0},{"not_picked":["Sucker Punch","Bane"],"picked":"Accuracy","floor":27.0},{"not_picked":["Slice","Acrobatics"],"picked":"Venomology","floor":30.0},{"not_picked":["Dagger Throw","Endless Agony","All Out Attack"],"picked":"SKIP","floor":31.0},{"not_picked":["Dagger Throw","Caltrops"],"picked":"Blade Dance","floor":32.0}],"player_experience":17917,"relics_obtained":[{"floor":7.0,"key":"Lantern"},{"floor":9.0,"key":"Centennial Puzzle"},{"floor":11.0,"key":"Tiny Chest"},{"floor":13.0,"key":"Dream Catcher"},{"floor":24.0,"key":"Peace Pipe"},{"floor":27.0,"key":"Potion Belt"},{"floor":31.0,"key":"Juzu Bracelet"}],"event_choices":[{"damage_healed":0.0,"max_hp_gain":0.0,"max_hp_loss":0.0,"gold_gain":0.0,"cards_transformed":["Strike_G"],"event_name":"Living Wall","player_choice":"Change","floor":2.0,"gold_loss":0.0,"damage_taken":0.0,"cards_obtained":["Caltrops"]},{"damage_healed":57.0,"max_hp_gain":0.0,"max_hp_loss":66.0,"gold_gain":0.0,"event_name":"betterThird:BetterShining","player_choice":"Upgrade","floor":3.0,"gold_loss":0.0,"damage_taken":20.0,"cards_upgraded":["Strike_G","Neutralize"]},{"damage_healed":0.0,"max_hp_gain":0.0,"max_hp_loss":6.0,"gold_gain":0.0,"event_name":"Golden Idol","player_choice":"Lose Max HP","floor":4.0,"gold_loss":0.0,"damage_taken":0.0,"relics_obtained":["Golden Idol"]},{"damage_healed":0.0,"max_hp_gain":0.0,"max_hp_loss":0.0,"gold_gain":0.0,"event_name":"Forgotten Altar","player_choice":"Gave Idol","floor":20.0,"relics_lost":["Golden Idol"],"gold_loss":0.0,"damage_taken":0.0,"relics_obtained":["Bloody Idol"]}],"is_beta":false,"boss_relics":[{"not_picked":["Snecko Eye","Astrolabe"],"picked":"Cursed Key"}],"items_purged_floors":[19,28],"is_endless":false,"potions_floor_spawned":[1,8,11,14,18,21,30,31],"killed_by":"Champ","ascension_level":20}}