{"host":"ErinAnne","time":1608520715,"event":{"mods":["AchievementEnabler","BaseMod","Colored Map","Colored Powertips","Downfall","Highlight Path","Minty Spire (QoL Compilation)","Relic Stats","Replay The Spire","Slay the Relics Exporter","StSLib","everything is the same but u backflip on backflip"],"gold_per_floor":[99,133,133,167,186,186,209,224,8,8,87,100,7,7,23,120,120,120,134,59,70,84,84,84,84,118,55,52,74,98,110,139,151,151,151],"floor_reached":33,"playtime":3878,"items_purged":["Regret"],"score":350,"play_id":"aa1892a5-6760-48b8-839a-9cd4a2e46c5a","local_time":"20201220211835","is_ascension_mode":false,"campfire_choices":[{"data":"champ:Taunt","floor":1,"key":"SMITH"},{"data":"champ:LastStand","floor":10,"key":"SMITH"},{"floor":18,"key":"RECALL"},{"data":"champ:EndlessRage","floor":20,"key":"SMITH"},{"floor":27,"key":"REST"}],"circlet_count":0,"master_deck":["champ:Defend","champ:Defend","champ:Defend","champ:Execute","champ:Taunt+1","champ:RecklessLeap","champ:AdrenalArmor+1","champ:Shatter+1","champ:CrookedStrike+1","champ:Backstep","champ:LastStand+1","champ:BladeFlurry","champ:BerserkerStyle","champ:Encircle","champ:GutPunch","champ:FocusedDefense","champ:DancingMaster","champ:TornadoPunch","champ:HeartStrike","champ:RisingSlash","champ:EndlessRage+1","champ:StrikeOfGenius","champ:DefensiveStyle+1","champ:ShieldWall+1","champ:EnragedBash+1","champ:CalledShot+1","champ:StanceDance","champ:BringItOn+1","Slimebound:Tackle+1","Slimebound:Tackle+1","Slimebound:Tackle+1","champ:ArenaPreparation","champ:RisingSlash","champ:Circumvent","Writhe"],"relics":["champ:ChampionCrown","downfall:HeartsMalice","Replay:Bottled Steam","TungstenRod","Blood Vial","Membership Card","Orrery","Iron Hammer","Astrolabe","downfall:HeartBlessingRed","Ornamental Fan","MawBank","downfall:HeartBlessingGreen","Replay:Wax Seal"],"acts_visited":["Exordium","TheCity"],"potions_floor_usage":[21,21,21,32,33,33],"damage_taken":[{"damage":0,"enemies":"Lagavulin","floor":2,"turns":1},{"damage":0,"enemies":"Cultist","floor":3,"turns":1},{"damage":0,"enemies":"3 Sentries","floor":4,"turns":1},{"damage":8,"enemies":"Jaw Worm","floor":5,"turns":3},{"damage":18,"enemies":"Small Slimes","floor":8,"turns":3},{"damage":20,"enemies":"downfall:FleeingMerchant","floor":9,"turns":4},{"damage":22,"enemies":"2 Fungi Beasts","floor":12,"turns":4},{"damage":20,"enemies":"downfall:FleeingMerchant","floor":13,"turns":4},{"damage":7,"enemies":"3 Louse","floor":15,"turns":2},{"damage":64,"enemies":"downfall:Ironclad","floor":16,"turns":8},{"damage":26,"enemies":"Chosen","floor":19,"turns":6},{"damage":86,"enemies":"3 Cultists","floor":21,"turns":6},{"damage":30,"enemies":"Chosen and Byrds","floor":22,"turns":4},{"damage":53,"enemies":"Book of Stabbing","floor":26,"turns":7},{"damage":18,"enemies":"downfall:FleeingMerchant","floor":28,"turns":4},{"damage":32,"enemies":"Snake Plant","floor":29,"turns":5},{"damage":34,"enemies":"Sentry and Sphere","floor":30,"turns":4},{"damage":16,"enemies":"Centurion and Healer","floor":32,"turns":8},{"damage":17,"enemies":"downfall:Silent","floor":33,"turns":4}],"seed_played":"-8667435581848633791","potions_obtained":[{"floor":4,"key":"PowerPotion"},{"floor":8,"key":"Energy Potion"},{"floor":11,"key":"Slimebound:ThreeZeroPotion"},{"floor":11,"key":"Regen Potion"},{"floor":19,"key":"champ:TechniquePotion"},{"floor":22,"key":"Elixir"},{"floor":30,"key":"SkillPotion"},{"floor":32,"key":"Strength Potion"}],"is_trial":false,"path_per_floor":["R","E","M","E","M","?","T","M","$","R","?","M","$","T","M","B",null,"R_BF","M","R","M","M","?","T","?","E","R","$","M","M","?","M","B"],"character_chosen":"THE_CHAMP","items_purchased":["Membership Card","champ:BladeFlurry","Orrery"],"campfire_rested":1,"item_purchase_floors":[9,9,13],"current_hp_per_floor":[90,90,90,90,90,90,90,90,90,90,90,75,81,81,89,52,90,90,82,82,41,47,47,47,47,14,41,44,33,15,15,11,0,0,0],"gold":151,"neow_bonus":"THREE_ENEMY_KILL","is_daily":false,"chose_seed":false,"campfire_upgraded":3,"win_rate":0.0,"timestamp":1608520715,"path_taken":["R","E","M","E","?","?","T","M","$","R","?","?","?","?","M","BOSS","R_BF","?","R","M","M","?","T","?","E","R","$","M","M","?","M","BOSS"],"items_purchased_type":["Relic","Card","Relic"],"build_version":"2020-12-18","purchased_purges":1,"victory":false,"max_hp_per_floor":[90,90,90,90,90,90,90,90,90,90,90,90,90,90,90,90,90,90,90,90,90,90,90,90,90,90,90,90,90,90,90,90,90,90,90],"relic_stats":{"Blood Vial":21,"counters":[19,76],"Ornamental Fan":[8],"Astrolabe":["champ:DefensiveStyle","champ:ShieldWall","champ:EnragedBash"],"MawBank":84,"obtain_stats":[{"downfall:HeartBlessingRed":20,"Astrolabe":17,"champ:ChampionCrown":0,"downfall:HeartsMalice":0,"downfall:HeartBlessingGreen":27,"MawBank":26,"Blood Vial":7,"Ornamental Fan":24,"Orrery":13,"Iron Hammer":14,"Membership Card":9,"Replay:Wax Seal":31,"TungstenRod":4,"Replay:Bottled Steam":2},{"downfall:HeartBlessingRed":11,"Astrolabe":10,"champ:ChampionCrown":0,"downfall:HeartsMalice":0,"downfall:HeartBlessingGreen":14,"MawBank":14,"Blood Vial":4,"Ornamental Fan":13,"Orrery":8,"Iron Hammer":8,"Membership Card":6,"Replay:Wax Seal":17,"TungstenRod":3,"Replay:Bottled Steam":1},{"downfall:HeartBlessingRed":34,"Astrolabe":28,"champ:ChampionCrown":0,"downfall:HeartsMalice":0,"downfall:HeartBlessingGreen":51,"MawBank":51,"Blood Vial":3,"Ornamental Fan":44,"Orrery":18,"Iron Hammer":18,"Membership Card":10,"Replay:Wax Seal":64,"TungstenRod":0,"Replay:Bottled Steam":0}],"TungstenRod":135},"card_choices":[{"not_picked":["champ:DefensiveShout","champ:RisingSlash"],"picked":"champ:RecklessLeap","floor":2},{"not_picked":["champ:Haymaker","champ:TornadoPunch"],"picked":"champ:AdrenalArmor","floor":3},{"not_picked":["champ:Backstep","champ:DefensiveStyle"],"picked":"champ:Shatter","floor":4},{"not_picked":["champ:Backstep","champ:BladeFlurry"],"picked":"champ:CrookedStrike","floor":5},{"not_picked":["champ:FocusedDefense","champ:CrookedStrike"],"picked":"champ:Backstep","floor":8},{"not_picked":["champ:BladeFlurry","champ:Backstep"],"picked":"champ:LastStand","floor":9},{"not_picked":["champ:FocusedBerserking","champ:StanceDance"],"picked":"champ:BerserkerStyle","floor":11},{"not_picked":["champ:Backstep","champ:Haymaker"],"picked":"champ:Encircle","floor":12},{"not_picked":["champ:PerfectForm","champ:DefensiveShout"],"picked":"champ:GutPunch","floor":13},{"not_picked":["champ:Backstep","champ:CrookedStrike"],"picked":"champ:FocusedDefense","floor":13},{"not_picked":["champ:EndlessRage","champ:Circumvent"],"picked":"champ:DancingMaster","floor":13},{"not_picked":["champ:StanceDance","champ:DefensiveShout"],"picked":"champ:TornadoPunch","floor":13},{"not_picked":["champ:FocusedDefense","champ:PerfectedStrike"],"picked":"champ:HeartStrike","floor":13},{"not_picked":["champ:Haymaker","champ:Circumvent"],"picked":"champ:RisingSlash","floor":13},{"not_picked":["champ:RapidStrikes","champ:TornadoPunch"],"picked":"champ:EndlessRage","floor":15},{"not_picked":["champ:ShieldThrow","champ:PerfectForm"],"picked":"champ:StrikeOfGenius","floor":16},{"not_picked":["champ:FanOfKnives","champ:RapidStrikes"],"picked":"champ:CalledShot+1","floor":19},{"not_picked":["champ:FocusedDefense+1","champ:CalledShot"],"picked":"champ:StanceDance","floor":21},{"not_picked":["champ:DefensiveShout","champ:AdrenalArmor"],"picked":"champ:BringItOn+1","floor":22},{"not_picked":["champ:BerserkersShout+1","champ:Haymaker+1","champ:CrookedStrike"],"picked":"SKIP","floor":26},{"not_picked":["champ:CrookedStrike","champ:Circumvent"],"picked":"champ:ArenaPreparation","floor":28},{"not_picked":["champ:GutPunch","champ:Haymaker+1"],"picked":"champ:RisingSlash","floor":29},{"not_picked":["champ:FightOn","champ:CrookedStrike"],"picked":"champ:Circumvent","floor":30},{"not_picked":["champ:PerfectedStrike+1","champ:Backstep","champ:Riposte"],"picked":"SKIP","floor":32}],"player_experience":74411,"relics_obtained":[{"floor":2,"key":"Replay:Bottled Steam"},{"floor":4,"key":"TungstenRod"},{"floor":7,"key":"Blood Vial"},{"floor":14,"key":"Iron Hammer"},{"floor":24,"key":"Ornamental Fan"},{"floor":26,"key":"MawBank"}],"event_choices":[],"is_beta":true,"boss_relics":[{"not_picked":["Empty Cage","Fusion Hammer"],"picked":"Astrolabe"}],"items_purged_floors":[9],"is_endless":false,"potions_floor_spawned":[4,8,15,16,19,22,30,32],"killed_by":"downfall:Silent","ascension_level":0}}