{"host":"sxnl403xm2xmiyj1","time":1608552102,"event":{"mods":["AchievementEnabler","BaseMod","Colored Map","Keyboard Shortcuts","Minty Spire (QoL Compilation)","Quick Restart","StSLib","SuperFastMode"],"gold_per_floor":[111,121,121,121,140,168,6,37,37,37,52,64,89,105,105,105,105],"floor_reached":16,"playtime":309,"items_purged":["Strike_B"],"score":232,"play_id":"48f77b81-49c4-456b-99af-b4c989a43a4b","local_time":"20201221210142","is_ascension_mode":true,"campfire_choices":[{"data":"Hologram","floor":10.0,"key":"SMITH"},{"data":"Coolheaded","floor":15.0,"key":"SMITH"}],"circlet_count":0,"master_deck":["AscendersBane","Strike_B+1","Strike_B","Strike_B","Defend_B","Defend_B","Defend_B","Defend_B","Zap","Dualcast","Coolheaded+1","Ball Lightning","Hologram+1","Blizzard+1","Chill","Cold Snap","Machine Learning","Coolheaded+1"],"relics":["Cracked Core","NeowsBlessing","Akabeko","Girya","InkBottle","Whetstone"],"acts_visited":["Exordium"],"potions_floor_usage":[16],"damage_taken":[{"damage":0.0,"enemies":"Jaw Worm","floor":1.0,"turns":1.0},{"damage":0.0,"enemies":"Small Slimes","floor":2.0,"turns":1.0},{"damage":0.0,"enemies":"Cultist","floor":5.0,"turns":1.0},{"damage":32.0,"enemies":"Lagavulin","floor":6.0,"turns":6.0},{"damage":11.0,"enemies":"Gremlin Nob","floor":8.0,"turns":3.0},{"damage":0.0,"enemies":"3 Louse","floor":11.0,"turns":2.0},{"damage":2.0,"enemies":"Exordium Thugs","floor":12.0,"turns":3.0},{"damage":8.0,"enemies":"3 Sentries","floor":13.0,"turns":7.0},{"damage":9.0,"enemies":"Red Slaver","floor":14.0,"turns":2.0},{"damage":0,"enemies":"Hexaghost","floor":16,"turns":9}],"seed_played":"5676529811042503366","potions_obtained":[{"floor":4.0,"key":"Swift Potion"},{"floor":4.0,"key":"Block Potion"},{"floor":6.0,"key":"EssenceOfDarkness"},{"floor":8.0,"key":"SkillPotion"},{"floor":11.0,"key":"Swift Potion"},{"floor":12.0,"key":"DistilledChaos"},{"floor":14.0,"key":"SkillPotion"}],"is_trial":false,"path_per_floor":["M","M","?","?","M","E","$","E","T","R","M","M","E","M","R","B"],"character_chosen":"DEFECT","items_purchased":["Chill"],"campfire_rested":0,"item_purchase_floors":[7],"current_hp_per_floor":[64,64,64,64,64,32,32,21,21,21,21,19,11,2,2,2,2],"gold":105,"neow_bonus":"THREE_ENEMY_KILL","is_daily":false,"chose_seed":false,"campfire_upgraded":2,"win_rate":0.0,"timestamp":1608552102,"path_taken":["M","M","?","?","?","E","$","E","T","R","M","M","E","M","R","BOSS"],"items_purchased_type":["Card"],"build_version":"2020-12-13","purchased_purges":1,"victory":false,"max_hp_per_floor":[71,71,71,71,71,71,71,71,71,71,71,71,71,71,71,71,71],"card_choices":[{"not_picked":["Blizzard","Stack"],"picked":"Coolheaded","floor":1.0},{"not_picked":["Darkness","Barrage"],"picked":"Ball Lightning","floor":2.0},{"not_picked":["Storm","Hyperbeam"],"picked":"Hologram","floor":5.0},{"not_picked":["Fusion","Beam Cell"],"picked":"Blizzard","floor":6.0},{"not_picked":["Go for the Eyes","Consume","Beam Cell"],"picked":"SKIP","floor":8.0},{"not_picked":["Hyperbeam","Steam Power"],"picked":"Cold Snap","floor":11.0},{"not_picked":["Redo","Go for the Eyes","Sunder"],"picked":"SKIP","floor":12.0},{"not_picked":["Hologram","Coolheaded"],"picked":"Machine Learning","floor":13.0},{"not_picked":["Ball Lightning","Barrage"],"picked":"Coolheaded","floor":14.0}],"player_experience":112454,"relics_obtained":[{"floor":6.0,"key":"Akabeko"},{"floor":8.0,"key":"Girya"},{"floor":9.0,"key":"InkBottle"},{"floor":13.0,"key":"Whetstone"}],"event_choices":[{"damage_healed":0.0,"max_hp_gain":0.0,"max_hp_loss":0.0,"gold_gain":0.0,"event_name":"Living Wall","player_choice":"Grow","floor":3.0,"gold_loss":0.0,"damage_taken":0.0,"cards_upgraded":["Coolheaded"]},{"damage_healed":0.0,"max_hp_gain":0.0,"max_hp_loss":0.0,"gold_gain":0.0,"event_name":"Lab","player_choice":"Got Potions","floor":4.0,"gold_loss":0.0,"damage_taken":0.0}],"is_beta":false,"boss_relics":[],"items_purged_floors":[7],"is_endless":false,"potions_floor_spawned":[6,8,11,12,14],"killed_by":"Hexaghost","ascension_level":18}}