{"host":"fne7yx97fnz7kq05","time":1608518615,"event":{"mods":["BaseMod","Colored Map","Colored Powertips","Highlight Path","Minty Spire (QoL Compilation)","Relic Stats"],"gold_per_floor":[110,124,124,135,235,235,246,271,271,271,283,283,316,333,333,435,435,446,466,466,501,501,531,531,563,563,57,57,57,57,74,74,177,177,187,232,38,38,54,54,79,79,105,5,19,45,45,45,45,45,45,45,45,76,76],"floor_reached":56,"playtime":3365,"items_purged":["Strike_G","Shame"],"score":1481,"play_id":"320b73f5-8129-4c58-b805-0dc373257141","local_time":"20201220204335","is_ascension_mode":true,"campfire_choices":[{"data":"Dash","floor":6,"key":"SMITH"},{"data":"Catalyst","floor":10,"key":"SMITH"},{"data":"Deadly Poison","floor":12,"key":"SMITH"},{"data":"Bouncing Flask","floor":15,"key":"SMITH"},{"floor":24,"key":"REST"},{"data":"Catalyst","floor":28,"key":"SMITH"},{"data":"Leg Sweep","floor":30,"key":"SMITH"},{"floor":32,"key":"REST"},{"floor":40,"key":"REST"},{"floor":42,"key":"RECALL"},{"floor":47,"key":"DIG"},{"floor":49,"key":"REST"},{"floor":52,"key":"DIG"}],"circlet_count":0,"master_deck":["Strike_G","Strike_G","Strike_G+1","Defend_G+1","Defend_G","Defend_G","Defend_G","Defend_G","Survivor","Neutralize","Underhanded Strike","Deadly Poison+1","Dash+1","Leg Sweep+1","Catalyst+1","Quick Slash","Backflip","Catalyst+1","Bouncing Flask+1","Night Terror","Noxious Fumes+1","Bane+1","PiercingWail","Dash+1","Night Terror","Backflip+1","Blur+1","Blur","Bullet Time","Acrobatics+1"],"relics":["Cursed Key","Pen Nib","Prayer Wheel","Snecko Eye","Red Mask","Nilry\u0027s Codex","Pear","Orichalcum","Blood Vial","Toy Ornithopter","Empty Cage","WingedGreaves","Medical Kit","Shovel","Lantern","Thread and Needle","Sundial","Centennial Puzzle"],"acts_visited":["Exordium","TheCity","TheBeyond","TheEnding"],"potions_floor_usage":[21,21,23,36,36,46,55,55],"damage_taken":[{"damage":2,"enemies":"2 Louse","floor":1,"turns":4},{"damage":0,"enemies":"Cultist","floor":2,"turns":4},{"damage":0,"enemies":"Jaw Worm","floor":4,"turns":3},{"damage":0,"enemies":"2 Fungi Beasts","floor":7,"turns":3},{"damage":6,"enemies":"Gremlin Nob","floor":8,"turns":4},{"damage":0,"enemies":"Blue Slaver","floor":11,"turns":4},{"damage":0,"enemies":"3 Sentries","floor":13,"turns":7},{"damage":9,"enemies":"Exordium Wildlife","floor":14,"turns":3},{"damage":0,"enemies":"The Guardian","floor":16,"turns":5},{"damage":0,"enemies":"Spheric Guardian","floor":18,"turns":2},{"damage":13,"enemies":"3 Byrds","floor":19,"turns":4},{"damage":16,"enemies":"Masked Bandits","floor":21,"turns":4},{"damage":4,"enemies":"Book of Stabbing","floor":23,"turns":5},{"damage":32,"enemies":"Slavers","floor":25,"turns":4},{"damage":5,"enemies":"Snake Plant","floor":31,"turns":3},{"damage":13,"enemies":"Champ","floor":33,"turns":4},{"damage":10,"enemies":"3 Shapes","floor":35,"turns":5},{"damage":44,"enemies":"2 Orb Walkers","floor":36,"turns":7},{"damage":18,"enemies":"3 Darklings","floor":39,"turns":5},{"damage":0,"enemies":"Giant Head","floor":41,"turns":4},{"damage":10,"enemies":"Spire Growth","floor":45,"turns":4},{"damage":12,"enemies":"Reptomancer","floor":46,"turns":6},{"damage":29,"enemies":"Time Eater","floor":50,"turns":6},{"damage":50,"enemies":"Shield and Spear","floor":54,"turns":6},{"damage":38,"enemies":"The Heart","floor":55,"turns":10}],"seed_played":"-6781341771334979728","potions_obtained":[{"floor":11,"key":"EssenceOfSteel"},{"floor":14,"key":"SkillPotion"},{"floor":16,"key":"Poison Potion"},{"floor":31,"key":"ColorlessPotion"},{"floor":35,"key":"GamblersBrew"},{"floor":39,"key":"Fire Potion"},{"floor":46,"key":"PowerPotion"}],"is_trial":false,"path_per_floor":["M","M","?","M","?","R","M","E","T","R","M","R","E","M","R","B",null,"M","M","?","?","?","E","R","E","T","$","R","$","R","M","R","B",null,"M","?","$","?","M","R","E","R","T","$","M","E","R","?","R","B",null,"R","$","E","B",null],"character_chosen":"THE_SILENT","items_purchased":["Blood Vial","Toy Ornithopter","FearPotion","Block Potion","PiercingWail","Medical Kit","Blur"],"campfire_rested":4,"item_purchase_floors":[27,27,27,27,27,37,37],"current_hp_per_floor":[68,68,54,54,54,54,54,48,48,48,48,48,48,39,39,39,70,70,57,57,41,25,31,55,23,23,23,23,23,23,20,44,33,80,70,38,38,38,22,46,48,48,48,48,40,35,35,35,59,32,80,80,80,30,4],"gold":76,"neow_bonus":"BOSS_RELIC","is_daily":false,"chose_seed":false,"campfire_upgraded":6,"win_rate":0.0,"timestamp":1608518615,"path_taken":["M","M","?","M","?","R","M","E","T","R","M","R","E","M","R","BOSS","M","M","?","?","?","E","R","E","T","?","R","$","R","?","R","BOSS","M","?","$","?","?","R","E","R","T","$","M","E","R","?","R","BOSS","R","$","E","BOSS"],"items_purchased_type":["Relic","Relic","Potion","Potion","Card","Relic","Card"],"build_version":"2020-12-13","purchased_purges":2,"victory":true,"max_hp_per_floor":[70,70,70,70,70,70,70,70,70,70,70,70,70,70,70,70,70,70,70,70,70,70,80,80,80,80,80,80,80,80,80,80,80,80,80,80,80,80,80,80,80,80,80,80,80,80,80,80,80,80,80,80,80,80,80],"relic_stats":{"counters":[25,116],"Pen Nib":[12],"Orichalcum":[36],"Cursed Key":1,"Medical Kit":[6],"Blood Vial":18,"Centennial Puzzle":[3],"Shovel":2,"Sundial":[2],"Snecko Eye":[132,155,165,157],"Prayer Wheel":7,"obtain_stats":[{"Lantern":46,"Pear":23,"Nilry\u0027s Codex":22,"Thread and Needle":47,"Pen Nib":8,"Orichalcum":25,"Cursed Key":0,"Empty Cage":34,"Medical Kit":37,"Blood Vial":27,"Centennial Puzzle":54,"Shovel":41,"Sundial":52,"Snecko Eye":17,"Prayer Wheel":13,"WingedGreaves":36,"Red Mask":21,"Toy Ornithopter":27,"Ring of the Snake":0},{"Lantern":22,"Pear":13,"Nilry\u0027s Codex":12,"Thread and Needle":22,"Pen Nib":5,"Orichalcum":14,"Cursed Key":0,"Empty Cage":16,"Medical Kit":18,"Blood Vial":14,"Centennial Puzzle":24,"Shovel":20,"Sundial":23,"Snecko Eye":9,"Prayer Wheel":7,"WingedGreaves":18,"Red Mask":12,"Toy Ornithopter":14,"Ring of the Snake":0},{"Lantern":94,"Pear":52,"Nilry\u0027s Codex":47,"Thread and Needle":94,"Pen Nib":18,"Orichalcum":56,"Cursed Key":0,"Empty Cage":63,"Medical Kit":75,"Blood Vial":56,"Centennial Puzzle":106,"Shovel":84,"Sundial":100,"Snecko Eye":37,"Prayer Wheel":29,"WingedGreaves":75,"Red Mask":47,"Toy Ornithopter":56,"Ring of the Snake":0}],"Toy Ornithopter":25},"card_choices":[{"not_picked":["Bane","Slice"],"picked":"Underhanded Strike","floor":1},{"not_picked":["Poisoned Stab","Underhanded Strike"],"picked":"Deadly Poison","floor":2},{"not_picked":["Footwork","Cloak And Dagger"],"picked":"Dash","floor":4},{"not_picked":["Slice","Footwork"],"picked":"Leg Sweep","floor":7},{"not_picked":["Blur","Well Laid Plans"],"picked":"Catalyst","floor":8},{"not_picked":["Underhanded Strike","Slice"],"picked":"Quick Slash","floor":11},{"not_picked":["Dagger Throw","Quick Slash"],"picked":"Backflip","floor":13},{"not_picked":["Dash","Escape Plan"],"picked":"Catalyst","floor":14},{"not_picked":["Well Laid Plans","Poisoned Stab"],"picked":"Bouncing Flask","floor":14},{"not_picked":["Venomology","A Thousand Cuts"],"picked":"Night Terror","floor":16},{"not_picked":["Poisoned Stab","Crippling Poison"],"picked":"Noxious Fumes+1","floor":18},{"not_picked":["Blade Dance","Dodge and Roll","Underhanded Strike"],"picked":"SKIP","floor":18},{"not_picked":["Accuracy+1","Quick Slash"],"picked":"Bane+1","floor":19},{"not_picked":["Blade Dance","Expertise","Endless Agony+1"],"picked":"SKIP","floor":19},{"not_picked":["Escape Plan","Leg Sweep+1","Flying Knee"],"picked":"SKIP","floor":23},{"not_picked":["Noxious Fumes+1","Dagger Throw+1","Poisoned Stab"],"picked":"SKIP","floor":25},{"not_picked":["Outmaneuver","Deadly Poison+1"],"picked":"Dash+1","floor":31},{"not_picked":["Cloak And Dagger","Poisoned Stab","Blade Dance"],"picked":"SKIP","floor":31},{"not_picked":["Unload","Envenom"],"picked":"Night Terror","floor":33},{"not_picked":["Dagger Throw+1","Flechettes"],"picked":"Backflip+1","floor":35},{"not_picked":["Quick Slash+1","Choke+1","Slice+1"],"picked":"SKIP","floor":35},{"not_picked":["Flechettes+1","Bane+1"],"picked":"Bullet Time","floor":39},{"not_picked":["Prepared","Distraction","Blade Dance+1"],"picked":"SKIP","floor":39},{"not_picked":["Dagger Spray","Sucker Punch","Storm of Steel"],"picked":"SKIP","floor":41},{"not_picked":["Finisher+1","Dagger Spray+1","Accuracy+1"],"picked":"SKIP","floor":45},{"not_picked":["Underhanded Strike+1","Deadly Poison+1","Choke+1"],"picked":"SKIP","floor":45},{"not_picked":["Terror","Sucker Punch+1"],"picked":"Acrobatics+1","floor":46},{"not_picked":["Bane+1","Blade Dance+1","Reflex"],"picked":"SKIP","floor":54}],"player_experience":99862,"relics_obtained":[{"floor":8,"key":"Pen Nib"},{"floor":13,"key":"Prayer Wheel"},{"floor":21,"key":"Red Mask"},{"floor":22,"key":"Nilry\u0027s Codex"},{"floor":23,"key":"Pear"},{"floor":25,"key":"Orichalcum"},{"floor":36,"key":"WingedGreaves"},{"floor":41,"key":"Shovel"},{"floor":46,"key":"Lantern"},{"floor":47,"key":"Thread and Needle"},{"floor":52,"key":"Sundial"},{"floor":54,"key":"Centennial Puzzle"}],"event_choices":[{"damage_healed":0,"gold_gain":0,"player_choice":"Entered Light","damage_taken":14,"max_hp_gain":0,"max_hp_loss":0,"event_name":"Shining Light","floor":3,"gold_loss":0,"cards_upgraded":["Strike_G","Defend_G"]},{"damage_healed":0,"gold_gain":100,"player_choice":"Gold","damage_taken":0,"max_hp_gain":0,"max_hp_loss":0,"event_name":"Wheel of Change","floor":5,"gold_loss":0},{"damage_healed":0,"gold_gain":0,"player_choice":"Smashed Altar","damage_taken":0,"max_hp_gain":0,"max_hp_loss":0,"event_name":"Forgotten Altar","floor":20,"gold_loss":0,"cards_obtained":["Decay"]},{"damage_healed":0,"gold_gain":0,"player_choice":"Fought Bandits","damage_taken":0,"max_hp_gain":0,"max_hp_loss":0,"event_name":"Masked Bandits","floor":21,"gold_loss":0},{"damage_healed":0,"gold_gain":0,"player_choice":"Obtained Book","damage_taken":16,"max_hp_gain":0,"max_hp_loss":0,"event_name":"Cursed Tome","floor":22,"gold_loss":0},{"damage_healed":0,"gold_gain":0,"player_choice":"Fight","damage_taken":0,"max_hp_gain":0,"max_hp_loss":0,"event_name":"Mysterious Sphere","floor":36,"gold_loss":0},{"damage_healed":0,"gold_gain":0,"player_choice":"Copied","damage_taken":0,"max_hp_gain":0,"max_hp_loss":0,"event_name":"Duplicator","floor":38,"gold_loss":0,"cards_obtained":["Blur"]},{"damage_healed":0,"gold_gain":0,"player_choice":"Upgraded","damage_taken":0,"max_hp_gain":0,"max_hp_loss":0,"event_name":"Upgrade Shrine","floor":48,"gold_loss":0,"cards_upgraded":["Blur"]}],"is_beta":false,"boss_relics":[{"not_picked":["Philosopher\u0027s Stone","WristBlade"],"picked":"Snecko Eye"},{"not_picked":["Calling Bell","Runic Pyramid"],"picked":"Empty Cage"}],"items_purged_floors":[27,44],"is_endless":false,"potions_floor_spawned":[11,14,16,18,31,35,39,46],"ascension_level":3}}