{"host":"ljnkpwbnfujn5lym","time":1608593793,"event":{"mods":["Bard","BaseMod","Better Note","Colored Map","Colored Powertips","Exacting","Googly Eyes","Highlight Path","Infinite Spire","Minty Spire (QoL Compilation)","Permanent Neow","Quick Restart","Relic Sorter","Relic Stats","Replay The Spire","StSLib","The IronCluck","slay the spire mod where everything is the same but ironclad has a cowboy hat"],"gold_per_floor":[114,114,114,128,128,168,168,203,228,266,279,118,33,68,68,162,162,82,82],"floor_reached":18,"playtime":597,"items_purged":["Strike_G"],"score":468,"play_id":"6110a002-58d2-4a63-8492-2f9845ed9664","local_time":"20201221173633","is_ascension_mode":true,"campfire_choices":[{"data":"Dash","floor":7.0,"key":"SMITH"},{"data":"Footwork","floor":15.0,"key":"SMITH"}],"circlet_count":0,"master_deck":["AscendersBane","Strike_G","Strike_G","Strike_G","Strike_G","Defend_G","Defend_G","Defend_G","Defend_G","Defend_G","Survivor","Neutralize","Masterful Stab","Dagger Spray","Dash+1","Backflip","Footwork+1","Leg Sweep","Caltrops","Glass Knife"],"relics":["Ring of the Snake","NeowsBlessing","NeowsBlessing","Omamori","infinitespire:FocusingShard","Golden Idol","Bag of Preparation","Nunchaku","Tiny Chest","ReplayTheSpireMod:Lightbulb","Snecko Eye"],"acts_visited":["Exordium","TheCity"],"potions_floor_usage":[16,16,16,16,16,16,16,16,16],"damage_taken":[{"damage":0.0,"enemies":"Jaw Worm","floor":1.0,"turns":1.0},{"damage":0.0,"enemies":"Cultist","floor":4.0,"turns":1.0},{"damage":0.0,"enemies":"Gremlin Nob","floor":6.0,"turns":1.0},{"damage":0.0,"enemies":"3 Sentries","floor":8.0,"turns":1.0},{"damage":0.0,"enemies":"Lagavulin","floor":10.0,"turns":8.0},{"damage":0.0,"enemies":"Small Slimes","floor":11.0,"turns":1.0},{"damage":4.0,"enemies":"Exordium Wildlife","floor":14.0,"turns":3.0},{"damage":40,"enemies":"Fading Forest","floor":16,"turns":11},{"damage":6,"enemies":"2 Thieves","floor":18,"turns":4}],"seed_played":"-2627650357594473184","potions_obtained":[{"floor":1.0,"key":"LifebloodPotion"},{"floor":4.0,"key":"ColorlessPotion"}],"is_trial":false,"path_per_floor":["M","?","T","M","?","E","R","E","T","E","M","$","$","M","R","B",null,"M"],"character_chosen":"THE_SILENT","items_purchased":["Leg Sweep","Caltrops"],"campfire_rested":0,"item_purchase_floors":[12,13],"current_hp_per_floor":[59,41,41,41,41,41,41,41,41,41,41,41,41,37,37,9,47,41,41],"gold":82,"neow_bonus":"THREE_ENEMY_KILL","is_daily":false,"chose_seed":false,"campfire_upgraded":2,"win_rate":0.0,"timestamp":1608593793,"path_taken":["M","?","?","?","?","E","R","E","T","E","M","?","$","M","R","BOSS","M"],"items_purchased_type":["Card","Card"],"build_version":"2020-12-13","purchased_purges":1,"victory":false,"max_hp_per_floor":[66,66,66,66,60,60,60,60,60,60,60,60,60,60,60,60,60,60,60],"relic_stats":{"Nunchaku":[5],"counters":[9,31],"Golden Idol":49,"Snecko Eye":[5,7,11,9],"Tiny Chest":0,"Bag of Preparation":[11],"obtain_stats":[{"Nunchaku":8,"NeowsBlessing":0,"Golden Idol":5,"Snecko Eye":17,"Tiny Chest":9,"infinitespire:FocusingShard":3,"Omamori":2,"Bag of Preparation":6,"ReplayTheSpireMod:Lightbulb":10,"Ring of the Snake":0},{"Nunchaku":4,"NeowsBlessing":0,"Golden Idol":2,"Snecko Eye":8,"Tiny Chest":4,"infinitespire:FocusingShard":1,"Omamori":1,"Bag of Preparation":3,"ReplayTheSpireMod:Lightbulb":5,"Ring of the Snake":0},{"Nunchaku":4,"NeowsBlessing":0,"Golden Idol":2,"Snecko Eye":27,"Tiny Chest":4,"infinitespire:FocusingShard":1,"Omamori":1,"Bag of Preparation":3,"ReplayTheSpireMod:Lightbulb":12,"Ring of the Snake":0}],"Ring of the Snake":[18]},"card_choices":[{"not_picked":["Hidden Blade","Dagger Spray"],"picked":"Masterful Stab","floor":1.0},{"not_picked":["ReplayTheSpireMod:Shiv Toss","Sneak Up"],"picked":"Dagger Spray","floor":4.0},{"not_picked":["Poisoned Stab","Terror"],"picked":"Dash","floor":6.0},{"not_picked":["Fluid Movement","Heel Hook","Expertise"],"picked":"SKIP","floor":8.0},{"not_picked":["Outmaneuver","Flying Knee"],"picked":"Backflip","floor":10.0},{"not_picked":["Quick Slash","Dodge and Roll"],"picked":"Footwork","floor":11.0},{"not_picked":["Flying Knee","Dagger Spray","Acrobatics"],"picked":"SKIP","floor":14.0},{"not_picked":["A Thousand Cuts","Doppelganger"],"picked":"Glass Knife","floor":16}],"player_experience":623175,"relics_obtained":[{"floor":3.0,"key":"infinitespire:FocusingShard"},{"floor":6.0,"key":"Bag of Preparation"},{"floor":8.0,"key":"Nunchaku"},{"floor":9.0,"key":"Tiny Chest"},{"floor":10.0,"key":"ReplayTheSpireMod:Lightbulb"}],"event_choices":[{"damage_healed":0.0,"max_hp_gain":0.0,"max_hp_loss":0.0,"gold_gain":0.0,"event_name":"Scrap Ooze","player_choice":"Success","floor":2.0,"gold_loss":0.0,"damage_taken":18.0,"relics_obtained":["Omamori"]},{"damage_healed":0.0,"max_hp_gain":0.0,"max_hp_loss":6.0,"gold_gain":0.0,"event_name":"Golden Idol","player_choice":"Lose Max HP","floor":5.0,"gold_loss":0.0,"damage_taken":0.0,"relics_obtained":["Golden Idol"]}],"is_beta":false,"boss_relics":[{"not_picked":["SacredBark","Coffee Dripper"],"picked":"Snecko Eye"}],"items_purged_floors":[12],"is_endless":false,"potions_floor_spawned":[1,4,16],"killed_by":"2 Thieves","ascension_level":17}}