{"host":"oiai0qxasotny765","time":1608578447,"event":{"mods":["2.2 Compatiblity","AchievementEnabler","BaseMod","Colored Map","Minty Spire (QoL Compilation)","Permanent Neow","Relic Stats","StSLib","SuperFastMode","everything is the same but u backflip on backflip"],"gold_per_floor":[114,129,48,66,66,66,66,96,173,15,15,30,30,44,44,44,44],"floor_reached":16,"playtime":420,"items_purged":[],"score":185,"play_id":"50892e96-2441-4ee6-8d2e-63929b33d552","local_time":"20201222042047","is_ascension_mode":true,"campfire_choices":[{"data":"Eviscerate","floor":6,"key":"SMITH"},{"data":"Acrobatics","floor":13,"key":"SMITH"},{"floor":15,"key":"REST"}],"circlet_count":0,"master_deck":["AscendersBane","Strike_G","Strike_G+1","Strike_G+1","Defend_G","Defend_G","Defend_G","Defend_G","Defend_G","Survivor","Neutralize","Secret Technique","Eviscerate+1","Backflip","Adrenaline","Escape Plan","Acrobatics+1","Impatience"],"relics":["Ring of the Snake","TheAbacus","Sundial","Potion Belt","Pear"],"acts_visited":["Exordium"],"potions_floor_usage":[8,12],"damage_taken":[{"damage":5,"enemies":"Jaw Worm","floor":1,"turns":5},{"damage":0,"enemies":"2 Louse","floor":2,"turns":3},{"damage":6,"enemies":"Small Slimes","floor":4,"turns":4},{"damage":10,"enemies":"Lagavulin","floor":8,"turns":8},{"damage":0,"enemies":"Blue Slaver","floor":12,"turns":5},{"damage":1,"enemies":"Large Slime","floor":14,"turns":5},{"damage":0,"enemies":"Slime Boss","floor":16,"turns":3}],"seed_played":"3119194984375202396","potions_obtained":[{"floor":4,"key":"Block Potion"},{"floor":8,"key":"Regen Potion"}],"is_trial":false,"path_per_floor":["M","M","$","M","?","R","?","E","T","$","?","M","R","M","R","B"],"character_chosen":"THE_SILENT","items_purchased":["Eviscerate","Acrobatics","Impatience"],"campfire_rested":1,"item_purchase_floors":[3,10,10],"current_hp_per_floor":[39,39,39,33,33,33,13,3,13,13,6,20,20,19,41,41,41],"gold":44,"neow_bonus":"RANDOM_COLORLESS_2","is_daily":false,"chose_seed":false,"campfire_upgraded":2,"win_rate":0.0,"timestamp":1608578447,"path_taken":["M","M","$","M","?","R","?","E","T","$","?","M","R","M","R","BOSS"],"items_purchased_type":["Card","Card","Card"],"build_version":"2020-12-13","purchased_purges":0,"victory":false,"max_hp_per_floor":[66,66,66,66,66,66,66,66,76,76,76,76,76,76,76,76,76],"relic_stats":{"TheAbacus":[78],"counters":[7,33],"Sundial":[8],"obtain_stats":[{"Potion Belt":8,"TheAbacus":0,"Pear":9,"Sundial":0,"Ring of the Snake":0},{"Potion Belt":4,"TheAbacus":0,"Pear":4,"Sundial":0,"Ring of the Snake":0},{"Potion Belt":20,"TheAbacus":0,"Pear":20,"Sundial":0,"Ring of the Snake":0}],"Ring of the Snake":[14]},"card_choices":[{"not_picked":["Apotheosis","Metamorphosis"],"picked":"Secret Technique","floor":0},{"not_picked":["Deflect","Backstab","Flying Knee"],"picked":"SKIP","floor":1},{"not_picked":["Deflect","Backstab","Cloak And Dagger"],"picked":"SKIP","floor":2},{"not_picked":["Blade Dance","Dash"],"picked":"Backflip","floor":4},{"not_picked":["Envenom","Deflect"],"picked":"Escape Plan","floor":8},{"not_picked":["Underhanded Strike","Heel Hook","Well Laid Plans"],"picked":"SKIP","floor":12},{"not_picked":["Skewer","Quick Slash","Dash"],"picked":"SKIP","floor":14}],"player_experience":275486,"relics_obtained":[{"floor":8,"key":"Potion Belt"},{"floor":9,"key":"Pear"}],"event_choices":[{"damage_healed":0,"gold_gain":0,"cards_transformed":["Strike_G"],"player_choice":"Change","damage_taken":0,"max_hp_gain":0,"max_hp_loss":0,"event_name":"Living Wall","floor":5,"gold_loss":0,"cards_obtained":["Adrenaline"]},{"damage_healed":0,"gold_gain":0,"player_choice":"Entered Light","damage_taken":20,"max_hp_gain":0,"max_hp_loss":0,"event_name":"Shining Light","floor":7,"gold_loss":0,"cards_upgraded":["Strike_G","Strike_G"]},{"cards_removed":["Strike_G"],"damage_healed":0,"gold_gain":0,"player_choice":"Card Removal","damage_taken":7,"max_hp_gain":0,"max_hp_loss":0,"event_name":"Golden Wing","floor":11,"gold_loss":0}],"is_beta":false,"boss_relics":[],"items_purged_floors":[],"is_endless":false,"potions_floor_spawned":[4,8],"killed_by":"Slime Boss","ascension_level":17}}