{"host":"nox","time":1608521357,"event":{"mods":["Aspiration","BaseMod","Better Third Choice","Colored Powertips","Conspire","Hubris","Infinite Spire","Minty Spire (QoL Compilation)","Quick Restart","Rare Cards Sparkle","Replay The Spire","Shop Mod","Spikes Relics","StSLib","SuperFastMode","The Alterego","vexMod"],"gold_per_floor":[114,114,132,10,26,53,53,80,104,137,148,0,35,45,45,141,141,158,158,158,158,176,176,205,223,223,242,277,297,297,314,314,413,413,425,438,448,309,309,309],"floor_reached":39,"playtime":1511,"items_purged":[],"score":574,"play_id":"0e325b50-a685-4cba-9562-30e645dc909d","local_time":"20201221102917","is_ascension_mode":true,"campfire_choices":[{"data":"Mayhem","floor":7.0,"key":"SMITH"},{"floor":15.0,"key":"REST"},{"data":"Limit Break","floor":23.0,"key":"SMITH"},{"floor":30.0,"key":"REST"},{"floor":32.0,"key":"REST"}],"circlet_count":0,"master_deck":["Strike_B","Strike_B","Strike_B","Strike_B","Defend_B","Defend_B","Defend_B","Defend_B","Zap","Dualcast","Inflame","vexMod:StairwayStrike","Panache","Mayhem+1","Limit Break+1","Machine Learning+1","Beam Cell","Heavy Blade","ReplayTheSpireMod:Reroute Power","Hyperbeam+1","Poisoned Strike+1"],"relics":["Cracked Core","aspiration:Nostalgia","Iron Core","ReplayTheSpireMod:ShopPack","Lantern","hubris:Spice","conspire:Flyswatter","PreservedInsect","Golden Egg","Runic Capacitor","The Courier","conspire:BottledYoYo","Replay:Bronze Core"],"acts_visited":["Exordium","TheCity","TheBeyond"],"potions_floor_usage":[39,39,39],"damage_taken":[{"damage":0.0,"enemies":"Small Slimes","floor":1.0,"turns":3.0},{"damage":4.0,"enemies":"Jaw Worm","floor":3.0,"turns":4.0},{"damage":0.0,"enemies":"2 Louse","floor":5.0,"turns":2.0},{"damage":30.0,"enemies":"Replay:BlueRogue","floor":6.0,"turns":4.0},{"damage":25.0,"enemies":"3 Sentries","floor":8.0,"turns":8.0},{"damage":12.0,"enemies":"Gremlin Nob","floor":10.0,"turns":3.0},{"damage":2.0,"enemies":"Lots of Slimes","floor":11.0,"turns":3.0},{"damage":4.0,"enemies":"3 Sentries","floor":13.0,"turns":5.0},{"damage":0.0,"enemies":"2 Fungi Beasts","floor":14.0,"turns":3.0},{"damage":56.0,"enemies":"Fading Forest","floor":16.0,"turns":11.0},{"damage":5.0,"enemies":"Chosen","floor":18.0,"turns":4.0},{"damage":12.0,"enemies":"Shell Parasite","floor":22.0,"turns":3.0},{"damage":23.0,"enemies":"conspire:Head Lice","floor":24.0,"turns":4.0},{"damage":5.0,"enemies":"3 Cultists","floor":25.0,"turns":4.0},{"damage":11.0,"enemies":"conspire:HollyBat","floor":27.0,"turns":6.0},{"damage":11.0,"enemies":"Gremlin Leader","floor":28.0,"turns":3.0},{"damage":3.0,"enemies":"Snecko","floor":29.0,"turns":3.0},{"damage":18.0,"enemies":"Snake Plant","floor":31.0,"turns":2.0},{"damage":22.0,"enemies":"hubris:MusketHawk","floor":33.0,"turns":4.0},{"damage":19.0,"enemies":"3 Darklings","floor":35.0,"turns":3.0},{"damage":9.0,"enemies":"Orb Walker","floor":36.0,"turns":2.0},{"damage":21.0,"enemies":"Spire Growth","floor":37.0,"turns":3.0},{"damage":2,"enemies":"4 Shapes","floor":39,"turns":1}],"seed_played":"-1843039917992972065","potions_obtained":[{"floor":1.0,"key":"Dexterity Potion"},{"floor":10.0,"key":"Fire Potion"},{"floor":14.0,"key":"LiquidMemories"},{"floor":16.0,"key":"ColorlessPotion"},{"floor":24.0,"key":"BlessingOfTheForge"},{"floor":25.0,"key":"AttackPotion"},{"floor":29.0,"key":"Weak Potion"},{"floor":33.0,"key":"AttackPotion"},{"floor":36.0,"key":"PowerPotion"},{"floor":37.0,"key":"PowerPotion"}],"is_trial":false,"path_per_floor":["M","?","M","$","M","E","R","E","T","E","M","$","E","M","R","B",null,"M","AVR","?","?","M","R","E","M","T","M","E","M","R","M","R","B",null,"M","M","M","$","M"],"character_chosen":"DEFECT","items_purchased":["ReplayTheSpireMod:ShopPack","PreservedInsect","Poisoned Strike"],"campfire_rested":3,"item_purchase_floors":[4,12,38],"current_hp_per_floor":[75,75,71,71,71,41,41,24,32,20,18,18,14,14,41,19,83,78,78,78,83,71,71,48,43,43,32,21,18,33,15,30,8,51,32,23,2,2,0,0],"gold":309,"neow_bonus":"NOSTALGIA","is_daily":false,"chose_seed":false,"campfire_upgraded":2,"win_rate":0.0,"timestamp":1608521357,"path_taken":["M","?","M","$","M","E","R","E","T","E","M","$","E","M","R","BOSS","M","AVR","?","?","M","R","E","M","T","?","E","M","R","M","R","BOSS","M","M","M","$","M"],"items_purchased_type":["Relic","Relic","Card"],"build_version":"2020-11-17","purchased_purges":0,"victory":false,"max_hp_per_floor":[75,75,75,75,75,75,75,83,91,91,91,91,91,91,91,91,83,83,83,83,83,75,75,75,75,75,67,51,51,51,51,51,51,51,51,51,43,43,43,43],"card_choices":[{"not_picked":["Sunder","Reinforced Body","Barrage"],"picked":"SKIP","floor":1.0},{"not_picked":["Headbutt","Body Slam"],"picked":"Inflame","floor":3.0},{"not_picked":["Dark Shackles","Flash of Steel"],"picked":"vexMod:StairwayStrike","floor":4.0},{"not_picked":["Replay:Parry","Survey Options"],"picked":"Panache","floor":4.0},{"not_picked":["The Bomb","ReplayTheSpireMod:Brewmster"],"picked":"Mayhem","floor":4.0},{"not_picked":["Panic Button","Storm","Gash"],"picked":"SKIP","floor":5.0},{"not_picked":["Panic Button","Storm","Gash"],"picked":"SKIP","floor":5.0},{"not_picked":["ReplaySolidLightProjector","ReplayReversal","Compile Driver"],"picked":"SKIP","floor":6.0},{"not_picked":["FIFO Queue","Ball Lightning"],"picked":"Limit Break","floor":8.0},{"not_picked":["Blizzard","Capacitor","Multi-Cast"],"picked":"SKIP","floor":10.0},{"not_picked":["Fire Breathing","Scrape","Cold Snap"],"picked":"SKIP","floor":11.0},{"not_picked":["ReplayRNGCard","Steam","Flex"],"picked":"SKIP","floor":13.0},{"not_picked":["Panic Button","Crystallizer","Turbo"],"picked":"SKIP","floor":14.0},{"not_picked":["Buffer","Thunder Strike"],"picked":"Machine Learning","floor":16.0},{"not_picked":["conspire:SharedLibrary+1","Coolheaded"],"picked":"Beam Cell","floor":18.0},{"not_picked":["Conserve Battery","Flex"],"picked":"hubris:SpiceAddiction","floor":22.0},{"not_picked":["Seeing Red","Fire Breathing","Evolve"],"picked":"SKIP","floor":24.0},{"not_picked":["Firewall","WeaponsOverheat"],"picked":"Heavy Blade","floor":25.0},{"not_picked":["hubris:SpiceAddiction","Doom and Gloom"],"picked":"hubris:SpiceAddiction","floor":27.0},{"not_picked":["Tempest","ReplayTheSpireMod:System Scan"],"picked":"hubris:SpiceAddiction","floor":28.0},{"not_picked":["Coolheaded+1","Melter"],"picked":"ReplayTheSpireMod:Reroute Power","floor":29.0},{"not_picked":["BootSequence","Warcry","Sunder"],"picked":"SKIP","floor":31.0},{"not_picked":["hubris:SpiceAddiction","hubris:SpiceAddiction"],"picked":"Hyperbeam","floor":33.0},{"not_picked":["Barrage","Tempest+1","hubris:SpiceAddiction"],"picked":"SKIP","floor":35.0},{"not_picked":["Hologram+1","Ball Lightning+1","Sweeping Beam+1"],"picked":"SKIP","floor":36.0},{"not_picked":["DiskWipe","Undo+1"],"picked":"hubris:SpiceAddiction","floor":37.0}],"player_experience":200686,"relics_obtained":[{"floor":6.0,"key":"Lantern"},{"floor":8.0,"key":"hubris:Spice"},{"floor":9.0,"key":"hubris:Spice"},{"floor":10.0,"key":"conspire:Flyswatter"},{"floor":13.0,"key":"Golden Egg"},{"floor":24.0,"key":"The Courier"},{"floor":26.0,"key":"conspire:BottledYoYo"},{"floor":28.0,"key":"hubris:Spice"}],"event_choices":[{"damage_healed":0.0,"max_hp_gain":0.0,"max_hp_loss":0.0,"gold_gain":0.0,"event_name":"conspire:Investor","player_choice":"Leave","floor":2.0,"gold_loss":0.0,"damage_taken":0.0}],"is_beta":true,"boss_relics":[{"not_picked":["hubris:Spice","aspiration:RitualDagger"],"picked":"hubris:Spice"},{"not_picked":["aspiration:RunicSpoon","hubris:Spice"],"picked":"Replay:Bronze Core"}],"items_purged_floors":[],"is_endless":false,"potions_floor_spawned":[1,10,14,16,24,25,29,33,36,37],"killed_by":"4 Shapes","ascension_level":4}}