{"host":"uy3vg6glkp8m6iit","time":1608562784,"event":{"mods":["AchievementEnabler","BaseMod","Colored Map","DeckTracker","Highlight Path","Keyboard Shortcuts","Minty Spire (QoL Compilation)","Quick Restart","Random Character Button","Rare Cards Sparkle","Relic Stats","StSLib","everything is the same but u backflip on backflip"],"gold_per_floor":[112,112,35,46,64,64,96,109,182,182,182,200,200,210,210,312,312,325,325,337,350,367,367,367,367,414,427,440,150,150,50,50,146,146,165,165,183,197,123,123,155,155,155,155,174,226,45,71,71,71,71,71,20,54,54,54],"floor_reached":55,"playtime":2742,"items_purged":["Strike_G","Defend_G"],"score":940,"play_id":"43fe0fcf-0452-4ed1-95de-564b08b58df4","local_time":"20201221235944","is_ascension_mode":true,"campfire_choices":[{"data":"Concentrate","floor":6.0,"key":"SMITH"},{"floor":11.0,"key":"REST"},{"floor":13.0,"key":"REST"},{"data":"Choke","floor":15.0,"key":"SMITH"},{"floor":23.0,"key":"REST"},{"data":"Acrobatics","floor":24.0,"key":"SMITH"},{"data":"Acrobatics","floor":25.0,"key":"SMITH"},{"data":"Expertise","floor":30.0,"key":"SMITH"},{"data":"Corpse Explosion","floor":32.0,"key":"SMITH"},{"floor":40.0,"key":"RECALL"},{"data":"Grand Finale","floor":42.0,"key":"SMITH"},{"data":"Backflip","floor":44.0,"key":"SMITH"},{"data":"Concentrate","floor":49.0,"key":"SMITH"},{"data":"Well Laid Plans","floor":52.0,"key":"SMITH"}],"circlet_count":0,"master_deck":["Strike_G+1","Strike_G","Defend_G","Defend_G","Defend_G","Survivor","Neutralize+1","Backflip+1","Choke+1","Acrobatics+1","Concentrate+1","Cloak And Dagger","Corpse Explosion+1","Prepared+1","Terror+1","Underhanded Strike+1","Footwork+1","Acrobatics+1","PiercingWail","Expertise+1","Acrobatics","Leg Sweep+1","Grand Finale+1","Well Laid Plans+1","Concentrate+1","Expertise"],"relics":["Ring of the Snake","Boot","WingedGreaves","Bag of Marbles","White Beast Statue","Astrolabe","Toy Ornithopter","OrangePellets","Black Star","MealTicket","PreservedInsect","FossilizedHelix","The Specimen","Pocketwatch","Gambling Chip","Whetstone"],"acts_visited":["Exordium","TheCity","TheBeyond","TheEnding"],"potions_floor_usage":[55],"damage_taken":[{"damage":4.0,"enemies":"Small Slimes","floor":1.0,"turns":3.0},{"damage":0.0,"enemies":"2 Louse","floor":4.0,"turns":3.0},{"damage":0.0,"enemies":"Cultist","floor":5.0,"turns":3.0},{"damage":37.0,"enemies":"Lagavulin","floor":7.0,"turns":8.0},{"damage":5.0,"enemies":"Gremlin Gang","floor":8.0,"turns":5.0},{"damage":14.0,"enemies":"Lots of Slimes","floor":12.0,"turns":5.0},{"damage":0.0,"enemies":"Blue Slaver","floor":14.0,"turns":5.0},{"damage":32.0,"enemies":"Slime Boss","floor":16.0,"turns":10.0},{"damage":0.0,"enemies":"Chosen","floor":18.0,"turns":3.0},{"damage":5.0,"enemies":"Shell Parasite","floor":20.0,"turns":4.0},{"damage":21.0,"enemies":"Sentry and Sphere","floor":21.0,"turns":7.0},{"damage":0.0,"enemies":"3 Cultists","floor":22.0,"turns":2.0},{"damage":8.0,"enemies":"Centurion and Healer","floor":27.0,"turns":4.0},{"damage":0.0,"enemies":"Cultist and Chosen","floor":28.0,"turns":6.0},{"damage":44.0,"enemies":"Automaton","floor":33.0,"turns":11.0},{"damage":0.0,"enemies":"Orb Walker","floor":35.0,"turns":3.0},{"damage":0.0,"enemies":"3 Shapes","floor":37.0,"turns":5.0},{"damage":2.0,"enemies":"Spire Growth","floor":38.0,"turns":7.0},{"damage":0.0,"enemies":"Giant Head","floor":41.0,"turns":5.0},{"damage":0.0,"enemies":"3 Darklings","floor":45.0,"turns":1.0},{"damage":0.0,"enemies":"2 Orb Walkers","floor":46.0,"turns":1.0},{"damage":0.0,"enemies":"Nemesis","floor":48.0,"turns":3.0},{"damage":27.0,"enemies":"Awakened One","floor":50.0,"turns":8.0},{"damage":16.0,"enemies":"Shield and Spear","floor":54.0,"turns":3.0},{"damage":97,"enemies":"The Heart","floor":55,"turns":6}],"seed_played":"-1788305430174159662","potions_obtained":[{"floor":1.0,"key":"Regen Potion"},{"floor":8.0,"key":"LiquidBronze"},{"floor":12.0,"key":"CunningPotion"},{"floor":14.0,"key":"Fruit Juice"},{"floor":16.0,"key":"BlessingOfTheForge"},{"floor":18.0,"key":"DuplicationPotion"},{"floor":20.0,"key":"GhostInAJar"},{"floor":21.0,"key":"AttackPotion"},{"floor":22.0,"key":"SkillPotion"},{"floor":27.0,"key":"SkillPotion"},{"floor":33.0,"key":"Energy Potion"},{"floor":35.0,"key":"FairyPotion"},{"floor":41.0,"key":"GamblersBrew"},{"floor":46.0,"key":"FearPotion"},{"floor":54.0,"key":"SpeedPotion"}],"is_trial":false,"path_per_floor":["M","?","$","M","M","R","E","M","T","?","R","M","R","M","R","B",null,"M","?","M","M","M","R","R","R","T","M","M","$","R","$","R","B",null,"M","?","M","M","$","R","E","R","T","R","M","?","$","E","R","B",null,"R","$","E","B"],"character_chosen":"THE_SILENT","items_purchased":["Choke","OrangePellets","Expertise","Grand Finale","Well Laid Plans","Concentrate","Expertise","Swift Potion"],"campfire_rested":3,"item_purchase_floors":[3,29,29,39,47,47,47,53],"current_hp_per_floor":[66,33,33,33,33,33,8,3,3,3,24,10,31,31,31,4,57,57,57,52,31,31,53,53,53,53,50,50,50,50,50,50,11,59,64,64,64,62,62,62,62,62,62,62,62,67,71,71,71,49,66,66,71,55,0,0],"gold":54,"neow_bonus":"RANDOM_COMMON_RELIC","is_daily":false,"chose_seed":false,"campfire_upgraded":10,"win_rate":0.0,"timestamp":1608562784,"path_taken":["M","?","$","M","M","R","E","M","T","?","R","M","R","M","R","BOSS","M","?","?","M","M","R","R","R","T","?","M","$","R","$","R","BOSS","M","?","M","M","$","R","E","R","T","R","M","?","?","E","R","BOSS","R","$","E","BOSS"],"items_purchased_type":["Card","Relic","Card","Card","Card","Card","Card","Potion"],"build_version":"2020-12-13","purchased_purges":2,"victory":false,"max_hp_per_floor":[70,70,70,70,70,70,70,70,70,70,70,70,70,70,70,75,75,75,75,75,75,75,75,75,75,75,75,75,75,75,75,75,75,75,75,71,71,71,71,71,71,71,71,71,71,71,71,71,71,71,71,71,71,71,71,71],"relic_stats":{"counters":[25,121],"Astrolabe":["Prepared","Terror","Underhanded Strike"],"PreservedInsect":115,"Whetstone":["Neutralize","Strike_G"],"Boot":[115],"OrangePellets":[4],"Gambling Chip":[2],"MealTicket":9,"Black Star":3,"obtain_stats":[{"The Specimen":48,"Astrolabe":17,"PreservedInsect":41,"Whetstone":54,"Boot":0,"White Beast Statue":9,"OrangePellets":29,"Gambling Chip":54,"MealTicket":41,"WingedGreaves":2,"Bag of Marbles":7,"Black Star":34,"Toy Ornithopter":26,"FossilizedHelix":46,"Ring of the Snake":0,"Pocketwatch":48},{"The Specimen":22,"Astrolabe":8,"PreservedInsect":19,"Whetstone":24,"Boot":0,"White Beast Statue":5,"OrangePellets":14,"Gambling Chip":24,"MealTicket":19,"WingedGreaves":1,"Bag of Marbles":4,"Black Star":15,"Toy Ornithopter":12,"FossilizedHelix":21,"Ring of the Snake":0,"Pocketwatch":22},{"The Specimen":104,"Astrolabe":42,"PreservedInsect":99,"Whetstone":115,"Boot":0,"White Beast Statue":22,"OrangePellets":68,"Gambling Chip":115,"MealTicket":99,"WingedGreaves":3,"Bag of Marbles":17,"Black Star":79,"Toy Ornithopter":58,"FossilizedHelix":101,"Ring of the Snake":0,"Pocketwatch":104}],"Toy Ornithopter":30,"Ring of the Snake":[50],"Pocketwatch":[6]},"card_choices":[{"not_picked":["Backstab","Underhanded Strike"],"picked":"Backflip","floor":1.0},{"not_picked":["Slice","Flying Knee"],"picked":"Acrobatics","floor":4.0},{"not_picked":["Slice","Riddle With Holes"],"picked":"Concentrate","floor":5.0},{"not_picked":["Quick Slash","Finisher","Outmaneuver"],"picked":"SKIP","floor":7.0},{"not_picked":["Flechettes","Blur"],"picked":"Cloak And Dagger","floor":8.0},{"not_picked":["Skewer","Acrobatics","Cloak And Dagger"],"picked":"SKIP","floor":12.0},{"not_picked":["Underhanded Strike","Outmaneuver","Venomology"],"picked":"SKIP","floor":14.0},{"not_picked":["Wraith Form v2","Die Die Die"],"picked":"Corpse Explosion","floor":16.0},{"not_picked":["Cloak And Dagger","Calculated Gamble"],"picked":"Footwork+1","floor":18.0},{"not_picked":["Backstab+1","Sucker Punch+1","Underhanded Strike+1"],"picked":"SKIP","floor":20.0},{"not_picked":["Quick Slash","Bouncing Flask","Catalyst"],"picked":"SKIP","floor":21.0},{"not_picked":["Deadly Poison+1","Prepared+1"],"picked":"Acrobatics","floor":22.0},{"not_picked":["Quick Slash","Underhanded Strike","Deadly Poison"],"picked":"SKIP","floor":27.0},{"not_picked":["Endless Agony","Bane+1"],"picked":"PiercingWail","floor":28.0},{"not_picked":["Distraction+1","Bane+1"],"picked":"Acrobatics","floor":35.0},{"not_picked":["Deadly Poison+1","PiercingWail","Bane"],"picked":"SKIP","floor":37.0},{"not_picked":["Bane","Endless Agony"],"picked":"Leg Sweep+1","floor":38.0},{"not_picked":["Dagger Throw","Backstab","Deadly Poison"],"picked":"SKIP","floor":41.0},{"not_picked":["Cloak And Dagger+1","Corpse Explosion","Riddle With Holes"],"picked":"SKIP","floor":45.0},{"not_picked":["Dodge and Roll+1","Outmaneuver+1","Flechettes"],"picked":"SKIP","floor":48.0},{"not_picked":["Acrobatics+1","Cloak And Dagger","Flechettes+1"],"picked":"SKIP","floor":54.0}],"player_experience":1431016,"relics_obtained":[{"floor":7.0,"key":"Bag of Marbles"},{"floor":9.0,"key":"White Beast Statue"},{"floor":26.0,"key":"Toy Ornithopter"},{"floor":41.0,"key":"MealTicket"},{"floor":41.0,"key":"PreservedInsect"},{"floor":46.0,"key":"FossilizedHelix"},{"floor":48.0,"key":"The Specimen"},{"floor":48.0,"key":"Pocketwatch"},{"floor":54.0,"key":"Gambling Chip"},{"floor":54.0,"key":"Whetstone"}],"event_choices":[{"damage_healed":0.0,"max_hp_gain":0.0,"max_hp_loss":0.0,"gold_gain":0.0,"event_name":"Scrap Ooze","player_choice":"Success","floor":2.0,"gold_loss":0.0,"damage_taken":33.0,"relics_obtained":["WingedGreaves"]},{"damage_healed":0.0,"max_hp_gain":0.0,"max_hp_loss":0.0,"gold_gain":0.0,"event_name":"FaceTrader","player_choice":"Leave","floor":10.0,"gold_loss":0.0,"damage_taken":0.0},{"damage_healed":0.0,"max_hp_gain":0.0,"max_hp_loss":0.0,"gold_gain":0.0,"event_name":"Match and Keep!","player_choice":"0 cards matched","floor":19.0,"gold_loss":0.0,"damage_taken":0.0,"cards_obtained":[]},{"damage_healed":0.0,"max_hp_gain":0.0,"max_hp_loss":4.0,"gold_gain":0.0,"event_name":"Winding Halls","player_choice":"Max HP","floor":36.0,"gold_loss":0.0,"damage_taken":0.0},{"damage_healed":0.0,"max_hp_gain":0.0,"max_hp_loss":0.0,"gold_gain":0.0,"event_name":"Mysterious Sphere","player_choice":"Fight","floor":46.0,"gold_loss":0.0,"damage_taken":0.0}],"is_beta":false,"boss_relics":[{"not_picked":["Sozu","Tiny House"],"picked":"Astrolabe"},{"not_picked":["Busted Crown","Runic Dome"],"picked":"Black Star"}],"items_purged_floors":[29,31],"is_endless":false,"potions_floor_spawned":[1,8,12,14,16,18,20,21,22,27,28,33,35,37,38,41,45,46,54],"killed_by":"The Heart","ascension_level":5}}