{"host":"78zdngn0u28jm0pp","time":1608532586,"event":{"mods":["BaseMod","Jorbs\u0027s Wanderer Trilogy","Minty Spire (QoL Compilation)","Permanent Neow","Quick Restart","Relic Stats","StSLib","Unceasing Turn Reminder"],"gold_per_floor":[110,130,130,95,110,135,135,135,161,1,26,40,67,82,82,159,159,173,200,200,22,22,22],"floor_reached":22,"playtime":836,"items_purged":["Masterful Stab"],"score":454,"play_id":"aa99d69f-2484-4833-bbd8-02262b9e2046","local_time":"20201220233626","is_ascension_mode":true,"campfire_choices":[{"floor":7,"key":"REST"},{"data":"Noxious Fumes","floor":15,"key":"SMITH"}],"circlet_count":0,"master_deck":["AscendersBane","Survivor","Neutralize","Poisoned Stab+1","Noxious Fumes+1","Tactician","Footwork","Dagger Spray","Dodge and Roll","Flying Knee","Backflip","Deflect","PiercingWail","Unload","Unload","Reflex","Concentrate","Finisher","Slice","Storm of Steel","Cloak And Dagger","Backflip","All Out Attack","Blade Dance+1","Dagger Throw+1","Dodge and Roll"],"relics":["Ring of the Snake","PreservedInsect","Blood Vial","Bronze Scales","Strawberry","Potion Belt","Pandora\u0027s Box","Red Mask","Pantograph"],"acts_visited":["Exordium","TheCity"],"potions_floor_usage":[11,13,13,16,22],"damage_taken":[{"damage":7,"enemies":"Jaw Worm","floor":1,"turns":5},{"damage":3,"enemies":"Small Slimes","floor":2,"turns":5},{"damage":0,"enemies":"2 Louse","floor":5,"turns":2},{"damage":46,"enemies":"Gremlin Nob","floor":6,"turns":5},{"damage":8,"enemies":"Lagavulin","floor":11,"turns":6},{"damage":10,"enemies":"Gremlin Gang","floor":12,"turns":3},{"damage":0,"enemies":"Gremlin Nob","floor":13,"turns":3},{"damage":8,"enemies":"Large Slime","floor":14,"turns":6},{"damage":14,"enemies":"The Guardian","floor":16,"turns":10},{"damage":0,"enemies":"3 Byrds","floor":18,"turns":3},{"damage":59,"enemies":"Masked Bandits","floor":19,"turns":5},{"damage":14,"enemies":"Shell Parasite","floor":22,"turns":2}],"seed_played":"-528314852021467076","potions_obtained":[{"floor":6,"key":"Fire Potion"},{"floor":11,"key":"Fire Potion"},{"floor":12,"key":"AttackPotion"},{"floor":14,"key":"Fire Potion"},{"floor":19,"key":"GamblersBrew"}],"is_trial":false,"path_per_floor":["M","M","?","?","M","E","R","?","T","$","E","M","E","M","R","B",null,"M","?","?","$","M"],"character_chosen":"THE_SILENT","items_purchased":["Dagger Spray","Dodge and Roll","ColorlessPotion","Dodge and Roll","Poison Potion"],"campfire_rested":1,"item_purchase_floors":[10,10,10,21,21],"current_hp_per_floor":[52,49,49,65,65,19,38,60,60,60,61,53,55,49,49,37,64,66,9,9,9,0,0],"gold":22,"neow_bonus":"RANDOM_COMMON_RELIC","is_daily":false,"chose_seed":false,"campfire_upgraded":1,"win_rate":0.0,"timestamp":1608532586,"path_taken":["M","M","?","?","M","E","R","?","T","$","E","M","E","M","R","BOSS","M","?","?","$","?"],"items_purchased_type":["Card","Card","Potion","Card","Potion"],"build_version":"2020-12-13","purchased_purges":1,"victory":false,"max_hp_per_floor":[66,66,66,66,66,66,66,66,66,66,73,73,73,73,73,73,73,73,73,73,73,73,73],"relic_stats":{"Blood Vial":16,"counters":[12,55],"Bronze Scales":[141],"Pantograph":0,"Pandora\u0027s Box":["Unload","Reflex","Concentrate","Finisher","Slice","Storm of Steel","Masterful Stab","Cloak And Dagger","Backflip","All Out Attack"],"PreservedInsect":74,"obtain_stats":[{"Blood Vial":6,"Potion Belt":13,"Bronze Scales":9,"Strawberry":11,"Pantograph":20,"Pandora\u0027s Box":17,"PreservedInsect":0,"Red Mask":19,"Ring of the Snake":0},{"Blood Vial":4,"Potion Belt":7,"Bronze Scales":4,"Strawberry":5,"Pantograph":11,"Pandora\u0027s Box":9,"PreservedInsect":0,"Red Mask":11,"Ring of the Snake":0},{"Blood Vial":17,"Potion Belt":29,"Bronze Scales":17,"Strawberry":23,"Pantograph":53,"Pandora\u0027s Box":45,"PreservedInsect":0,"Red Mask":53,"Ring of the Snake":0}],"Ring of the Snake":[24]},"card_choices":[{"not_picked":["Bane","Reflex"],"picked":"Poisoned Stab","floor":1},{"not_picked":["Expertise","Backstab"],"picked":"Noxious Fumes","floor":2},{"not_picked":["Skewer","Heel Hook"],"picked":"Tactician","floor":5},{"not_picked":["Cloak And Dagger","Calculated Gamble"],"picked":"Footwork","floor":6},{"not_picked":["Sucker Punch","Acrobatics"],"picked":"Flying Knee","floor":11},{"not_picked":["Deadly Poison","Prepared"],"picked":"Backflip","floor":12},{"not_picked":["Dodge and Roll","A Thousand Cuts"],"picked":"Deflect","floor":13},{"not_picked":["Underhanded Strike","Dagger Throw"],"picked":"PiercingWail","floor":14},{"not_picked":["Die Die Die","Grand Finale"],"picked":"Unload","floor":16},{"not_picked":["Setup","Flechettes"],"picked":"Blade Dance+1","floor":18},{"not_picked":["Deadly Poison","Quick Slash"],"picked":"Dagger Throw+1","floor":19}],"player_experience":660567,"relics_obtained":[{"floor":6,"key":"Blood Vial"},{"floor":9,"key":"Bronze Scales"},{"floor":11,"key":"Strawberry"},{"floor":13,"key":"Potion Belt"},{"floor":19,"key":"Red Mask"}],"event_choices":[{"damage_healed":0,"gold_gain":0,"player_choice":"Grow","damage_taken":0,"max_hp_gain":0,"max_hp_loss":0,"event_name":"Living Wall","floor":3,"gold_loss":0,"cards_upgraded":["Poisoned Stab"]},{"damage_healed":16,"gold_gain":0,"player_choice":"Healed","damage_taken":0,"max_hp_gain":0,"max_hp_loss":0,"event_name":"The Cleric","floor":4,"gold_loss":35},{"damage_healed":22,"gold_gain":0,"player_choice":"Banana","damage_taken":0,"max_hp_gain":0,"max_hp_loss":0,"event_name":"Big Fish","floor":8,"gold_loss":0},{"damage_healed":0,"gold_gain":0,"player_choice":"Fought Bandits","damage_taken":0,"max_hp_gain":0,"max_hp_loss":0,"event_name":"Masked Bandits","floor":19,"gold_loss":0},{"damage_healed":0,"gold_gain":0,"player_choice":"Gave Potion","damage_taken":0,"relics_obtained":["Pantograph"],"max_hp_gain":0,"max_hp_loss":0,"event_name":"WeMeetAgain","floor":20,"gold_loss":0}],"is_beta":false,"boss_relics":[{"not_picked":["SacredBark","Velvet Choker"],"picked":"Pandora\u0027s Box"}],"items_purged_floors":[21],"is_endless":false,"potions_floor_spawned":[6,11,12,14,19],"killed_by":"Shell Parasite","ascension_level":20}}