{"host":"6jcxerjfmuawfds2","time":1608544831,"event":{"mods":["BaseMod","Colored Map","Lobotomy","Minty Spire (QoL Compilation)","StSLib"],"gold_per_floor":[113,63,63,238,258,258,270,10,10,10,28,59,59,59,59,164,164,184,283,283,107,107,107],"floor_reached":22,"playtime":566,"items_purged":["Doubt"],"score":180,"play_id":"a6f4d640-66f3-47fe-9e4f-561d4a84386e","local_time":"20201221190031","is_ascension_mode":false,"campfire_choices":[{"data":"Sunder","floor":6,"key":"SMITH"},{"data":"Turbo","floor":10,"key":"SMITH"},{"floor":13,"key":"REST"},{"floor":15,"key":"REST"}],"circlet_count":0,"master_deck":["Strike_B","Strike_B","Strike_B","Defend_B","Defend_B","Defend_B","Defend_B+1","Zap+1","Dualcast","CherryBlossoms","Melter","WallGazer","Sunder+1","Murderer","Turbo+1","HeroicMonk","Streamline","Wellcheers","Self Repair","OSAHOGD","Electrodynamics","VoidDream","Self Repair","Conserve Battery"],"relics":["Cracked Core","CogitoBucket","Letter Opener","Gremlin Horn","Singing Bowl","Ornamental Fan","Inserter","BackwardClock"],"acts_visited":["Exordium","TheCity"],"potions_floor_usage":[12,12,22],"damage_taken":[{"damage":0,"enemies":"Small Slimes","floor":1,"turns":3},{"damage":2,"enemies":"2 Louse","floor":5,"turns":2},{"damage":3,"enemies":"Cultist","floor":7,"turns":3},{"damage":7,"enemies":"Large Slime","floor":11,"turns":4},{"damage":38,"enemies":"Lagavulin","floor":12,"turns":6},{"damage":44,"enemies":"Slime Boss","floor":16,"turns":9},{"damage":27,"enemies":"2 Thieves","floor":18,"turns":3},{"damage":55,"enemies":"Masked Bandits","floor":22,"turns":3}],"seed_played":"2482643365257462463","potions_obtained":[{"floor":1,"key":"SkillPotion"},{"floor":11,"key":"Fruit Juice"},{"floor":18,"key":"SkillPotion"}],"is_trial":false,"path_per_floor":["M","?","?","?","M","R","M","$","T","R","M","E","R","?","R","B",null,"M","?","?","$","?"],"character_chosen":"DEFECT","items_purchased":["Gremlin Horn","Self Repair","Conserve Battery"],"campfire_rested":2,"item_purchase_floors":[8,21,21],"current_hp_per_floor":[75,75,63,63,61,61,58,58,58,58,51,18,42,26,50,19,80,55,55,39,39,0,0],"gold":107,"neow_bonus":"","is_daily":false,"chose_seed":false,"campfire_upgraded":2,"win_rate":0.0,"timestamp":1608544831,"path_taken":["M","?","?","?","M","R","M","$","T","R","M","E","R","?","R","BOSS","M","?","?","$","?"],"items_purchased_type":["Relic","Card","Card"],"build_version":"2020-12-13","purchased_purges":1,"victory":false,"max_hp_per_floor":[75,75,75,75,75,75,75,75,75,75,75,80,80,80,80,80,80,82,82,87,87,87,87],"card_choices":[{"not_picked":["SpiderBud","Scorched"],"picked":"CherryBlossoms","floor":1},{"not_picked":["Steam","Hologram"],"picked":"Melter","floor":1},{"not_picked":["MHz","BeautyBeast"],"picked":"WallGazer","floor":5},{"not_picked":["Coolheaded","Barrage"],"picked":"Sunder","floor":5},{"not_picked":["MeatLantern","UniverseFragment"],"picked":"Murderer","floor":7},{"not_picked":["Beam Cell","Gash"],"picked":"Turbo","floor":7},{"not_picked":["VoidDream","Variant"],"picked":"HeroicMonk","floor":11},{"not_picked":["Chaos","Go for the Eyes"],"picked":"Streamline","floor":11},{"not_picked":["FieryBird","MHz"],"picked":"Wellcheers","floor":12},{"not_picked":["Reprogram","Leap"],"picked":"Self Repair","floor":12},{"not_picked":["BeautyBeast","OldLady"],"picked":"OSAHOGD","floor":16},{"not_picked":["Machine Learning","Amplify"],"picked":"Electrodynamics","floor":16},{"not_picked":["CrumblingArmor","BeautyBeast"],"picked":"VoidDream","floor":18},{"not_picked":["Leap","Hologram","Steam"],"picked":"Singing Bowl","floor":18}],"player_experience":177097,"relics_obtained":[{"floor":9,"key":"Singing Bowl"},{"floor":12,"key":"Ornamental Fan"}],"event_choices":[{"cards_removed":["Strike_B"],"damage_healed":0,"gold_gain":0,"player_choice":"Card Removal","damage_taken":0,"max_hp_gain":0,"max_hp_loss":0,"event_name":"The Cleric","floor":2,"gold_loss":50},{"damage_healed":0,"gold_gain":0,"player_choice":"Success","damage_taken":12,"relics_obtained":["Letter Opener"],"max_hp_gain":0,"max_hp_loss":0,"event_name":"Scrap Ooze","floor":3,"gold_loss":0},{"damage_healed":0,"gold_gain":175,"player_choice":"AGREE","damage_taken":0,"max_hp_gain":0,"max_hp_loss":0,"event_name":"Liars Game","floor":4,"gold_loss":0,"cards_obtained":["Doubt"]},{"damage_healed":0,"gold_gain":0,"player_choice":"Entered Light","damage_taken":16,"max_hp_gain":0,"max_hp_loss":0,"event_name":"Shining Light","floor":14,"gold_loss":0,"cards_upgraded":["Defend_B","Zap"]},{"damage_healed":0,"gold_gain":99,"player_choice":"Stole From Cult","damage_taken":0,"max_hp_gain":0,"max_hp_loss":0,"event_name":"Nest","floor":19,"gold_loss":0},{"damage_healed":0,"gold_gain":0,"player_choice":"Shed Blood","damage_taken":21,"max_hp_gain":5,"max_hp_loss":0,"event_name":"Forgotten Altar","floor":20,"gold_loss":0},{"damage_healed":0,"gold_gain":0,"player_choice":"Fought Bandits","damage_taken":0,"max_hp_gain":0,"max_hp_loss":0,"event_name":"Masked Bandits","floor":22,"gold_loss":0}],"is_beta":false,"boss_relics":[{"not_picked":["Cursed Key","Sozu"],"picked":"Inserter"}],"items_purged_floors":[21],"is_endless":false,"potions_floor_spawned":[1,11,18],"killed_by":"Masked Bandits","ascension_level":0}}