{"host":"wonp23fsqqcu31ie","time":1608509779,"event":{"mods":["2.2 Compatiblity","AchievementEnabler","Aspiration","BaseMod","Bestiary","Better Altar","Better Match","Better Sensory Stone","Better Skull","Better Third Choice","BetterRewards","Block Reminder","Colored Map","Colored Powertips","Conspire","DeckTracker","Displayed Cursed Tome","Downfall","Hermit","Highlight Path","Hubris","Minty Spire (QoL Compilation)","Permanent Neow","Quick Restart","Rare Cards Sparkle","Relic Stats","Replay The Spire","Shade Mod","Shop Mod","StSLib","SuperFastMode","The Animator","The Cursed","The Dragon Tamer","The Gatherer","The Necromancer","The Runesmith","The Servant 0.9.4"],"gold_per_floor":[116,135,135,150,150,185,185,4,4,17,17,33,43,10,10,111,111,131,131,148,335,335,362,378,303,303,303,4,22,22,34,34,134,134,153,202,202,202],"floor_reached":37,"playtime":1170,"items_purged":["Strike_P","Injury"],"score":725,"play_id":"75e644c4-9a8b-45f6-8a96-37756b15ff5a","local_time":"20201221111619","is_ascension_mode":true,"campfire_choices":[{"floor":7,"key":"RECALL"},{"data":"WindmillStrike","floor":11,"key":"SMITH"},{"data":"SashWhip","floor":15,"key":"SMITH"},{"floor":32,"key":"REST"}],"circlet_count":0,"master_deck":["Strike_P","Strike_P","Strike_P+1","Defend_P","Defend_P","Defend_P","Defend_P","Eruption","Vigilance","PathToVictory","WindmillStrike+1","ForeignInfluence+1","PathToVictory","SashWhip+1","BowlingBash","EmptyFist","PathToVictory+1","Establishment","CurseOfTheBell","Replay:BluntJabs+1","Crescendo","Crescendo","Prostrate","ReachHeaven","ReachHeaven","WheelKick","Purity","Secret Technique","BattleHymn","Rainbow","ReplayGash+1","Gash+1","DeusExMachina+1","Dramatic Entrance","Protect+1","Double Energy","ConjureBlade","TalkToTheHand+1","Replay:Hysterical Blindness"],"relics":["PureWater","Bag of Preparation","MerchantsRug","Nunchaku","Snack Pack","Cursed Key","Membership Card","hubris:PeanutButter","aspiration:HatOfInfinitePower","aspiration:DefectSkillbook","Centennial Puzzle","aspiration:ArtOfWarUpgrade","hubris:EmptyBottle","Iron Hammer","Pet Ghost","conspire:SlowCooker"],"acts_visited":["Exordium","TheCity","TheBeyond"],"potions_floor_usage":[16,16,21,23,23,33,33,33,33,37,37],"damage_taken":[{"damage":0,"enemies":"Cultist","floor":1,"turns":3},{"damage":5,"enemies":"2 Louse","floor":2,"turns":3},{"damage":0,"enemies":"conspire:RoseBush","floor":4,"turns":4},{"damage":2,"enemies":"Replay:BlueRogue","floor":6,"turns":3},{"damage":4,"enemies":"conspire:2 RoseBushes","floor":10,"turns":3},{"damage":0,"enemies":"Large Slime","floor":12,"turns":2},{"damage":0,"enemies":"Gremlin Gang","floor":13,"turns":4},{"damage":0,"enemies":"Slime Boss","floor":16,"turns":7},{"damage":3,"enemies":"Spheric Guardian","floor":18,"turns":3},{"damage":1,"enemies":"2 Thieves","floor":20,"turns":3},{"damage":0,"enemies":"conspire:SneckoGhost","floor":23,"turns":2},{"damage":7,"enemies":"Sentry and Sphere","floor":24,"turns":3},{"damage":0,"enemies":"Chosen and Byrds","floor":29,"turns":3},{"damage":0,"enemies":"Snecko","floor":31,"turns":2},{"damage":11,"enemies":"Pondfish","floor":33,"turns":6},{"damage":15,"enemies":"Orb Walker","floor":35,"turns":3},{"damage":81,"enemies":"3 Darklings","floor":37,"turns":3}],"seed_played":"-1533722768778015896","potions_obtained":[{"floor":10,"key":"FearPotion"},{"floor":13,"key":"Adrenaline Potion"},{"floor":23,"key":"Energy Potion"},{"floor":29,"key":"Regen Potion"},{"floor":36,"key":"BlessingOfTheForge"},{"floor":36,"key":"Elixir"}],"is_trial":false,"path_per_floor":["M","M","?","M","?","E","R","$","T","M","R","M","M","$","R","B",null,"M","?","M","$","?","E","M","?","T","R","$","M","R","M","R","B",null,"M","?","M"],"character_chosen":"WATCHER","items_purchased":["MerchantsRug","Nunchaku","PathToVictory+1","aspiration:SeaSaltIceCream","BargainBundle","Fruit Juice","SkillPotion","ColorlessPotion","Centennial Puzzle","Crescendo","Prostrate","ReachHeaven","WheelKick","Purity","Secret Technique","BattleHymn","hubris:EmptyBottle","Iron Hammer","Dramatic Entrance","Pet Ghost","LiquidBronze"],"campfire_rested":1,"item_purchase_floors":[8,8,14,21,21,21,21,21,21,21,21,21,21,21,21,21,28,28,28,28,28],"current_hp_per_floor":[72,67,67,67,67,65,65,65,65,61,61,61,65,65,65,67,79,76,60,61,66,66,70,65,65,65,65,65,69,69,69,84,80,84,69,69,0,0],"gold":202,"neow_bonus":"NOSTALGIA","is_daily":false,"chose_seed":false,"campfire_upgraded":2,"win_rate":0.0,"timestamp":1608509779,"path_taken":["M","?","?","M","?","E","R","?","T","M","R","?","?","$","R","BOSS","M","?","M","$","?","E","M","?","T","R","?","?","R","M","R","BOSS","M","?","?"],"items_purchased_type":["Relic","Relic","Card","Relic","Relic","Potion","Potion","Potion","Relic","Card","Card","Card","Card","Card","Card","Card","Relic","Relic","Card","Relic","Potion"],"build_version":"2020-12-13","purchased_purges":2,"victory":false,"max_hp_per_floor":[72,72,72,72,72,72,72,72,72,72,72,72,72,72,72,72,79,79,79,79,84,84,84,84,84,84,84,84,84,84,84,84,84,84,84,84,84,84],"relic_stats":{"Nunchaku":[9],"Centennial Puzzle":[12],"counters":[22,87],"Bag of Preparation":[26],"Cursed Key":1,"obtain_stats":[{"Nilry\u0027s Codex":19,"Blue Doll":3,"hubris:SlimyHat":0,"Bag of Preparation":6,"Ginger":8,"Replay:Mystery Machine":2,"hubris:EmptyBottle":28,"Cursed Key":17,"Pet Ghost":28,"Nunchaku":8,"Centennial Puzzle":21,"hubris:Backtick":17,"aspiration:DefectSkillbook":21,"aspiration:BabyByrd":4,"Strawberry":17,"aspiration:ArtOfWarUpgrade":30,"Iron Hammer":28,"TheCursedMod:BlackMagic101":0,"MerchantsRug":8,"BargainBundle":21,"aspiration:Nostalgia":0,"Replay:Grab Bag":17,"conspire:SlowCooker":34,"aspiration:SeaSaltIceCream":21,"Calling Bell":17,"hubris:PeanutButter":17,"Snack Pack":9,"hubris:GrandSneckoEye":17,"Art of War":23,"Membership Card":17,"PureWater":0,"aspiration:HatOfInfinitePower":17},{"Nilry\u0027s Codex":14,"Blue Doll":2,"hubris:SlimyHat":0,"Bag of Preparation":9,"Ginger":4,"Replay:Mystery Machine":2,"hubris:EmptyBottle":17,"Cursed Key":13,"Pet Ghost":17,"Nunchaku":9,"Centennial Puzzle":15,"hubris:Backtick":13,"aspiration:DefectSkillbook":15,"aspiration:BabyByrd":2,"Strawberry":13,"aspiration:ArtOfWarUpgrade":18,"Iron Hammer":17,"TheCursedMod:BlackMagic101":5,"MerchantsRug":9,"BargainBundle":15,"aspiration:Nostalgia":5,"Replay:Grab Bag":13,"conspire:SlowCooker":20,"aspiration:SeaSaltIceCream":15,"Calling Bell":13,"hubris:PeanutButter":13,"Snack Pack":9,"hubris:GrandSneckoEye":13,"Art of War":16,"Membership Card":13,"PureWater":0,"aspiration:HatOfInfinitePower":13},{"Nilry\u0027s Codex":62,"Blue Doll":6,"hubris:SlimyHat":0,"Bag of Preparation":43,"Ginger":12,"Replay:Mystery Machine":6,"hubris:EmptyBottle":70,"Cursed Key":59,"Pet Ghost":70,"Nunchaku":43,"Centennial Puzzle":65,"hubris:Backtick":59,"aspiration:DefectSkillbook":65,"aspiration:BabyByrd":6,"Strawberry":59,"aspiration:ArtOfWarUpgrade":73,"Iron Hammer":70,"TheCursedMod:BlackMagic101":30,"MerchantsRug":43,"BargainBundle":65,"aspiration:Nostalgia":30,"Replay:Grab Bag":59,"conspire:SlowCooker":81,"aspiration:SeaSaltIceCream":65,"Calling Bell":59,"hubris:PeanutButter":59,"Snack Pack":43,"hubris:GrandSneckoEye":59,"Art of War":67,"Membership Card":59,"PureWater":0,"aspiration:HatOfInfinitePower":59}]},"card_choices":[{"not_picked":["SashWhip","FollowUp"],"picked":"PathToVictory","floor":1},{"not_picked":["Replay:AtTheReady","WreathOfFlame"],"picked":"WindmillStrike","floor":2},{"not_picked":["EmptyBody","WindmillStrike"],"picked":"ForeignInfluence","floor":4},{"not_picked":["Scrawl","Replay:BluntJabs"],"picked":"PathToVictory","floor":6},{"not_picked":["Replay:Vibes","Protect"],"picked":"SashWhip","floor":10},{"not_picked":["EmptyFist","CrushJoints"],"picked":"BowlingBash","floor":12},{"not_picked":["Replay:BluntJabs","Crescendo"],"picked":"EmptyFist","floor":13},{"not_picked":["Blasphemy","Wish"],"picked":"Establishment","floor":16},{"not_picked":["InnerPeace","Replay:Hum"],"picked":"Replay:BluntJabs+1","floor":18},{"not_picked":["Conclude","InnerPeace"],"picked":"Crescendo","floor":20},{"not_picked":["Replay:Cycle","Scrape+1","Evaluate"],"picked":"Rainbow","floor":23},{"not_picked":["Replay:Cycle","Reprogram+1","Sweeping Beam"],"picked":"ReplayGash+1","floor":24},{"not_picked":["PathToVictory+1","FlyingSleeves+1","Sweeping Beam+1"],"picked":"Gash+1","floor":25},{"not_picked":["Multi-Cast+1","Alpha+1","Buffer+1"],"picked":"DeusExMachina+1","floor":25},{"not_picked":["Prostrate","ThirdEye","Coolheaded"],"picked":"Protect+1","floor":29},{"not_picked":["CarveReality","CrushJoints","Lockon"],"picked":"Double Energy","floor":31},{"not_picked":["MasterReality","Alpha","Meteor Strike"],"picked":"ConjureBlade","floor":33},{"not_picked":["Coolheaded","Halt+1","Hello World"],"picked":"TalkToTheHand+1","floor":35}],"player_experience":658114,"relics_obtained":[{"floor":6,"key":"Bag of Preparation"},{"floor":9,"key":"Snack Pack"},{"floor":17,"key":"Strawberry"},{"floor":17,"key":"hubris:PeanutButter"},{"floor":17,"key":"aspiration:HatOfInfinitePower"},{"floor":23,"key":"Art of War"}],"event_choices":[{"damage_healed":0,"gold_gain":0,"player_choice":"Obtained Book","damage_taken":16,"max_hp_gain":0,"max_hp_loss":0,"event_name":"Cursed Tome","floor":19,"gold_loss":0},{"damage_healed":0,"gold_gain":0,"player_choice":"2","damage_taken":0,"max_hp_gain":0,"max_hp_loss":0,"event_name":"betterMatch:BetterMatch","floor":25,"gold_loss":0,"cards_obtained":["betterMatch:CommonCard","betterMatch:RareCard"]}],"is_beta":false,"boss_relics":[{"not_picked":["SacredBark","Ring of Chaos"],"picked":"Replay:Grab Bag"},{"not_picked":["Sozu","conspire:SeveredTorchhead"],"picked":"hubris:GrandSneckoEye"},{"not_picked":["Philosopher\u0027s Stone","Runesmith:UraniumAnvil"],"picked":"Cursed Key"},{"not_picked":["conspire:RunicOctahedron","aspiration:RitualDagger"],"picked":"Calling Bell"},{"not_picked":["SlaversCollar","hubris:Stopwatch"],"picked":"hubris:Backtick"},{"not_picked":["Tiny House","HolyWater"],"picked":"conspire:SlowCooker"}],"items_purged_floors":[21,28],"is_endless":false,"potions_floor_spawned":[10,13,23,29],"killed_by":"3 Darklings","ascension_level":2}}