{"host":"gbop6m4qugddaz18","time":1608574227,"event":{"mods":["2.2 Compatiblity","BaseMod","Better Third Choice","Block Reminder","Downfall","GifTheSpireLib","Highlight Path","Minty Spire (QoL Compilation)","Replay The Spire","StSLib"],"gold_per_floor":[111,128,303,317,617,617,650,650,650,682,696,709,709,723,723,723,723],"floor_reached":16,"playtime":501,"items_purged":[],"score":134,"play_id":"d2e4f409-93d9-47e4-a896-b55bc2fa46a1","local_time":"20201221131027","is_ascension_mode":true,"campfire_choices":[{"data":"Quick Slash","floor":6,"key":"SMITH"},{"floor":13,"key":"REST"},{"floor":15,"key":"REST"}],"circlet_count":0,"master_deck":["Strike_G","Strike_G","Strike_G","Strike_G","Strike_G","Defend_G","Defend_G","Defend_G","Defend_G","Defend_G","Survivor","Neutralize","PiercingWail","Flying Knee","Quick Slash+1","A Thousand Cuts","PiercingWail","Deadly Poison","Leg Sweep","PiercingWail"],"relics":["Ring of the Snake","NeowsBlessing","Old Coin","Blue Candle","Replay:Towering Pillar of Hats","Lantern"],"acts_visited":["Exordium"],"potions_floor_usage":[7,10,16,16],"damage_taken":[{"damage":0,"enemies":"Small Slimes","floor":1,"turns":1},{"damage":0,"enemies":"Jaw Worm","floor":2,"turns":1},{"damage":0,"enemies":"2 Louse","floor":4,"turns":1},{"damage":13,"enemies":"Gremlin Nob","floor":7,"turns":4},{"damage":25,"enemies":"Lagavulin","floor":10,"turns":5},{"damage":8,"enemies":"Gremlin Gang","floor":11,"turns":5},{"damage":11,"enemies":"Blue Slaver","floor":12,"turns":3},{"damage":1,"enemies":"3 Louse","floor":14,"turns":4},{"damage":58,"enemies":"Slime Boss","floor":16,"turns":8}],"seed_played":"-5441913451980835408","potions_obtained":[{"floor":1,"key":"ColorlessPotion"},{"floor":7,"key":"champ:CounterPotion"},{"floor":10,"key":"Block Potion"},{"floor":11,"key":"Poison Potion"}],"is_trial":false,"path_per_floor":["M","M","?","M","?","R","E","?","T","E","M","M","R","M","R","B"],"character_chosen":"THE_SILENT","items_purchased":[],"campfire_rested":2,"item_purchase_floors":[],"current_hp_per_floor":[70,70,70,70,70,70,57,57,57,32,24,13,34,33,54,0,0],"gold":723,"neow_bonus":"THREE_ENEMY_KILL","is_daily":false,"chose_seed":false,"campfire_upgraded":1,"win_rate":0.0,"timestamp":1608574227,"path_taken":["M","M","?","M","?","R","E","?","T","E","?","M","R","M","R","BOSS"],"items_purchased_type":[],"build_version":"2020-12-13","purchased_purges":0,"victory":false,"max_hp_per_floor":[70,70,70,70,70,70,70,70,70,70,70,70,70,70,70,70,70],"card_choices":[{"not_picked":["Calculated Gamble","Bane"],"picked":"PiercingWail","floor":1},{"not_picked":["Reflex","Riddle With Holes"],"picked":"Flying Knee","floor":2},{"not_picked":["Outmaneuver","Endless Agony"],"picked":"Quick Slash","floor":4},{"not_picked":["Dagger Throw","Accuracy"],"picked":"A Thousand Cuts","floor":7},{"not_picked":["Acrobatics","Poisoned Stab"],"picked":"PiercingWail","floor":10},{"not_picked":["Poisoned Stab","Underhanded Strike"],"picked":"Deadly Poison","floor":11},{"not_picked":["Flying Knee","PiercingWail"],"picked":"Leg Sweep","floor":12},{"not_picked":["Accuracy","Wraith Form v2"],"picked":"PiercingWail","floor":14}],"player_experience":575399,"relics_obtained":[{"floor":7,"key":"Blue Candle"},{"floor":9,"key":"Replay:Towering Pillar of Hats"},{"floor":10,"key":"Lantern"}],"event_choices":[{"damage_healed":0,"gold_gain":175,"player_choice":"AGREE","damage_taken":128,"max_hp_gain":0,"max_hp_loss":0,"event_name":"betterThird:BetterSerpent","floor":3,"gold_loss":0},{"damage_healed":0,"gold_gain":0,"player_choice":"Box","damage_taken":0,"relics_obtained":["Old Coin"],"max_hp_gain":0,"max_hp_loss":0,"event_name":"Big Fish","floor":5,"gold_loss":0,"cards_obtained":["Regret"]},{"cards_removed":["Regret","Doubt"],"damage_healed":0,"gold_gain":0,"player_choice":"Removed Curses","damage_taken":0,"max_hp_gain":0,"max_hp_loss":0,"event_name":"Fountain of Cleansing","floor":8,"gold_loss":0}],"is_beta":false,"boss_relics":[],"items_purged_floors":[],"is_endless":false,"potions_floor_spawned":[1,7,10,11],"killed_by":"Slime Boss","ascension_level":4}}