{"host":"aioitfzuz1h9wkvz","time":1608529731,"event":{"mods":["AchievementEnabler","BaseMod","Colored Map","Minty Spire (QoL Compilation)","Quick Restart","Relic Stats","Spicy Shops","StSLib"],"gold_per_floor":[109,284,284,284,309,309,349,349,374,1,34,100,100,123,123,251,251,267,317,333,383,383,383],"floor_reached":22,"playtime":4843,"items_purged":["Doubt"],"score":230,"play_id":"93355c65-93c5-49ca-a87e-2ad9402f4ec5","local_time":"20201221154851","is_ascension_mode":true,"campfire_choices":[{"data":"Clothesline","floor":6,"key":"SMITH"},{"floor":8,"key":"REST"},{"floor":13,"key":"REST"},{"data":"Armaments","floor":15,"key":"SMITH"}],"circlet_count":0,"master_deck":["Strike_R","Strike_R","Strike_R","Defend_R","Defend_R","Defend_R","Defend_R","Bash","Clothesline+1","Cleave","Dropkick","Armaments+1","Shame","Dropkick","Flame Barrier","Entrench","Immolate"],"relics":["Black Blood","Golden Idol","SsserpentHead","Pantograph","Tiny Chest","Darkstone Periapt","DollysMirror","StrikeDummy","Nilry\u0027s Codex"],"acts_visited":["Exordium","TheCity"],"potions_floor_usage":[14,16,22],"damage_taken":[{"damage":8,"enemies":"Small Slimes","floor":1,"turns":4},{"damage":4,"enemies":"Jaw Worm","floor":5,"turns":3},{"damage":41,"enemies":"Lagavulin","floor":7,"turns":8},{"damage":24,"enemies":"Gremlin Nob","floor":11,"turns":4},{"damage":0,"enemies":"Cultist","floor":12,"turns":2},{"damage":8,"enemies":"Exordium Thugs","floor":14,"turns":5},{"damage":53,"enemies":"Slime Boss","floor":16,"turns":9},{"damage":46,"enemies":"2 Thieves","floor":18,"turns":5},{"damage":18,"enemies":"3 Byrds","floor":20,"turns":5},{"damage":30,"enemies":"Sentry and Sphere","floor":22,"turns":4}],"seed_played":"-81613317243297728","potions_obtained":[{"floor":7,"key":"PowerPotion"},{"floor":11,"key":"GamblersBrew"},{"floor":12,"key":"DistilledChaos"},{"floor":18,"key":"ColorlessPotion"}],"is_trial":false,"path_per_floor":["M","?","?","?","M","R","E","R","T","$","E","M","R","M","R","B",null,"M","?","M","?","M"],"character_chosen":"IRONCLAD","items_purchased":["Darkstone Periapt","DollysMirror"],"campfire_rested":2,"item_purchase_floors":[10,10],"current_hp_per_floor":[78,78,58,58,60,60,25,49,49,55,37,43,68,66,66,39,86,52,52,46,30,0,0],"gold":383,"neow_bonus":"THREE_CARDS","is_daily":false,"chose_seed":false,"campfire_upgraded":2,"win_rate":0.0,"timestamp":1608529731,"path_taken":["M","?","?","?","M","R","E","R","T","$","E","?","R","M","R","BOSS","M","?","M","?","M"],"items_purchased_type":["Relic","Relic"],"build_version":"2020-12-13","purchased_purges":1,"victory":false,"max_hp_per_floor":[80,80,80,80,80,80,80,80,80,86,86,86,86,86,86,86,86,86,86,86,86,86,86],"relic_stats":{"Darkstone Periapt":6,"SsserpentHead":150,"counters":[10,49],"Golden Idol":60,"Pantograph":20,"Black Blood":66,"Tiny Chest":0,"obtain_stats":[{"Darkstone Periapt":10,"SsserpentHead":4,"Golden Idol":3,"DollysMirror":10,"Nilry\u0027s Codex":21,"Pantograph":7,"Black Blood":17,"Tiny Chest":9,"StrikeDummy":11,"Burning Blood":0},{"Darkstone Periapt":3,"SsserpentHead":1,"Golden Idol":1,"DollysMirror":3,"Nilry\u0027s Codex":9,"Pantograph":3,"Black Blood":7,"Tiny Chest":3,"StrikeDummy":4,"Burning Blood":0},{"Darkstone Periapt":15,"SsserpentHead":4,"Golden Idol":4,"DollysMirror":15,"Nilry\u0027s Codex":45,"Pantograph":15,"Black Blood":35,"Tiny Chest":15,"StrikeDummy":19,"Burning Blood":0}]},"card_choices":[{"not_picked":["Headbutt","Pommel Strike"],"picked":"Clothesline","floor":0},{"not_picked":["Warcry","Havoc"],"picked":"Cleave","floor":1},{"not_picked":["Pommel Strike","Headbutt"],"picked":"Dropkick","floor":5},{"not_picked":["Battle Trance","Sword Boomerang"],"picked":"Armaments","floor":7},{"not_picked":["Evolve","Bloodletting","Disarm"],"picked":"SKIP","floor":11},{"not_picked":["Flex","Metallicize"],"picked":"Flame Barrier","floor":12},{"not_picked":["Body Slam","Thunderclap","Clothesline"],"picked":"SKIP","floor":14},{"not_picked":["Dual Wield","Headbutt","Shrug It Off"],"picked":"SKIP","floor":18},{"not_picked":["Searing Blow","Fire Breathing","Evolve"],"picked":"SKIP","floor":20}],"player_experience":683364,"relics_obtained":[{"floor":7,"key":"Pantograph"},{"floor":9,"key":"Tiny Chest"},{"floor":11,"key":"StrikeDummy"},{"floor":21,"key":"Nilry\u0027s Codex"}],"event_choices":[{"damage_healed":0,"gold_gain":175,"player_choice":"AGREE","damage_taken":0,"max_hp_gain":0,"max_hp_loss":0,"event_name":"Liars Game","floor":2,"gold_loss":0,"cards_obtained":["Doubt"]},{"damage_healed":0,"gold_gain":0,"player_choice":"Take Damage","damage_taken":20,"relics_obtained":["Golden Idol"],"max_hp_gain":0,"max_hp_loss":0,"event_name":"Golden Idol","floor":3,"gold_loss":0},{"damage_healed":0,"gold_gain":0,"player_choice":"Trade","damage_taken":0,"relics_obtained":["SsserpentHead"],"max_hp_gain":0,"max_hp_loss":0,"event_name":"FaceTrader","floor":4,"gold_loss":0},{"damage_healed":0,"gold_gain":0,"cards_transformed":["Strike_R","Strike_R"],"player_choice":"Became Test Subject","damage_taken":0,"max_hp_gain":0,"max_hp_loss":0,"event_name":"Drug Dealer","floor":19,"gold_loss":0,"cards_obtained":["Entrench","Immolate"]},{"damage_healed":0,"gold_gain":0,"player_choice":"Obtained Book","damage_taken":16,"max_hp_gain":0,"max_hp_loss":0,"event_name":"Cursed Tome","floor":21,"gold_loss":0}],"is_beta":false,"boss_relics":[{"not_picked":["Fusion Hammer","Ectoplasm"],"picked":"Black Blood"}],"items_purged_floors":[10],"is_endless":false,"potions_floor_spawned":[7,11,12,18],"killed_by":"Sentry and Sphere","ascension_level":4}}