{"host":"o42wl4m5pnzrnqrg","time":1608526229,"event":{"mods":["2.2 Compatiblity","Act Like it!","BaseMod","Best Route Mod","Better Match","Better Note","Better Skull","Better Third Choice","Better Vampires","CapriCore","Colored Map","Curses Come First","Dota2Spire","Ekko","Friendly Minions","GifTheSpireLib","Gold Saver","Hallownest","Hubris","Jess\u0027s Bottle","Kratos Character Expansion","Luminous","Mari Mod (Legacy)","Mari\u0027s V1 Patch","Marisa????????","Minty Spire (QoL Compilation)","Permanent Neow","Rare Cards Sparkle","Relic Stats","Replay The Spire","Robot Space Explorer","SOS???????","Shade Mod","Shop Mod","Small Relic Pack","Spicy Shops","StSLib","The Bladedancer","The Blue Laboratory","The Bug Knight","The Dragon Tamer","The Marked","TheSwordswoman","TheWitcher","Transform Curses","???mod?????","??????REMEMod"],"gold_per_floor":[118,118,131,142,217,217,217],"floor_reached":6,"playtime":428,"items_purged":[],"score":38,"play_id":"14e0122f-e31c-4432-b4b1-c218eb84b5b6","local_time":"20201221005029","is_ascension_mode":true,"campfire_choices":[],"circlet_count":0,"master_deck":["theMarked:Strike","theMarked:Strike","theMarked:Strike","theMarked:Strike","theMarked:Strike","theMarked:Defend","theMarked:Defend","theMarked:Defend","theMarked:Defend","theMarked:SoldierOfQuellstein","theMarked:Electrify","Magnetism","theMarked:Generate","theMarked:EmpowerWeapon","theMarked:MagicAdept"],"relics":["theMarked:ArtifactOfAir","REME_ComplimentaryCards","Replay:Rubber Ducky"],"acts_visited":["Exordium"],"potions_floor_usage":[],"damage_taken":[{"damage":6,"enemies":"2 Louse","floor":1,"turns":3},{"damage":0,"enemies":"Cultist","floor":3,"turns":3},{"damage":0,"enemies":"Small Slimes","floor":4,"turns":4},{"damage":50,"enemies":"Gremlin Nob","floor":6,"turns":4}],"seed_played":"5307389130306509042","potions_obtained":[{"floor":1,"key":"SteroidPotion"}],"is_trial":false,"path_per_floor":["M","?","M","M","?","E"],"character_chosen":"THE_DEFAULT","items_purchased":[],"campfire_rested":0,"item_purchase_floors":[],"current_hp_per_floor":[43,43,43,43,32,0,0],"gold":217,"neow_bonus":"RANDOM_COLORLESS_2","is_daily":false,"chose_seed":false,"campfire_upgraded":0,"win_rate":0.0,"timestamp":1608526229,"path_taken":["M","?","M","?","?","E"],"items_purchased_type":[],"build_version":"2020-12-13","purchased_purges":0,"victory":false,"max_hp_per_floor":[70,70,70,70,70,70,70],"relic_stats":{"counters":[4,14],"obtain_stats":[{"theMarked:ArtifactOfAir":0,"REME_ComplimentaryCards":0,"Replay:Rubber Ducky":2},{"theMarked:ArtifactOfAir":0,"REME_ComplimentaryCards":0,"Replay:Rubber Ducky":1},{"theMarked:ArtifactOfAir":0,"REME_ComplimentaryCards":0,"Replay:Rubber Ducky":3}]},"card_choices":[{"not_picked":["Secret Technique","Thinking Ahead"],"picked":"Magnetism","floor":0},{"not_picked":["theMarked:Static","theMarked:ChainLightning"],"picked":"theMarked:Generate","floor":1},{"not_picked":["theMarked:ContemptForTheProud","theMarked:BanishingWave"],"picked":"theMarked:EmpowerWeapon","floor":3},{"not_picked":["theMarked:Electrify","theMarked:Generate"],"picked":"theMarked:MagicAdept","floor":4}],"player_experience":437518,"relics_obtained":[],"event_choices":[{"damage_healed":0,"gold_gain":0,"player_choice":"Gave Potion","damage_taken":0,"relics_obtained":["Replay:Rubber Ducky"],"max_hp_gain":0,"max_hp_loss":0,"event_name":"WeMeetAgain","floor":2,"gold_loss":0},{"damage_healed":0,"gold_gain":75,"player_choice":"Gold","damage_taken":11,"max_hp_gain":0,"max_hp_loss":0,"event_name":"betterThird:BetterGoop","floor":5,"gold_loss":0}],"is_beta":false,"boss_relics":[],"items_purged_floors":[],"is_endless":false,"potions_floor_spawned":[1],"killed_by":"Gremlin Nob","ascension_level":1}}