{"host":"dpbezu80jg8zk7un","time":1608538229,"event":{"mods":["BaseMod","Colored Map","Colored Powertips","Custom Start","DeckTracker","Minty Spire (QoL Compilation)","Quick Restart","StSLib","SuperFastMode"],"gold_per_floor":[114,129,54,54,119,119,148,148,148,148,198,259,284,298,298,374,374,389,314,364,374,389,416,466,498,498,237,237,287,52,120,120,198,198,212,262,337,187,202,235,285,335,360,360,389,399,430,443,443,443,443,443,443,72,97,97],"floor_reached":57,"playtime":2414,"items_purged":["Strike_P","Conclude+1","Defend_P","Eruption+1"],"score":3247,"play_id":"b6ad6860-d11d-4caa-b6a4-4d52eb688f22","local_time":"20201221171029","is_ascension_mode":true,"campfire_choices":[{"data":"Eruption","floor":6.0,"key":"SMITH"},{"data":"Tantrum","floor":8.0,"key":"SMITH"},{"floor":10.0,"key":"RECALL"},{"data":"Adaptation","floor":15.0,"key":"SMITH"},{"data":"Halt","floor":28.0,"key":"SMITH"},{"data":"WheelKick","floor":32.0,"key":"SMITH"},{"data":"Vigilance","floor":44.0,"key":"SMITH"},{"data":"DeusExMachina","floor":49.0,"key":"SMITH"}],"circlet_count":0,"master_deck":["AscendersBane","Vigilance+1","Tantrum+1","Adaptation+1","WheelKick+1","DeusExMachina+1","Brilliance+1","EmptyMind+1","Halt+1","CrushJoints+1","Purity","InnerPeace"],"relics":["PureWater","NeowsBlessing","SsserpentHead","Sundial","Vajra","Bottled Tornado","Astrolabe","Happy Flower","Blue Candle","Lee\u0027s Waffle","DollysMirror","Coffee Dripper","CaptainsWheel","GoldenEye","Ancient Tea Set","InkBottle","StoneCalendar","Membership Card","Calipers","Boot"],"acts_visited":["Exordium","TheCity","TheBeyond","TheEnding"],"potions_floor_usage":[56],"damage_taken":[{"damage":0.0,"enemies":"Small Slimes","floor":1.0,"turns":1.0},{"damage":0.0,"enemies":"Cultist","floor":2.0,"turns":1.0},{"damage":0.0,"enemies":"2 Louse","floor":5.0,"turns":1.0},{"damage":31.0,"enemies":"Lagavulin","floor":7.0,"turns":8.0},{"damage":3.0,"enemies":"Gremlin Gang","floor":12.0,"turns":3.0},{"damage":0.0,"enemies":"Gremlin Nob","floor":13.0,"turns":2.0},{"damage":0.0,"enemies":"Blue Slaver","floor":14.0,"turns":1.0},{"damage":15.0,"enemies":"Hexaghost","floor":16.0,"turns":7.0},{"damage":0.0,"enemies":"Shell Parasite","floor":18.0,"turns":1.0},{"damage":0.0,"enemies":"Chosen","floor":21.0,"turns":2.0},{"damage":0.0,"enemies":"Shelled Parasite and Fungi","floor":22.0,"turns":2.0},{"damage":13.0,"enemies":"Slavers","floor":23.0,"turns":2.0},{"damage":11.0,"enemies":"Book of Stabbing","floor":25.0,"turns":3.0},{"damage":16.0,"enemies":"Snake Plant","floor":31.0,"turns":2.0},{"damage":2.0,"enemies":"Champ","floor":33.0,"turns":2.0},{"damage":0.0,"enemies":"Orb Walker","floor":35.0,"turns":1.0},{"damage":0.0,"enemies":"Mind Bloom Boss Battle","floor":37.0,"turns":1.0},{"damage":19.0,"enemies":"3 Darklings","floor":39.0,"turns":2.0},{"damage":6.0,"enemies":"Reptomancer","floor":40.0,"turns":3.0},{"damage":25.0,"enemies":"Nemesis","floor":45.0,"turns":3.0},{"damage":0.0,"enemies":"Writhing Mass","floor":46.0,"turns":3.0},{"damage":0.0,"enemies":"Reptomancer","floor":47.0,"turns":2.0},{"damage":0.0,"enemies":"4 Shapes","floor":48.0,"turns":2.0},{"damage":0.0,"enemies":"Donu and Deca","floor":50.0,"turns":3.0},{"damage":0.0,"enemies":"Awakened One","floor":51.0,"turns":4.0},{"damage":0.0,"enemies":"Shield and Spear","floor":55.0,"turns":2.0},{"damage":50,"enemies":"The Heart","floor":56,"turns":6}],"seed_played":"6327157226311657250","potions_obtained":[{"floor":7.0,"key":"SteroidPotion"},{"floor":13.0,"key":"BottledMiracle"},{"floor":16.0,"key":"DuplicationPotion"},{"floor":22.0,"key":"FearPotion"},{"floor":31.0,"key":"Strength Potion"},{"floor":33.0,"key":"PowerPotion"},{"floor":45.0,"key":"Swift Potion"}],"is_trial":false,"path_per_floor":["M","M","?","?","M","R","E","R","T","R","?","M","E","M","R","B",null,"M","$","?","M","M","E","?","E","T","$","R","?","$","M","R","B",null,"M","?","?","$","M","E","?","?","T","R","E","M","E","M","R","B","B",null,"R","$","E","B",null],"character_chosen":"WATCHER","items_purchased":["Lee\u0027s Waffle","DollysMirror","Membership Card","Calipers","Purity"],"campfire_rested":0,"item_purchase_floors":[27,30,54,54,54],"current_hp_per_floor":[61,61,61,61,61,61,30,30,30,30,30,27,27,27,27,12,54,54,54,54,54,54,41,22,11,11,80,80,80,80,64,64,62,76,76,76,76,76,57,51,51,51,51,51,26,26,26,26,26,26,26,64,64,64,64,14],"gold":97,"neow_bonus":"THREE_ENEMY_KILL","is_daily":false,"chose_seed":false,"campfire_upgraded":7,"win_rate":0.0,"timestamp":1608538229,"path_taken":["M","M","?","?","?","R","E","R","T","R","?","?","E","M","R","BOSS","M","$","?","M","M","E","?","E","T","$","R","?","?","?","R","BOSS","M","?","?","$","M","E","?","?","T","R","E","M","E","M","R","BOSS","BOSS","R","$","E","BOSS"],"items_purchased_type":["Relic","Relic","Relic","Relic","Card"],"build_version":"2020-12-13","purchased_purges":4,"victory":true,"max_hp_per_floor":[68,68,68,68,68,68,68,68,68,68,68,68,68,68,68,68,68,68,68,68,68,68,68,73,73,73,80,80,80,80,80,80,80,80,80,80,80,80,80,80,76,76,76,76,76,76,76,76,76,76,76,76,76,76,76,76],"card_choices":[{"not_picked":["Evaluate","FlurryOfBlows"],"picked":"Tantrum","floor":1.0},{"not_picked":["Halt","EmptyBody","BowlingBash"],"picked":"SKIP","floor":2.0},{"not_picked":["DeceiveReality","PathToVictory","LikeWater"],"picked":"SKIP","floor":5.0},{"not_picked":["Consecrate","Wish","ClearTheMind"],"picked":"SKIP","floor":7.0},{"not_picked":["FollowUp","CutThroughFate"],"picked":"Adaptation","floor":12.0},{"not_picked":["SashWhip","EmptyBody","ThirdEye"],"picked":"SKIP","floor":13.0},{"not_picked":["Wallop","Prostrate"],"picked":"WheelKick","floor":14.0},{"not_picked":["Judgement","Devotion"],"picked":"DeusExMachina","floor":16.0},{"not_picked":["PathToVictory","CarveReality+1","FlyingSleeves"],"picked":"SKIP","floor":18.0},{"not_picked":["Study","EmptyFist","DeceiveReality"],"picked":"SKIP","floor":21.0},{"not_picked":["PathToVictory","Halt","ThirdEye"],"picked":"SKIP","floor":22.0},{"not_picked":["PathToVictory","ThirdEye"],"picked":"Halt","floor":22.0},{"not_picked":["EmptyBody","SashWhip+1"],"picked":"CrushJoints+1","floor":23.0},{"not_picked":["Swivel","Consecrate","DevaForm"],"picked":"SKIP","floor":25.0},{"not_picked":["CrushJoints+1","ClearTheMind","Fasting2+1"],"picked":"SKIP","floor":31.0},{"not_picked":["Wireheading","Tantrum+1","Wallop"],"picked":"SKIP","floor":35.0},{"not_picked":["FlyingSleeves","ClearTheMind","FollowUp+1"],"picked":"SKIP","floor":39.0},{"not_picked":["CrushJoints","DeceiveReality","FlurryOfBlows+1"],"picked":"SKIP","floor":40.0},{"not_picked":["Swivel+1","Nirvana+1","BowlingBash+1"],"picked":"SKIP","floor":45.0},{"not_picked":["Evaluate+1","WaveOfTheHand+1","Weave"],"picked":"SKIP","floor":46.0},{"not_picked":["LikeWater+1","FollowUp","Consecrate+1"],"picked":"SKIP","floor":47.0},{"not_picked":["Evaluate","Halt","FlyingSleeves"],"picked":"SKIP","floor":48.0},{"not_picked":["Consecrate","Perseverance"],"picked":"InnerPeace","floor":55.0}],"player_experience":2766862,"relics_obtained":[{"floor":7.0,"key":"Sundial"},{"floor":9.0,"key":"Vajra"},{"floor":13.0,"key":"Bottled Tornado"},{"floor":23.0,"key":"Happy Flower"},{"floor":25.0,"key":"Blue Candle"},{"floor":37.0,"key":"CaptainsWheel"},{"floor":40.0,"key":"GoldenEye"},{"floor":43.0,"key":"Ancient Tea Set"},{"floor":45.0,"key":"InkBottle"},{"floor":47.0,"key":"StoneCalendar"},{"floor":55.0,"key":"Boot"}],"event_choices":[{"cards_removed":["Defend_P"],"damage_healed":0.0,"max_hp_gain":0.0,"max_hp_loss":0.0,"gold_gain":0.0,"event_name":"The Cleric","player_choice":"Card Removal","floor":3.0,"gold_loss":75.0,"damage_taken":0.0},{"damage_healed":0.0,"max_hp_gain":0.0,"max_hp_loss":0.0,"gold_gain":0.0,"event_name":"FaceTrader","player_choice":"Trade","floor":4.0,"gold_loss":0.0,"damage_taken":0.0,"relics_obtained":["SsserpentHead"]},{"cards_removed":["Strike_P"],"damage_healed":0.0,"max_hp_gain":0.0,"max_hp_loss":0.0,"gold_gain":0.0,"event_name":"Wheel of Change","player_choice":"Card Removal","floor":11.0,"gold_loss":0.0,"damage_taken":0.0},{"cards_removed":["Defend_P"],"damage_healed":0.0,"max_hp_gain":0.0,"max_hp_loss":0.0,"gold_gain":0.0,"event_name":"Back to Basics","player_choice":"Elegance","floor":20.0,"gold_loss":0.0,"damage_taken":0.0},{"damage_healed":0.0,"max_hp_gain":5.0,"max_hp_loss":0.0,"gold_gain":0.0,"event_name":"Forgotten Altar","player_choice":"Shed Blood","floor":24.0,"gold_loss":0.0,"damage_taken":24.0},{"damage_healed":0.0,"max_hp_gain":0.0,"max_hp_loss":0.0,"gold_gain":0.0,"event_name":"Ghosts","player_choice":"Ignored","floor":29.0,"gold_loss":0.0,"damage_taken":0.0},{"damage_healed":0.0,"max_hp_gain":0.0,"max_hp_loss":0.0,"gold_gain":0.0,"event_name":"Tomb of Lord Red Mask","player_choice":"Ignored","floor":36.0,"gold_loss":0.0,"damage_taken":0.0},{"damage_healed":0.0,"max_hp_gain":0.0,"max_hp_loss":0.0,"gold_gain":0.0,"event_name":"MindBloom","player_choice":"Fight","floor":37.0,"gold_loss":0.0,"damage_taken":0.0},{"damage_healed":0.0,"max_hp_gain":0.0,"max_hp_loss":4.0,"gold_gain":0.0,"event_name":"Winding Halls","player_choice":"Max HP","floor":41.0,"gold_loss":0.0,"damage_taken":0.0},{"cards_removed":["Adaptation"],"damage_healed":0.0,"max_hp_gain":0.0,"max_hp_loss":0.0,"gold_gain":0.0,"event_name":"Falling","player_choice":"Removed Power","floor":42.0,"gold_loss":0.0,"damage_taken":0.0}],"is_beta":false,"boss_relics":[{"not_picked":["Sozu","Busted Crown"],"picked":"Astrolabe"},{"not_picked":["Calling Bell","SacredBark"],"picked":"Coffee Dripper"}],"items_purged_floors":[19,27,30,38],"is_endless":false,"potions_floor_spawned":[7,13,16,22,25,31,33,35,40,45],"ascension_level":20}}