{"host":"4qkvkh7pd9qr2mca","time":1608567500,"event":{"mods":["AchievementEnabler","BaseMod","Colored Map","Colored Powertips","Highlight Path","Minty Spire (QoL Compilation)","Permanent Neow","Quick Restart","StSLib","SuperFastMode"],"gold_per_floor":[110,120,140,12,22,50,50,50,50,87,99,125,137,165,177,189,189],"floor_reached":16,"playtime":441,"items_purged":["Parasite"],"score":224,"play_id":"f11ee9a7-7342-4abb-8acd-0711ff1216d3","local_time":"20201221171820","is_ascension_mode":true,"campfire_choices":[{"data":"Bludgeon","floor":7,"key":"SMITH"},{"floor":13,"key":"REST"},{"data":"Uppercut","floor":15,"key":"SMITH"}],"circlet_count":0,"master_deck":["AscendersBane","Strike_R","Strike_R","Strike_R","Strike_R+1","Strike_R","Defend_R","Defend_R","Defend_R","Defend_R","Bash","Bludgeon+1","Uppercut+1","Anger+1","Headbutt","Feel No Pain","Shrug It Off","Spot Weakness","Infernal Blade"],"relics":["Burning Blood","Toy Ornithopter","MawBank","Gremlin Horn","NlothsMask"],"acts_visited":["Exordium"],"potions_floor_usage":[12,12,16,16],"damage_taken":[{"damage":7,"enemies":"Jaw Worm","floor":1,"turns":2},{"damage":6,"enemies":"Cultist","floor":2,"turns":3},{"damage":0,"enemies":"2 Louse","floor":3,"turns":3},{"damage":5,"enemies":"Red Slaver","floor":5,"turns":3},{"damage":25,"enemies":"Lagavulin","floor":6,"turns":7},{"damage":25,"enemies":"3 Sentries","floor":10,"turns":7},{"damage":9,"enemies":"Lots of Slimes","floor":12,"turns":4},{"damage":0,"enemies":"2 Fungi Beasts","floor":14,"turns":2},{"damage":57,"enemies":"Hexaghost","floor":16,"turns":9}],"seed_played":"-7072987703476947252","potions_obtained":[{"floor":2,"key":"EntropicBrew"},{"floor":5,"key":"GamblersBrew"}],"is_trial":false,"path_per_floor":["M","M","M","$","M","E","R","?","T","E","?","M","R","M","R","B"],"character_chosen":"IRONCLAD","items_purchased":["Headbutt"],"campfire_rested":1,"item_purchase_floors":[4],"current_hp_per_floor":[67,67,73,72,72,53,53,31,31,12,12,19,40,46,46,0,0],"gold":189,"neow_bonus":"THREE_RARE_CARDS","is_daily":false,"chose_seed":false,"campfire_upgraded":2,"win_rate":0.0,"timestamp":1608567500,"path_taken":["M","M","M","$","M","E","R","?","T","E","?","M","R","M","R","BOSS"],"items_purchased_type":["Card"],"build_version":"2020-12-13","purchased_purges":1,"victory":false,"max_hp_per_floor":[75,75,75,72,72,72,72,72,72,72,72,72,72,72,72,72,72],"card_choices":[{"not_picked":["Fiend Fire","Demon Form"],"picked":"Bludgeon","floor":0},{"not_picked":["Perfected Strike","Thunderclap"],"picked":"Uppercut","floor":1},{"not_picked":["Thunderclap","Body Slam"],"picked":"Anger","floor":2},{"not_picked":["Armaments","Double Tap","Clash"],"picked":"SKIP","floor":3},{"not_picked":["Havoc","Anger"],"picked":"Feel No Pain","floor":5},{"not_picked":["Shockwave","Hemokinesis"],"picked":"Shrug It Off","floor":6},{"not_picked":["Body Slam","Perfected Strike","Flex"],"picked":"SKIP","floor":10},{"not_picked":["Shrug It Off","Thunderclap"],"picked":"Spot Weakness","floor":12},{"not_picked":["Armaments","Havoc"],"picked":"Infernal Blade","floor":14}],"player_experience":477290,"relics_obtained":[{"floor":6,"key":"Toy Ornithopter"},{"floor":9,"key":"MawBank"},{"floor":10,"key":"Gremlin Horn"}],"event_choices":[{"damage_healed":0,"gold_gain":0,"player_choice":"Entered Light","damage_taken":22,"max_hp_gain":0,"max_hp_loss":0,"event_name":"Shining Light","floor":8,"gold_loss":0,"cards_upgraded":["Strike_R","Anger"]},{"damage_healed":0,"gold_gain":0,"player_choice":"Trade","damage_taken":0,"relics_obtained":["NlothsMask"],"max_hp_gain":0,"max_hp_loss":0,"event_name":"FaceTrader","floor":11,"gold_loss":0}],"is_beta":false,"boss_relics":[],"items_purged_floors":[4],"is_endless":false,"potions_floor_spawned":[2,5,12,14],"killed_by":"Hexaghost","ascension_level":20}}