{"host":"Letariel","time":1608587401,"event":{"mods":["BaseMod","Minty Spire (QoL Compilation)"],"gold_per_floor":[109,128,144,144,77,107,120,120,120,80,103,103,118,118,118,238,238,252,351,371,385,385,385,426,426,426,451,49,72,96,96,96,96,96],"floor_reached":33,"playtime":2154,"items_purged":[],"score":294,"play_id":"624e6470-dbc8-4ad8-b9d6-94e5560e268f","local_time":"20201221135001","is_ascension_mode":false,"campfire_choices":[{"floor":12,"key":"REST"},{"floor":15,"key":"REST"},{"floor":23,"key":"REST"},{"floor":25,"key":"REST"},{"data":"Defragment","floor":32,"key":"SMITH"}],"circlet_count":0,"master_deck":["Defend_B","Defend_B","Defend_B","Zap","Dualcast","Gash","Sweeping Beam","Conserve Battery","Ball Lightning","Loop","Self Repair","Creative AI+1","Gash","Electrodynamics","Redo+1","Sweeping Beam+1","Rainbow+1","Leap","Cold Snap+1","Ball Lightning","Gash","Leap","Conserve Battery+1","Defragment+1","Ghostly","Ghostly","Ghostly","Ghostly","Ghostly"],"relics":["Cracked Core","Pocketwatch","Golden Idol","Singing Bowl","Astrolabe","Letter Opener","Medical Kit","Vajra"],"acts_visited":["Exordium","TheCity"],"potions_floor_usage":[16,18,29,30,33],"damage_taken":[{"damage":1,"enemies":"Cultist","floor":1,"turns":4},{"damage":10,"enemies":"Small Slimes","floor":2,"turns":2},{"damage":8,"enemies":"2 Louse","floor":3,"turns":2},{"damage":24,"enemies":"3 Sentries","floor":6,"turns":6},{"damage":9,"enemies":"Gremlin Gang","floor":7,"turns":3},{"damage":8,"enemies":"Exordium Wildlife","floor":11,"turns":3},{"damage":23,"enemies":"3 Louse","floor":13,"turns":3},{"damage":25,"enemies":"Hexaghost","floor":16,"turns":8},{"damage":34,"enemies":"2 Thieves","floor":18,"turns":4},{"damage":15,"enemies":"3 Byrds","floor":20,"turns":3},{"damage":10,"enemies":"Centurion and Healer","floor":21,"turns":5},{"damage":34,"enemies":"Book of Stabbing","floor":24,"turns":6},{"damage":9,"enemies":"Snake Plant","floor":27,"turns":4},{"damage":28,"enemies":"Shelled Parasite and Fungi","floor":29,"turns":6},{"damage":5,"enemies":"Snecko","floor":30,"turns":5},{"damage":15,"enemies":"Collector","floor":33,"turns":2}],"seed_played":"4723883355106796654","potions_obtained":[{"floor":2,"key":"Strength Potion"},{"floor":10,"key":"Energy Potion"},{"floor":10,"key":"GamblersBrew"},{"floor":20,"key":"FearPotion"},{"floor":27,"key":"ColorlessPotion"},{"floor":29,"key":"Block Potion"}],"is_trial":false,"path_per_floor":["M","M","M","?","$","E","M","?","T","?","M","R","M","?","R","B",null,"M","?","M","M","?","R","E","R","T","M","$","M","M","?","R","B"],"character_chosen":"DEFECT","items_purchased":["Self Repair","Medical Kit","Vajra","Gash","Leap"],"campfire_rested":4,"item_purchase_floors":[5,28,28,28,28],"current_hp_per_floor":[74,64,56,56,56,39,30,30,30,30,29,49,33,33,53,35,69,42,42,29,26,26,47,22,43,43,34,34,13,15,15,15,0,0],"gold":96,"neow_bonus":"THREE_CARDS","is_daily":false,"chose_seed":false,"campfire_upgraded":1,"win_rate":0.0,"timestamp":1608587401,"path_taken":["M","M","M","?","?","E","M","?","T","?","?","R","M","?","R","BOSS","M","?","M","M","?","R","E","R","T","M","$","M","M","?","R","BOSS"],"items_purchased_type":["Card","Relic","Relic","Card","Card"],"build_version":"2020-12-18","purchased_purges":0,"victory":false,"max_hp_per_floor":[75,75,75,75,75,75,75,69,69,69,69,69,69,69,69,69,69,69,69,71,71,71,71,73,73,73,73,73,73,73,36,36,36,36],"card_choices":[{"not_picked":["Hologram","Recycle"],"picked":"Gash","floor":0},{"not_picked":["Coolheaded","FTL"],"picked":"Sweeping Beam","floor":1},{"not_picked":["Double Energy","Blizzard"],"picked":"Conserve Battery","floor":2},{"not_picked":["Compile Driver","Streamline"],"picked":"Ball Lightning","floor":3},{"not_picked":["Storm","Hologram","Redo"],"picked":"SKIP","floor":6},{"not_picked":["Lockon","White Noise","Auto Shields"],"picked":"SKIP","floor":7},{"not_picked":["Go for the Eyes","Beam Cell"],"picked":"Creative AI","floor":11},{"not_picked":["Double Energy","Redo"],"picked":"Gash","floor":13},{"not_picked":["Buffer","Amplify"],"picked":"Electrodynamics","floor":16},{"not_picked":["Cold Snap+1","Streamline+1"],"picked":"Leap","floor":18},{"not_picked":["Stack","Steam","Rip and Tear"],"picked":"Singing Bowl","floor":20},{"not_picked":["Self Repair+1","Rebound"],"picked":"Cold Snap+1","floor":21},{"not_picked":["Hello World+1","White Noise","Reprogram"],"picked":"Singing Bowl","floor":24},{"not_picked":["Reinforced Body","Self Repair"],"picked":"Ball Lightning","floor":27},{"not_picked":["Storm","Electrodynamics"],"picked":"Conserve Battery+1","floor":29},{"not_picked":["Double Energy","Redo"],"picked":"Defragment","floor":30}],"player_experience":714238,"relics_obtained":[{"floor":6,"key":"Pocketwatch"},{"floor":9,"key":"Singing Bowl"},{"floor":24,"key":"Letter Opener"}],"event_choices":[{"damage_healed":0,"gold_gain":0,"cards_transformed":["Strike_B"],"player_choice":"Transformed","damage_taken":0,"max_hp_gain":0,"max_hp_loss":0,"event_name":"Transmorgrifier","floor":4,"gold_loss":0,"cards_obtained":["Loop"]},{"damage_healed":0,"gold_gain":0,"player_choice":"Lose Max HP","damage_taken":0,"relics_obtained":["Golden Idol"],"max_hp_gain":0,"max_hp_loss":6,"event_name":"Golden Idol","floor":8,"gold_loss":0},{"damage_healed":0,"gold_gain":0,"player_choice":"Bought 3 Potions","damage_taken":0,"max_hp_gain":0,"max_hp_loss":0,"event_name":"The Woman in Blue","floor":10,"gold_loss":0},{"damage_healed":0,"gold_gain":0,"player_choice":"Grow","damage_taken":0,"max_hp_gain":0,"max_hp_loss":0,"event_name":"Living Wall","floor":14,"gold_loss":0,"cards_upgraded":["Creative AI"]},{"damage_healed":0,"gold_gain":99,"player_choice":"Stole From Cult","damage_taken":0,"max_hp_gain":0,"max_hp_loss":0,"event_name":"Nest","floor":19,"gold_loss":0},{"cards_removed":["Strike_B"],"damage_healed":0,"gold_gain":0,"player_choice":"Elegance","damage_taken":0,"max_hp_gain":0,"max_hp_loss":0,"event_name":"Back to Basics","floor":22,"gold_loss":0},{"damage_healed":0,"gold_gain":0,"player_choice":"Became a Ghost","damage_taken":0,"max_hp_gain":0,"max_hp_loss":37,"event_name":"Ghosts","floor":31,"gold_loss":0,"cards_obtained":["Ghostly","Ghostly","Ghostly","Ghostly","Ghostly"]}],"is_beta":true,"boss_relics":[{"not_picked":["Velvet Choker","Coffee Dripper"],"picked":"Astrolabe"}],"items_purged_floors":[],"is_endless":false,"potions_floor_spawned":[2,11,13,20,27,29],"killed_by":"Collector","ascension_level":0}}