{"host":"6jcxerjfmuawfds2","time":1608543465,"event":{"mods":["BaseMod","Colored Map","Lobotomy","Minty Spire (QoL Compilation)","StSLib"],"gold_per_floor":[113,127,145,158,15,15,15,47,47,59,59,78,78,78,78,201,201,224,22,38,38,38],"floor_reached":21,"playtime":746,"items_purged":[],"score":181,"play_id":"b11b47da-febb-4708-bb12-e7cba351d8b3","local_time":"20201221183745","is_ascension_mode":false,"campfire_choices":[{"data":"Sword Boomerang","floor":6,"key":"SMITH"},{"floor":11,"key":"REST"},{"floor":15,"key":"REST"}],"circlet_count":0,"master_deck":["Strike_R","Strike_R","Strike_R","Defend_R","Defend_R","Bash","Ghostly Armor","Sword Boomerang+1","BigBadWolf","Double Tap","BigBird","UniverseFragment","Limit Break","CrumblingArmor","Reaper","FieryBird","QueenOfHatred"],"relics":["Burning Blood","CogitoBucket","Vajra","StrikeDummy","StoneCalendar","SkinProphecy","Golden Idol","PrismaticShard"],"acts_visited":["Exordium","TheCity"],"potions_floor_usage":[16,16,20,21,21],"damage_taken":[{"damage":0,"enemies":"2 Louse","floor":1,"turns":3},{"damage":1,"enemies":"Cultist","floor":2,"turns":4},{"damage":1,"enemies":"Jaw Worm","floor":3,"turns":5},{"damage":15,"enemies":"Red Slaver","floor":4,"turns":6},{"damage":28,"enemies":"Gremlin Nob","floor":8,"turns":5},{"damage":0,"enemies":"Looter","floor":10,"turns":3},{"damage":10,"enemies":"Exordium Thugs","floor":12,"turns":3},{"damage":40,"enemies":"Slime Boss","floor":16,"turns":7},{"damage":12,"enemies":"Spheric Guardian","floor":18,"turns":5},{"damage":32,"enemies":"3 Byrds","floor":20,"turns":4},{"damage":125,"enemies":"Snake Plant","floor":21,"turns":4}],"seed_played":"5071900296559318865","potions_obtained":[{"floor":3,"key":"Fire Potion"},{"floor":10,"key":"Swift Potion"},{"floor":12,"key":"ElixirPotion"},{"floor":16,"key":"DistilledChaos"},{"floor":20,"key":"Dexterity Potion"}],"is_trial":false,"path_per_floor":["M","M","M","M","$","R","$","E","T","M","R","M","?","?","R","B",null,"M","$","M","M"],"character_chosen":"IRONCLAD","items_purchased":["Vajra","PrismaticShard","BloodPotion"],"campfire_rested":2,"item_purchase_floors":[5,19,19],"current_hp_per_floor":[80,80,80,71,71,71,71,50,50,36,60,53,33,33,57,21,84,74,74,71,0,0],"gold":38,"neow_bonus":"","is_daily":false,"chose_seed":false,"campfire_upgraded":1,"win_rate":0.0,"timestamp":1608543465,"path_taken":["M","M","M","M","$","R","$","E","T","M","R","M","?","?","R","BOSS","M","$","?","M"],"items_purchased_type":["Relic","Relic","Potion"],"build_version":"2020-12-13","purchased_purges":0,"victory":false,"max_hp_per_floor":[80,80,80,80,80,80,80,80,80,80,80,82,82,82,82,84,84,86,86,88,92,92],"card_choices":[{"not_picked":["VoidDream","NakedNest"],"picked":"Yin","floor":1},{"not_picked":["Thunderclap","True Grit","Ghostly Armor"],"picked":"SKIP","floor":1},{"not_picked":["Thunderclap","True Grit"],"picked":"Ghostly Armor","floor":1},{"not_picked":["Metallicize","Heavy Blade"],"picked":"Sword Boomerang","floor":2},{"not_picked":["Scorched","Wellcheers"],"picked":"BigBadWolf","floor":3},{"not_picked":["Whirlwind","Entrench","Headbutt"],"picked":"SKIP","floor":3},{"not_picked":["Wellcheers","MeatLantern"],"picked":"Bloodbath","floor":4},{"not_picked":["Evolve","Flex"],"picked":"Double Tap","floor":4},{"not_picked":["CherryBlossoms","UniverseFragment"],"picked":"BigBird","floor":8},{"not_picked":["Iron Wave","Flex","Clash"],"picked":"SKIP","floor":8},{"not_picked":["RedShoes","MeatLantern"],"picked":"LongBird","floor":10},{"not_picked":["Iron Wave","Heavy Blade","Clothesline"],"picked":"SKIP","floor":10},{"not_picked":["RedShoes","ShyLook"],"picked":"UniverseFragment","floor":12},{"not_picked":["Sentinel","Second Wind","Blood for Blood"],"picked":"SKIP","floor":12},{"not_picked":["Sentinel","Second Wind","Blood for Blood"],"picked":"SKIP","floor":12},{"not_picked":["Sentinel","Second Wind","Blood for Blood"],"picked":"SKIP","floor":12},{"not_picked":["Sentinel","Second Wind","Blood for Blood"],"picked":"SKIP","floor":12},{"not_picked":["SpiderBud","MHz"],"picked":"CrumblingArmor","floor":16},{"not_picked":["Limit Break","Double Tap"],"picked":"Reaper","floor":16},{"not_picked":["SpiderBud","GalaxyChild"],"picked":"FieryBird","floor":18},{"not_picked":["Headbutt+1","Evolve","True Grit"],"picked":"SKIP","floor":18},{"not_picked":["GalaxyChild","Wellcheers"],"picked":"QueenOfHatred","floor":20},{"not_picked":["Streamline","Noise+1","InTheNameOfLoveAndHate"],"picked":"SKIP","floor":20}],"player_experience":175620,"relics_obtained":[{"floor":8,"key":"StrikeDummy"},{"floor":9,"key":"StoneCalendar"}],"event_choices":[{"damage_healed":0,"gold_gain":0,"player_choice":"Take Damage","damage_taken":20,"relics_obtained":["Golden Idol"],"max_hp_gain":0,"max_hp_loss":0,"event_name":"Golden Idol","floor":13,"gold_loss":0},{"damage_healed":0,"gold_gain":0,"cards_transformed":["Strike_R"],"player_choice":"Transformed","damage_taken":0,"max_hp_gain":0,"max_hp_loss":0,"event_name":"Transmorgrifier","floor":14,"gold_loss":0,"cards_obtained":["Limit Break"]}],"is_beta":false,"boss_relics":[{"not_picked":["Coffee Dripper","Runic Dome","Velvet Choker"]}],"items_purged_floors":[],"is_endless":false,"potions_floor_spawned":[3,10,12,16,20],"killed_by":"Snake Plant","ascension_level":0}}