{"host":"l8lkgdumzpe3823a","time":1608523170,"event":{"mods":["Aspiration","BaseMod","Better Note","Colored Powertips","Curses Come First","Custom Start","DeckTracker","Defuse TimeMaze Blight","Highlight Path","Hubris","Infinite Spire","Minty Spire (QoL Compilation)","Quick Restart","Replay The Spire","Shop Mod","StSLib","SuperFastMode","The Construct","The Dragon Tamer","vexMod"],"gold_per_floor":[114,114,132,148,98,98,58,58,85,85,85,104,33,44,44,140,140,157,169,269,283,55,55,55],"floor_reached":23,"playtime":655,"items_purged":["Dualcast","Strike_B"],"score":231,"play_id":"16d072dc-09ed-44ee-8cca-f9ee48798d51","local_time":"20201220215930","is_ascension_mode":false,"campfire_choices":[{"data":"Creative AI","floor":6,"key":"SMITH"},{"data":"Zap","floor":8,"key":"SMITH"},{"floor":11,"key":"REST"}],"circlet_count":0,"master_deck":["Strike_B","Defend_B","Defend_B","Defend_B","Defend_B","Zap+1","Hologram+1","Creative AI+1","Self Repair","Heatsinks","White Noise","Storm","Stack+1","infinitespire:FutureSight"],"relics":["FrozenCore","hubris:Towel","DataDisk","hubris:EvacipatedBox","hubris:BundleOfHerbs","Raider\u0027s Mask","Replay:Wanted Poster","ClockworkSouvenir"],"acts_visited":["Exordium","TheCity"],"potions_floor_usage":[4,16,19,19,23],"damage_taken":[{"damage":6,"enemies":"Jaw Worm","floor":1,"turns":4},{"damage":3,"enemies":"2 Louse","floor":3,"turns":3},{"damage":18,"enemies":"Cultist","floor":4,"turns":5},{"damage":13,"enemies":"Exordium Wildlife","floor":12,"turns":3},{"damage":11,"enemies":"2 Fungi Beasts","floor":14,"turns":4},{"damage":0,"enemies":"Slime Boss","floor":16,"turns":6},{"damage":36,"enemies":"3 Byrds","floor":18,"turns":7},{"damage":16,"enemies":"2 Thieves","floor":19,"turns":3},{"damage":20,"enemies":"Sentry and Sphere","floor":21,"turns":5},{"damage":23,"enemies":"Slavers","floor":23,"turns":1}],"seed_played":"5584455209391003934","potions_obtained":[{"floor":1,"key":"PowerPotion"},{"floor":3,"key":"Adrenaline Potion"},{"floor":14,"key":"Fire Potion"},{"floor":16,"key":"Fire Potion"},{"floor":19,"key":"EssenceOfSteel"}],"is_trial":false,"path_per_floor":["M","?","M","M","?","R","$","R","T","$","R","M","$","M","R","B",null,"M","M","AVR","M","$","E"],"character_chosen":"DEFECT","items_purchased":["Self Repair","hubris:EvacipatedBox","hubris:BundleOfHerbs","White Noise","ClockworkSouvenir"],"campfire_rested":1,"item_purchase_floors":[7,10,10,13,22],"current_hp_per_floor":[69,69,66,48,48,48,48,48,48,9,31,30,30,26,48,55,75,46,30,30,17,17,0,0],"gold":55,"neow_bonus":"REMOVE_CARD","is_daily":false,"chose_seed":false,"campfire_upgraded":2,"win_rate":0.0,"timestamp":1608523170,"path_taken":["M","?","M","M","?","R","$","R","T","?","R","?","$","M","R","BOSS","M","M","AVR","M","$","E"],"items_purchased_type":["Card","Relic","Relic","Card","Relic"],"build_version":"2020-12-13","purchased_purges":2,"victory":false,"max_hp_per_floor":[75,75,75,75,75,75,75,75,75,75,75,75,75,75,75,75,75,75,75,75,75,75,75,75],"card_choices":[{"not_picked":["Conserve Battery","Redo"],"picked":"Hologram","floor":1},{"not_picked":["Coolheaded","Rebound"],"picked":"Creative AI","floor":3},{"not_picked":["Rip and Tear","Conserve Battery","Stack"],"picked":"SKIP","floor":4},{"not_picked":["Rebound","Undo"],"picked":"Heatsinks","floor":12},{"not_picked":["Chill","Gash"],"picked":"Storm","floor":14},{"not_picked":["Chaos+1","Leap","Compile Driver+1"],"picked":"SKIP","floor":18},{"not_picked":["Turbo+1","Leap"],"picked":"Stack+1","floor":19},{"not_picked":["BasicCrystalCard+1","Redo","Cold Snap+1"],"picked":"SKIP","floor":21}],"player_experience":575478,"relics_obtained":[{"floor":9,"key":"DataDisk"}],"event_choices":[{"cards_removed":["Strike_B"],"damage_healed":0,"gold_gain":0,"player_choice":"Card Removal","damage_taken":0,"max_hp_gain":0,"max_hp_loss":0,"event_name":"The Cleric","floor":5,"gold_loss":50}],"is_beta":false,"boss_relics":[{"not_picked":["Velvet Choker","Snecko Heart","Snecko Eye"],"picked":"FrozenCore"}],"items_purged_floors":[20,22],"is_endless":false,"potions_floor_spawned":[1,3,14,16,19],"killed_by":"Slavers","ascension_level":0}}