{"host":"kos1s9q8ffr8fqos","time":1608532575,"event":{"mods":["2.2 Compatiblity","AchievementEnabler","AlwaysNeverKeys","BaseMod","Bestiary","Better Altar","Better Match","Better Note","Better Sensory Stone","Better Skull","Better Third Choice","Better Vampires","Colored Map","Colored Powertips","Curses Come First","Hermit","Infinite Spire","Jorbs\u0027s Wanderer Trilogy","Minty Spire (QoL Compilation)","Quick Restart","Random Character Button","Relic Stats","Replay The Spire","Shop Mod","StSLib","The Blue Laboratory","The Disciple","The Hierophant"],"gold_per_floor":[116,116,116,127,132,144,144,158,235,246,246,258,258,273,273,339,439,452,452,452,511,525,525,525,525,525,525,525,525,540,557,565,596,596,694,694,709,762,762,762,779,809,809,836,836,836,836,836,853,551,551,551],"floor_reached":53,"playtime":3408,"items_purged":["Normality"],"score":1149,"play_id":"3906f8ef-c3ea-42b6-aa3c-7e1b95fbfbba","local_time":"20201221003615","is_ascension_mode":true,"campfire_choices":[{"data":"LockedWarPaint","floor":7,"key":"SMITH"},{"data":"hermit:Glare","floor":11,"key":"SMITH"},{"data":"ReplayTheSpireMod:Omega Cannon","floor":15,"key":"SMITH"},{"floor":23,"key":"DIG"},{"data":"Poisoned Stab","floor":25,"key":"SMITH"},{"floor":27,"key":"DIG"},{"floor":34,"key":"DIG"},{"data":"Machine Learning","floor":43,"key":"SMITH"},{"floor":46,"key":"DIG"},{"floor":48,"key":"DIG"},{"data":"hierophant:ChurchCoffers","floor":51,"key":"SMITH"}],"circlet_count":0,"master_deck":["hierophant:Strike_Hierophant","hierophant:Strike_Hierophant","hierophant:Strike_Hierophant","hierophant:Strike_Hierophant","hierophant:Punish+1","hierophant:Defend_Hierophant","hierophant:Defend_Hierophant","hierophant:Defend_Hierophant","hierophant:Defend_Hierophant","hierophant:ChurchCoffers+1","hierophant:Encroach","ReplayTheSpireMod:Omega Cannon+1","LockedWarPaint+1","hermit:Glare+1","Doppelganger","stsjorbsmod:HoldMonster","CurseOfTheBell","Poisoned Stab+1","infinitespire:Starlight+1","Pot Of Greed","Pot Of Greed","hermit:Deadeye+1","ReplayTheSpireMod:Corrosion Curse+1","hierophant:Community","Machine Learning+1","stsjorbsmod:Withering","Voices","Sickly","ReplayTheSpireMod:LeadingStrike+1","infinitespire:TheBestDefense","AscendersBane","Apotheosis","Engulf+1","stsjorbsmod:TollTheDead+1","Discovery+1","Transmutation","Pride"],"relics":["hierophant:PropheticMaskRelic","Ginger","Spirit Poop","infinitespire:ShieldingShard","Happy Flower","Replay:Wanted Poster","Philosopher\u0027s Stone","infinitespire:CheckeredPen","Divine Protection","infinitespire:BottledMercury","MerchantsRug","Ornamental Fan","infinitespire:Satchel","StrikeDummy","infinitespire:Golems Mask","Du-Vu Doll","Bottled Lightning","Onion Ring","Akabeko","Centennial Puzzle","Quantum Egg","ReplayTheSpireMod:CursedCoin","Lizard Tail","InkBottle"],"acts_visited":["Exordium","TheCity","TheBeyond"],"potions_floor_usage":[21,38,44,52],"damage_taken":[{"damage":0,"enemies":"2 Louse","floor":1,"turns":2},{"damage":5,"enemies":"Small Slimes","floor":4,"turns":3},{"damage":6,"enemies":"Cultist","floor":5,"turns":3},{"damage":0,"enemies":"3 Sentries","floor":6,"turns":2},{"damage":0,"enemies":"Blue Slaver","floor":8,"turns":3},{"damage":4,"enemies":"Large Slime","floor":10,"turns":3},{"damage":0,"enemies":"Gremlin Gang","floor":12,"turns":1},{"damage":0,"enemies":"Replay:BlueRogue","floor":14,"turns":4},{"damage":23,"enemies":"The Guardian","floor":16,"turns":9},{"damage":0,"enemies":"Chosen","floor":18,"turns":3},{"damage":2,"enemies":"Shell Parasite","floor":22,"turns":3},{"damage":6,"enemies":"Snake Plant","floor":30,"turns":3},{"damage":0,"enemies":"Sentry and Sphere","floor":31,"turns":3},{"damage":0,"enemies":"Book of Stabbing","floor":33,"turns":4},{"damage":7,"enemies":"Champ","floor":35,"turns":7},{"damage":2,"enemies":"Orb Walker","floor":37,"turns":4},{"damage":6,"enemies":"2 Orb Walkers","floor":38,"turns":5},{"damage":0,"enemies":"3 Darklings","floor":41,"turns":3},{"damage":0,"enemies":"R_Hoarder","floor":42,"turns":4},{"damage":0,"enemies":"Nightmare","floor":44,"turns":4},{"damage":0,"enemies":"Spire Growth","floor":49,"turns":3},{"damage":12,"enemies":"LordOfAnnihilation","floor":52,"turns":20}],"seed_played":"926428141500544376","potions_obtained":[{"floor":12,"key":"blueLaboratory:PolymorphPotion"},{"floor":14,"key":"Death Potion"},{"floor":16,"key":"Reflective Coating"},{"floor":21,"key":"Fruit Juice"},{"floor":21,"key":"BlessingOfTheForge"},{"floor":38,"key":"blueLaboratory:ArtificerPotion"},{"floor":41,"key":"blueLaboratory:FruitPunch"},{"floor":44,"key":"BlessingOfTheForge"},{"floor":49,"key":"blueLaboratory:HeartbeatPotion"}],"is_trial":false,"path_per_floor":["M","?","?","M","M","E","R","M","T","M","R","M","?","E","R","B",null,"M","?","?","?","M","R","?","R","T","R","PTL","PTL","M","M","$","E","R","B",null,"M","?","AVR","?","M","E","R","NM","T","R","?","R","M","$","R","B",null],"character_chosen":"HIEROPHANT","items_purchased":["hierophant:Community","MerchantsRug","ReplayTheSpireMod:CursedCoin","Discovery","Lizard Tail","InkBottle","blueLaboratory:ExaltedPotion","blueLaboratory:PolymorphPotion","Transmutation"],"campfire_rested":0,"item_purchase_floors":[32,32,50,50,50,50,50,50,50],"current_hp_per_floor":[68,68,68,63,57,71,71,71,71,67,67,67,51,51,51,28,82,82,82,62,35,43,43,43,43,43,43,43,43,52,67,67,82,82,80,94,94,94,94,94,94,94,94,94,94,94,94,94,94,94,94,94],"gold":551,"neow_bonus":"ONE_RARE_RELIC","is_daily":false,"chose_seed":false,"campfire_upgraded":6,"win_rate":0.0,"timestamp":1608532575,"path_taken":["M","?","?","M","M","E","R","M","T","M","R","?","?","E","R","BOSS","M","?","?","?","?","R","?","R","T","R","PTL","PTL","M","?","?","E","R","BOSS","M","?","AVR","?","M","E","R","NM","T","R","?","R","?","$","R","BOSS"],"items_purchased_type":["Card","Relic","Relic","Card","Relic","Relic","Potion","Potion","Card"],"build_version":"2020-12-13","purchased_purges":1,"victory":true,"max_hp_per_floor":[68,68,68,68,68,82,82,82,82,82,82,82,82,82,82,82,82,82,82,82,87,87,87,87,87,87,87,87,87,87,87,87,87,87,87,94,94,94,94,94,94,94,94,94,94,94,94,94,94,94,94,94],"relic_stats":{"Centennial Puzzle":[3],"Lizard Tail":0,"Happy Flower":[25],"counters":[31,193],"Ornamental Fan":[72],"Ginger":[5],"obtain_stats":[{"Golden Egg":45,"Divine Protection":50,"infinitespire:BottledMercury":50,"Spirit Poop":50,"Ginger":50,"Replay:Wanted Poster":50,"Centennial Puzzle":45,"Lizard Tail":50,"infinitespire:ShieldingShard":50,"Replay:Bronze Core":17,"Strawberry":50,"Prayer Wheel":46,"Philosopher\u0027s Stone":50,"infinitespire:Golems Mask":50,"MerchantsRug":37,"Happy Flower":50,"ReplayTheSpireMod:CursedCoin":37,"ReplayTheSpireMod:SealedPack":34,"Ring of Chaos":50,"Replay:Ancient Bell":50,"infinitespire:Magic Flask":23,"Akabeko":44,"Du-Vu Doll":50,"infinitespire:Broken Mirror":10,"Onion Ring":42,"StrikeDummy":50,"hierophant:PropheticMaskRelic":50,"Incense Burner":6,"PrismaticShard":50,"Nunchaku":36,"Shovel":50,"Matryoshka":50,"Gambling Chip":38,"Replay:Bottled Eggs":44,"InkBottle":50,"Potion Belt":31,"infinitespire:CursedDice":21,"Quantum Egg":46,"Thread and Needle":9,"infinitespire:Lucky Rock":37,"infinitespire:CheckeredPen":50,"Replay:Arrowhead":48,"Strange Spoon":28,"Chronometer":0,"Ornamental Fan":50,"infinitespire:Satchel":43,"Garlic":19,"Bag of Marbles":26,"Bottled Lightning":50},{"Golden Egg":29,"Divine Protection":30,"infinitespire:BottledMercury":30,"Spirit Poop":30,"Ginger":30,"Replay:Wanted Poster":30,"Centennial Puzzle":29,"Lizard Tail":30,"infinitespire:ShieldingShard":30,"Replay:Bronze Core":10,"Strawberry":30,"Prayer Wheel":24,"Philosopher\u0027s Stone":30,"infinitespire:Golems Mask":30,"MerchantsRug":19,"Happy Flower":30,"ReplayTheSpireMod:CursedCoin":19,"ReplayTheSpireMod:SealedPack":18,"Ring of Chaos":30,"Replay:Ancient Bell":30,"infinitespire:Magic Flask":13,"Akabeko":29,"Du-Vu Doll":30,"infinitespire:Broken Mirror":7,"Onion Ring":28,"StrikeDummy":30,"hierophant:PropheticMaskRelic":30,"Incense Burner":4,"PrismaticShard":30,"Nunchaku":19,"Shovel":30,"Matryoshka":30,"Gambling Chip":20,"Replay:Bottled Eggs":23,"InkBottle":30,"Potion Belt":17,"infinitespire:CursedDice":11,"Quantum Egg":29,"Thread and Needle":6,"infinitespire:Lucky Rock":19,"infinitespire:CheckeredPen":30,"Replay:Arrowhead":29,"Strange Spoon":14,"Chronometer":0,"Ornamental Fan":30,"infinitespire:Satchel":22,"Garlic":11,"Bag of Marbles":14,"Bottled Lightning":30},{"Golden Egg":170,"Divine Protection":173,"infinitespire:BottledMercury":173,"Spirit Poop":173,"Ginger":173,"Replay:Wanted Poster":173,"Centennial Puzzle":170,"Lizard Tail":173,"infinitespire:ShieldingShard":173,"Replay:Bronze Core":55,"Strawberry":173,"Prayer Wheel":145,"Philosopher\u0027s Stone":173,"infinitespire:Golems Mask":173,"MerchantsRug":117,"Happy Flower":173,"ReplayTheSpireMod:CursedCoin":117,"ReplayTheSpireMod:SealedPack":113,"Ring of Chaos":173,"Replay:Ancient Bell":173,"infinitespire:Magic Flask":70,"Akabeko":170,"Du-Vu Doll":173,"infinitespire:Broken Mirror":37,"Onion Ring":166,"StrikeDummy":173,"hierophant:PropheticMaskRelic":173,"Incense Burner":24,"PrismaticShard":173,"Nunchaku":117,"Shovel":173,"Matryoshka":173,"Gambling Chip":121,"Replay:Bottled Eggs":137,"InkBottle":173,"Potion Belt":95,"infinitespire:CursedDice":59,"Quantum Egg":170,"Thread and Needle":31,"infinitespire:Lucky Rock":117,"infinitespire:CheckeredPen":173,"Replay:Arrowhead":170,"Strange Spoon":77,"Chronometer":0,"Ornamental Fan":173,"infinitespire:Satchel":131,"Garlic":59,"Bag of Marbles":77,"Bottled Lightning":173}],"InkBottle":[14]},"card_choices":[{"not_picked":["hierophant:Dazzle","hierophant:AuricBeam"],"picked":"hierophant:Encroach","floor":1},{"not_picked":["hermit:Grudge","Rupture","Halt"],"picked":"SKIP","floor":4},{"not_picked":["BasicCrystalCard","stsjorbsmod:WeightOfMemory"],"picked":"ReplayTheSpireMod:Omega Cannon","floor":5},{"not_picked":["stsjorbsmod:ForcedPresence","Reinforced Body"],"picked":"LockedWarPaint","floor":6},{"not_picked":["stsjorbsmod:Hibernate","Replay:Battleflow","hermit:CalledShot"],"picked":"SKIP","floor":8},{"not_picked":["Shrug It Off","Parity"],"picked":"hermit:Glare","floor":10},{"not_picked":["hierophant:FlamingChariot","stsjorbsmod:ForcedPresence","hermit:HighCaliber"],"picked":"SKIP","floor":12},{"not_picked":["ReplayTheSpireMod:Calculation Training","Replay:Anticipation"],"picked":"Doppelganger","floor":14},{"not_picked":["Poisoned Strike","hermit:Roughhouse"],"picked":"stsjorbsmod:HoldMonster","floor":16},{"not_picked":["Headbutt","CutThroughFate+1"],"picked":"Poisoned Stab","floor":18},{"not_picked":["infinitespire:Collect","infinitespire:Fortify"],"picked":"infinitespire:Starlight","floor":20},{"not_picked":["Infinite Blades","Heel Hook+1"],"picked":"hermit:Deadeye+1","floor":22},{"not_picked":["stsjorbsmod:Firebolt","Heel Hook","HandsUpB"],"picked":"SKIP","floor":30},{"not_picked":["BiteCommand","stsjorbsmod:Thorns+1"],"picked":"ReplayTheSpireMod:Corrosion Curse+1","floor":31},{"not_picked":["stsjorbsmod:Discordance","stsjorbsmod:Abjure","stsjorbsmod:BurningFlask+1"],"picked":"SKIP","floor":33},{"not_picked":["stsjorbsmod:Intervention","stsjorbsmod:PurgeMind"],"picked":"Machine Learning","floor":35},{"not_picked":["ReplayTheSpireMod:Splinters","ReplayTheSpireMod:IOU"],"picked":"stsjorbsmod:Withering","floor":36},{"not_picked":["CurseOfTheBell","Writhe"],"picked":"Voices","floor":36},{"not_picked":["Delirium","Hallucinations"],"picked":"Sickly","floor":36},{"not_picked":["Accuracy+1","LockedWarPaint"],"picked":"ReplayTheSpireMod:LeadingStrike+1","floor":37},{"not_picked":["Armaments","Ball Lightning+1","stsjorbsmod:RayOfFrost"],"picked":"SKIP","floor":41},{"not_picked":["hermit:Ricochet","stsjorbsmod:Toll"],"picked":"Engulf+1","floor":42},{"not_picked":["stsjorbsmod:Wail+1","PrimeTime"],"picked":"stsjorbsmod:TollTheDead+1","floor":44},{"not_picked":["stsjorbsmod:Shake+1","Deflect+1","Iron Wave+1"],"picked":"SKIP","floor":49}],"player_experience":1245055,"relics_obtained":[{"floor":6,"key":"Mango"},{"floor":9,"key":"infinitespire:ShieldingShard"},{"floor":14,"key":"Happy Flower"},{"floor":17,"key":"Simple Rune"},{"floor":17,"key":"infinitespire:CheckeredPen"},{"floor":17,"key":"Shovel"},{"floor":21,"key":"Grinning Jar"},{"floor":23,"key":"Divine Protection"},{"floor":26,"key":"Matryoshka"},{"floor":27,"key":"infinitespire:BottledMercury"},{"floor":33,"key":"Ornamental Fan"},{"floor":34,"key":"infinitespire:Satchel"},{"floor":38,"key":"Du-Vu Doll"},{"floor":42,"key":"Onion Ring"},{"floor":44,"key":"Akabeko"},{"floor":45,"key":"Centennial Puzzle"},{"floor":45,"key":"Golden Egg"},{"floor":46,"key":"Quantum Egg"},{"floor":48,"key":"Replay:Arrowhead"}],"event_choices":[{"cards_removed":["stsjorbsmod:Amnesia"],"damage_healed":0,"gold_gain":0,"player_choice":"Offered Curse","damage_taken":0,"relics_obtained":["Spirit Poop"],"max_hp_gain":0,"max_hp_loss":0,"event_name":"Bonfire Elementals","floor":3,"gold_loss":0},{"damage_healed":67,"gold_gain":0,"player_choice":"Upgrade","damage_taken":16,"max_hp_gain":0,"max_hp_loss":82,"event_name":"betterThird:BetterShining","floor":13,"gold_loss":0,"cards_upgraded":["hierophant:Punish","hierophant:Strike_Hierophant"]},{"damage_healed":0,"gold_gain":0,"player_choice":"Upgraded","damage_taken":0,"max_hp_gain":0,"max_hp_loss":0,"event_name":"Upgrade Shrine","floor":24,"gold_loss":0,"cards_upgraded":["infinitespire:Starlight"]},{"damage_healed":0,"gold_gain":0,"player_choice":"Fight","damage_taken":0,"max_hp_gain":0,"max_hp_loss":0,"event_name":"Mysterious Sphere","floor":38,"gold_loss":0},{"damage_healed":0,"gold_gain":3,"player_choice":"3","damage_taken":0,"max_hp_gain":0,"max_hp_loss":0,"event_name":"betterStone:BetterStone","floor":40,"gold_loss":0,"cards_obtained":["Apotheosis"]},{"damage_healed":5,"gold_gain":0,"player_choice":"LEAVE ","damage_taken":0,"relics_obtained":[],"max_hp_gain":0,"max_hp_loss":0,"event_name":"betterSkull:BetterSkull","floor":47,"gold_loss":0,"cards_upgraded":[]}],"is_beta":false,"boss_relics":[{"not_picked":["Sozu","Astrolabe"],"picked":"Replay:Grab Bag"},{"not_picked":["ChewingGum","ReplayTheSpireMod:DimensionalGlitch"],"picked":"Replay:Wanted Poster"},{"not_picked":["Runic Dome","infinitespire:Cupcake"],"picked":"Philosopher\u0027s Stone"},{"not_picked":["SlaversCollar","Replay:Drink Me"],"picked":"Ring of Chaos"},{"not_picked":["Empty Cage","Runic Pyramid"],"picked":"Calling Bell"},{"not_picked":["Tiny House","Abe\u0027s Treasure"],"picked":"Replay:Ancient Bell"},{"not_picked":["Bronze Scales","Blue Doll"],"picked":"Strawberry"},{"not_picked":["Question Card","The Courier"],"picked":"StrikeDummy"},{"not_picked":["Old Coin","Incense Burner"],"picked":"infinitespire:Golems Mask"}],"items_purged_floors":[50],"is_endless":false,"potions_floor_spawned":[12,14,16,22,33,35,38,41,44,49],"ascension_level":2}}