{"host":"5fasz840ryq7obdf","time":1608572631,"event":{"mods":["AchievementEnabler","BaseMod","Bestiary","Better Altar","Better Skull","Better Third Choice","BetterRewards","Block Reminder","Colored Powertips","Curses Come First","Minty Spire (QoL Compilation)","Quick Restart","Relic Stats","Shop Mod","Spicy Shops","StSLib"],"gold_per_floor":[115,57,207,259,276,276,302,302,302,337,348,381,443,462,462,538,538,550,566,589,639,564,564,564],"floor_reached":23,"playtime":1965,"items_purged":["Defend_G"],"score":414,"play_id":"7704b16d-2f2e-404f-87d5-0f32b0cdb620","local_time":"20201221174351","is_ascension_mode":true,"campfire_choices":[{"floor":6.0,"key":"REST"},{"floor":8.0,"key":"REST"},{"floor":15.0,"key":"REST"}],"circlet_count":0,"master_deck":["AscendersBane","Strike_G","Strike_G","Strike_G","Strike_G","Strike_G","Defend_G","Defend_G","Defend_G","Defend_G","Survivor","Neutralize","Apotheosis","Accuracy","Cloak And Dagger","Noxious Fumes","Impatience","Cloak And Dagger+1","Cloak And Dagger","Backflip","Grand Finale","Leg Sweep","Blade Dance+1","Prepared","Envenom+1","Backstab","Envenom+1","PiercingWail"],"relics":["Ring of the Snake","HandDrill","Tiny Chest","Dream Catcher","Frozen Egg 2","Akabeko","Regal Pillow","InkBottle","HoveringKite","War Paint"],"acts_visited":["Exordium","TheCity"],"potions_floor_usage":[23],"damage_taken":[{"damage":7.0,"enemies":"Small Slimes","floor":1.0,"turns":3.0},{"damage":1.0,"enemies":"Jaw Worm","floor":5.0,"turns":3.0},{"damage":22.0,"enemies":"Gremlin Nob","floor":7.0,"turns":4.0},{"damage":9.0,"enemies":"Lagavulin","floor":10.0,"turns":8.0},{"damage":0.0,"enemies":"2 Louse","floor":11.0,"turns":2.0},{"damage":17.0,"enemies":"3 Sentries","floor":12.0,"turns":5.0},{"damage":1.0,"enemies":"Large Slime","floor":14.0,"turns":6.0},{"damage":22.0,"enemies":"Slime Boss","floor":16.0,"turns":7.0},{"damage":19.0,"enemies":"Spheric Guardian","floor":18.0,"turns":7.0},{"damage":20.0,"enemies":"Chosen","floor":19.0,"turns":5.0},{"damage":19,"enemies":"Book of Stabbing","floor":23,"turns":5}],"seed_played":"-2680454619377148602","potions_obtained":[{"floor":11.0,"key":"Dexterity Potion"},{"floor":14.0,"key":"Poison Potion"},{"floor":16.0,"key":"AttackPotion"},{"floor":19.0,"key":"SkillPotion"}],"is_trial":false,"path_per_floor":["M","$","?","T","M","R","E","R","T","E","M","E","?","M","R","B",null,"M","M","T","?","?","E"],"character_chosen":"THE_SILENT","items_purchased":["Apotheosis","Accuracy","HandDrill","Cloak And Dagger","Noxious Fumes","Tiny Chest","Cloak And Dagger"],"campfire_rested":3,"item_purchase_floors":[0,0,0,0,0,0,2],"current_hp_per_floor":[21,21,21,21,20,39,17,36,36,27,27,10,10,9,43,21,55,36,16,16,16,16,0,0],"gold":564,"neow_bonus":"","is_daily":false,"chose_seed":false,"campfire_upgraded":0,"win_rate":0.0,"timestamp":1608572631,"path_taken":["M","$","?","?","M","R","E","R","T","E","M","E","?","M","R","BOSS","M","M","?","?","?","E"],"items_purchased_type":["Card","Card","Relic","Card","Card","Relic","Card"],"build_version":"2020-12-13","purchased_purges":1,"victory":false,"max_hp_per_floor":[66,66,66,66,66,66,66,66,66,66,66,66,66,66,66,66,66,66,66,66,66,66,66,66],"relic_stats":{"Dream Catcher":3,"Regal Pillow":15,"counters":[11,55],"HoveringKite":[5],"Tiny Chest":1,"HandDrill":[4],"War Paint":["Blade Dance","Cloak And Dagger"],"obtain_stats":[{"Dream Catcher":4,"Regal Pillow":10,"HoveringKite":17,"Tiny Chest":0,"HandDrill":0,"Frozen Egg 2":7,"War Paint":20,"Akabeko":9,"InkBottle":12,"Ring of the Snake":0},{"Dream Catcher":1,"Regal Pillow":4,"HoveringKite":8,"Tiny Chest":0,"HandDrill":0,"Frozen Egg 2":3,"War Paint":10,"Akabeko":3,"InkBottle":6,"Ring of the Snake":0},{"Dream Catcher":3,"Regal Pillow":18,"HoveringKite":38,"Tiny Chest":0,"HandDrill":0,"Frozen Egg 2":10,"War Paint":50,"Akabeko":10,"InkBottle":25,"Ring of the Snake":0}],"InkBottle":[14],"Ring of the Snake":[22]},"card_choices":[{"not_picked":["Slice","Catalyst"],"picked":"Cloak And Dagger","floor":1.0},{"not_picked":["Acrobatics","Distraction"],"picked":"Backflip","floor":5.0},{"not_picked":["Sucker Punch","Dagger Throw"],"picked":"Grand Finale","floor":7.0},{"not_picked":["Dagger Spray","All Out Attack"],"picked":"Leg Sweep","floor":8.0},{"not_picked":["Dagger Spray","Cloak And Dagger"],"picked":"Blade Dance","floor":10.0},{"not_picked":["Die Die Die","Outmaneuver"],"picked":"Prepared","floor":11.0},{"not_picked":["Storm of Steel","Deadly Poison"],"picked":"Envenom+1","floor":12.0},{"not_picked":["Poisoned Stab","Sucker Punch","Eviscerate"],"picked":"SKIP","floor":14.0},{"not_picked":["Choke","Flechettes"],"picked":"Backstab","floor":15.0},{"not_picked":["Wraith Form v2+1","Corpse Explosion"],"picked":"Envenom+1","floor":16.0},{"not_picked":["Sucker Punch","Deflect"],"picked":"PiercingWail","floor":18.0},{"not_picked":["Predator","Distraction","Poisoned Stab"],"picked":"SKIP","floor":19.0}],"player_experience":897982,"relics_obtained":[{"floor":4.0,"key":"Dream Catcher"},{"floor":7.0,"key":"Frozen Egg 2"},{"floor":9.0,"key":"Akabeko"},{"floor":10.0,"key":"Regal Pillow"},{"floor":12.0,"key":"InkBottle"},{"floor":20.0,"key":"War Paint"}],"event_choices":[{"damage_healed":0.0,"max_hp_gain":0.0,"max_hp_loss":0.0,"gold_gain":150.0,"event_name":"betterThird:BetterSerpent","player_choice":"AGREE","floor":3.0,"gold_loss":0.0,"damage_taken":57.0},{"damage_healed":0.0,"max_hp_gain":0.0,"max_hp_loss":0.0,"gold_gain":62.0,"event_name":"Golden Wing","player_choice":"Gained Gold","floor":13.0,"gold_loss":0.0,"damage_taken":0.0},{"damage_healed":0.0,"max_hp_gain":0.0,"max_hp_loss":0.0,"gold_gain":50.0,"event_name":"betterThird:BetterNest","player_choice":"Steal","floor":21.0,"gold_loss":0.0,"damage_taken":0.0},{"cards_removed":["Doubt"],"damage_healed":0.0,"max_hp_gain":0.0,"max_hp_loss":0.0,"gold_gain":0.0,"event_name":"Beggar","player_choice":"Gave Gold","floor":22.0,"gold_loss":75.0,"damage_taken":0.0}],"is_beta":false,"boss_relics":[{"not_picked":["Ectoplasm","Busted Crown"],"picked":"HoveringKite"}],"items_purged_floors":[0],"is_endless":false,"potions_floor_spawned":[11,14,16,19],"killed_by":"Book of Stabbing","ascension_level":20}}