{"host":"1kq2ingo3j45gyyp","time":1608509848,"event":{"mods":["BaseMod","Better Note","Better Third Choice","Minty Spire (QoL Compilation)","Shade Mod","StSLib"],"gold_per_floor":[110,110,61,75,48,89,114,114,114,130,55,75,125,125,125,253,253,276,289,289,191,205,244,244,244,244,19,35,79,79,79,79,199,262,282,345,93,93,117,160,175,175,175,200,225,72,90,90,90,90],"floor_reached":51,"playtime":2103,"items_purged":["Shade:Strike_Shade"],"score":813,"play_id":"88e252fe-d8b2-40d6-a449-6e3d7d672098","local_time":"20201220191728","is_ascension_mode":false,"campfire_choices":[{"floor":8.0,"key":"REST"},{"data":"Shade:FeralStrike","floor":15.0,"key":"SMITH"},{"floor":25.0,"key":"REST"},{"data":"Shade:GreyBargain","floor":30.0,"key":"SMITH"},{"data":"Shade:GreyBargain","floor":32,"key":"SMITH"},{"floor":42,"key":"DIG"},{"floor":49,"key":"DIG"}],"circlet_count":0,"master_deck":["Shade:Strike_Shade","Shade:Strike_Shade","Shade:Strike_Shade+1","Shade:Defend_Shade","Shade:Defend_Shade","Shade:Defend_Shade","Shade:AnimateDead+1","Shade:CarefulCut","Shade:ExtraLimbs+1","Shade:GreyBargain+1","Shade:GreyBargain+1","Shade:ScuttlingHand+1","Shade:StitchTogether","Shade:FeralStrike+1","CurseOfTheBell","Shade:SpectralStrikes","Shade:ClawBack+1","Shade:StitchTogether+1","Shade:SpontaneousRitual+1","Shade:Bite_Shade+1","Shade:FeralStrike+1","Shade:GreyBargain","Shade:FuneraryJewels","Dramatic Entrance+1","Shade:FeralStrike+1","Shade:ExtraLimbs+1","Shade:FeralStrike+1","Shade:Bite_Shade+1","Writhe"],"relics":["Shade:YorickSkull","MealTicket","Golden Idol","betterThird:SlimedRelic","Blue Candle","Odd Mushroom","Shuriken","Whetstone","Calling Bell","Lantern","Molten Egg 2","CaptainsWheel","Pantograph","Ornamental Fan","Vajra","Mercury Hourglass","Tiny House","Shovel","Bottled Tornado","Nunchaku","Sundial","HornCleat","Toolbox","Pocketwatch"],"acts_visited":["Exordium","TheCity","TheBeyond"],"potions_floor_usage":[50],"damage_taken":[{"damage":0.0,"enemies":"Cultist","floor":1.0,"turns":4.0},{"damage":0.0,"enemies":"2 Louse","floor":4.0,"turns":2.0},{"damage":18.0,"enemies":"Gremlin Nob","floor":6.0,"turns":4.0},{"damage":8.0,"enemies":"The Mushroom Lair","floor":7.0,"turns":4.0},{"damage":0.0,"enemies":"Small Slimes","floor":10.0,"turns":3.0},{"damage":3.0,"enemies":"Blue Slaver","floor":12.0,"turns":3.0},{"damage":15.0,"enemies":"Hexaghost","floor":16.0,"turns":8.0},{"damage":1.0,"enemies":"Chosen","floor":18.0,"turns":5.0},{"damage":16.0,"enemies":"Shell Parasite","floor":19.0,"turns":7.0},{"damage":13.0,"enemies":"Shelled Parasite and Fungi","floor":22.0,"turns":4.0},{"damage":37.0,"enemies":"Book of Stabbing","floor":23.0,"turns":6.0},{"damage":2.0,"enemies":"3 Cultists","floor":28.0,"turns":4.0},{"damage":0.0,"enemies":"Gremlin Leader","floor":29.0,"turns":5.0},{"damage":44,"enemies":"Automaton","floor":33,"turns":8},{"damage":3,"enemies":"3 Darklings","floor":35,"turns":4},{"damage":12,"enemies":"Mind Bloom Boss Battle","floor":36,"turns":6},{"damage":10,"enemies":"Orb Walker","floor":39,"turns":3},{"damage":32,"enemies":"Nemesis","floor":40,"turns":7},{"damage":26,"enemies":"Maw","floor":41,"turns":7},{"damage":0,"enemies":"Sphere and 2 Shapes","floor":44,"turns":3},{"damage":0,"enemies":"Transient","floor":45,"turns":5},{"damage":30,"enemies":"Maw","floor":47,"turns":7},{"damage":22,"enemies":"Time Eater","floor":50,"turns":9}],"seed_played":"8813275969303209233","potions_obtained":[{"floor":6.0,"key":"SteroidPotion"},{"floor":12.0,"key":"SpeedPotion"},{"floor":16.0,"key":"BlessingOfTheForge"}],"is_trial":false,"path_per_floor":["M","?","$","M","?","E","?","R","T","M","$","M","T","?","R","B",null,"M","M","?","$","M","E","?","R","T","$","M","E","R","?","R","B",null,"M","?","$","?","M","E","M","R","T","M","M","$","M","?","R","B",null],"character_chosen":"SHADE","items_purchased":["Shade:GreyBargain","Shade:SpectralStrikes","Shade:ClawBack+1","Vajra","Shade:Bite_Shade+1","Bottled Tornado","Toolbox"],"campfire_rested":2,"item_purchase_floors":[3,21,21,27,27,37,46],"current_hp_per_floor":[65,49,64,64,53,35,27,46,46,53,65,62,62,62,62,54,65,65,49,49,64,58,28,22,41,41,56,64,65,65,65,65,31,70,70,68,70,70,65,56,47,47,47,54,70,70,43,61,61,56],"gold":90,"neow_bonus":"RANDOM_COMMON_RELIC","is_daily":false,"chose_seed":false,"campfire_upgraded":3,"win_rate":0.0,"timestamp":1608509848,"path_taken":["M","?","$","M","?","E","?","R","T","M","?","?","?","?","R","BOSS","M","M","?","$","M","E","?","R","T","$","M","E","R","?","R","BOSS","M","?","$","?","M","E","M","R","T","M","M","$","M","?","R","BOSS"],"items_purchased_type":["Card","Card","Card","Relic","Card","Relic","Relic"],"build_version":"2020-12-13","purchased_purges":1,"victory":true,"max_hp_per_floor":[65,65,65,65,65,65,65,65,65,65,65,65,65,65,65,65,65,65,65,65,65,65,65,65,65,65,65,65,65,65,65,65,65,70,70,70,70,70,70,70,70,70,70,70,70,70,70,70,70,70],"card_choices":[{"not_picked":["Shade:AblativeArmor","Shade:FreshBones"],"picked":"Shade:ExtraLimbs","floor":1.0},{"not_picked":["Shade:FleshToFlesh","Shade:AncientSpear"],"picked":"Shade:GreyBargain","floor":4.0},{"not_picked":["Shade:Tombstone","Shade:Brains"],"picked":"Shade:ScuttlingHand","floor":6.0},{"not_picked":["Shade:GoDigging","Shade:SkeletonHug"],"picked":"Shade:StitchTogether","floor":7.0},{"not_picked":["Shade:WallOfFlesh","Shade:FleshToFlesh"],"picked":"Shade:FeralStrike","floor":10.0},{"not_picked":["Shade:Bonestorm","Shade:SensePrey","Shade:AncientSpear"],"picked":"SKIP","floor":12.0},{"not_picked":["Shade:Asphyxiate+1","Shade:Patience","Shade:GraveStillness"],"picked":"SKIP","floor":18.0},{"not_picked":["Shade:RavenousHorde","Shade:FuneraryArmor","Shade:Frenzy+1"],"picked":"SKIP","floor":19.0},{"not_picked":["Shade:Trample+1","Shade:PressTheAttack+1"],"picked":"Shade:StitchTogether+1","floor":22.0},{"not_picked":["Shade:WallOfFlesh+1","Shade:Asphyxiate+1"],"picked":"Shade:SpontaneousRitual+1","floor":23.0},{"not_picked":["Shade:Bonestorm+1","Shade:Putrefaction"],"picked":"Shade:FeralStrike+1","floor":28.0},{"not_picked":["Shade:PoundOfFlesh+1","Shade:CommandSoldier","Shade:GraveStillness"],"picked":"SKIP","floor":29.0},{"not_picked":["Shade:CallOfTheGrave","Shade:FuneraryJewels"],"picked":"Shade:GreyBargain","floor":34},{"not_picked":["Shade:SkeletonHug+1","Shade:SensePrey+1"],"picked":"Shade:FuneraryJewels","floor":35},{"not_picked":["Violence","Purity"],"picked":"Dramatic Entrance+1","floor":38},{"not_picked":["Shade:Bonestorm+1","Shade:SpectralStrikes+1"],"picked":"Shade:FeralStrike+1","floor":39},{"not_picked":["Shade:FleshOffering+1","Shade:Haruspicy+1","Shade:CloudOfShrapnel+1"],"picked":"SKIP","floor":40},{"not_picked":["Shade:GraveStillness","Shade:Asphyxiate+1","Shade:Premonition"],"picked":"SKIP","floor":41},{"not_picked":["Shade:Premonition","Shade:GreyBargain"],"picked":"Shade:ExtraLimbs+1","floor":44},{"not_picked":["Shade:SensePrey+1","Shade:WallOfFlesh+1"],"picked":"Shade:FeralStrike+1","floor":45},{"not_picked":["Shade:FeralStrike+1","Shade:FleshLikeOak"],"picked":"Shade:Bite_Shade+1","floor":47}],"player_experience":803881,"relics_obtained":[{"floor":6.0,"key":"Blue Candle"},{"floor":7.0,"key":"Odd Mushroom"},{"floor":9.0,"key":"Shuriken"},{"floor":13.0,"key":"Whetstone"},{"floor":17.0,"key":"Lantern"},{"floor":17.0,"key":"Molten Egg 2"},{"floor":17.0,"key":"CaptainsWheel"},{"floor":23.0,"key":"Pantograph"},{"floor":26.0,"key":"Ornamental Fan"},{"floor":29.0,"key":"Mercury Hourglass"},{"floor":36,"key":"Shovel"},{"floor":40,"key":"Nunchaku"},{"floor":42,"key":"Sundial"},{"floor":43,"key":"HornCleat"},{"floor":49,"key":"Pocketwatch"}],"event_choices":[{"damage_healed":0.0,"max_hp_gain":0.0,"max_hp_loss":0.0,"gold_gain":0.0,"event_name":"Golden Idol","player_choice":"Take Damage","floor":2.0,"gold_loss":0.0,"damage_taken":16.0,"relics_obtained":["Golden Idol"]},{"damage_healed":0.0,"max_hp_gain":0.0,"max_hp_loss":0.0,"gold_gain":0.0,"event_name":"betterThird:BetterGoop","player_choice":"Slimed","floor":5.0,"gold_loss":27.0,"damage_taken":11.0},{"damage_healed":0.0,"max_hp_gain":0.0,"max_hp_loss":0.0,"gold_gain":0.0,"event_name":"Mushrooms","player_choice":"Fought Mushrooms","floor":7.0,"gold_loss":0.0,"damage_taken":0.0},{"damage_healed":0.0,"max_hp_gain":0.0,"max_hp_loss":0.0,"gold_gain":0.0,"event_name":"Living Wall","player_choice":"Grow","floor":14.0,"gold_loss":0.0,"damage_taken":0.0,"cards_upgraded":["Shade:ScuttlingHand"]},{"damage_healed":0.0,"max_hp_gain":0.0,"max_hp_loss":0.0,"gold_gain":0.0,"event_name":"The Woman in Blue","player_choice":"Bought 0 Potions","floor":20.0,"gold_loss":0.0,"damage_taken":0.0},{"damage_healed":0.0,"max_hp_gain":0.0,"max_hp_loss":0.0,"gold_gain":0.0,"event_name":"Knowing Skull","player_choice":"","floor":24.0,"potions_obtained":[],"gold_loss":0.0,"damage_taken":6.0,"cards_obtained":[]},{"cards_removed":["Shade:Defend_Shade"],"damage_healed":0.0,"max_hp_gain":0.0,"max_hp_loss":0.0,"gold_gain":0.0,"event_name":"Bonfire Elementals","player_choice":"Offered Basic","floor":31.0,"gold_loss":0.0,"damage_taken":0.0},{"damage_healed":0,"gold_gain":0,"player_choice":"Fight","damage_taken":0,"max_hp_gain":0,"max_hp_loss":0,"event_name":"MindBloom","floor":36,"gold_loss":0},{"damage_healed":0,"gold_gain":0,"player_choice":"Memory 1","damage_taken":0,"max_hp_gain":0,"max_hp_loss":0,"event_name":"SensoryStone","floor":38,"gold_loss":0},{"damage_healed":18,"gold_gain":0,"player_choice":"Writhe","damage_taken":0,"max_hp_gain":0,"max_hp_loss":0,"event_name":"Winding Halls","floor":48,"gold_loss":0,"cards_obtained":["Writhe"]}],"is_beta":false,"boss_relics":[{"not_picked":["Fusion Hammer","Velvet Choker"],"picked":"Calling Bell"},{"not_picked":["Pandora\u0027s Box","Snecko Eye"],"picked":"Tiny House"}],"items_purged_floors":[11],"is_endless":false,"potions_floor_spawned":[6,12,16,23,29,33,35,40,41],"ascension_level":0}}