{"host":"7sqhl7p0q0irnjd4","time":1608512671,"event":{"mods":["AchievementEnabler","BaseMod","Bestiary","Colored Map","Colored Powertips","Filter the Spire","Minty Spire (QoL Compilation)","Relic Stats","everything is the same but u backflip on backflip","ojb\u0027s Info Mod"],"gold_per_floor":[113,113,14,33,51,82,82,101,101,121,149,149,179,198,198,298,298,318,244,264,68,68,68,102,130,206,223,148,148,6,23,23,123,123,141,41,67,67,30,30,49,49,49,49,64,64,64,81,81,81,81,81,81,108,108,108],"floor_reached":55,"playtime":4269,"items_purged":["Choke","Survivor"],"score":831,"play_id":"8cd71343-48a0-4bf6-a17f-a5a50ec5efb4","local_time":"20201220200431","is_ascension_mode":true,"campfire_choices":[{"data":"Blade Dance","floor":7.0,"key":"SMITH"},{"data":"Blade Dance","floor":12.0,"key":"SMITH"},{"data":"Phantasmal Killer","floor":15.0,"key":"SMITH"},{"floor":23.0,"key":"RECALL"},{"floor":29.0,"key":"REST"},{"floor":32.0,"key":"REST"},{"floor":42,"key":"REST"},{"floor":46,"key":"REST"},{"floor":49,"key":"REST"},{"floor":52,"key":"REST"}],"circlet_count":0,"master_deck":["Neutralize","Underhanded Strike","Die Die Die+1","Flying Knee","Backstab","Burst","Malaise","Tools of the Trade","Die Die Die","Phantasmal Killer+1","Deflect","Blade Dance+1","Dodge and Roll","Blade Dance+1","Backflip","Backflip","Backflip","Acrobatics","Terror","Dagger Throw","Adrenaline","Catalyst+1","Finisher","Noxious Fumes","Deadly Poison","Sucker Punch+1","Noxious Fumes","Decay","Underhanded Strike+1","Bandage Up","After Image","Footwork"],"relics":["Pandora\u0027s Box","StrikeDummy","Thread and Needle","WingedGreaves","Ancient Tea Set","Fusion Hammer","Nunchaku","StoneCalendar","Bottled Tornado","Strawberry","Matryoshka","Sozu","Kunai","Happy Flower","Orichalcum","HornCleat"],"acts_visited":["Exordium","TheCity","TheBeyond","TheEnding"],"potions_floor_usage":[50,55],"damage_taken":[{"damage":0.0,"enemies":"2 Louse","floor":1.0,"turns":1.0},{"damage":0.0,"enemies":"Cultist","floor":4.0,"turns":2.0},{"damage":1.0,"enemies":"Jaw Worm","floor":5.0,"turns":3.0},{"damage":13.0,"enemies":"Lagavulin","floor":6.0,"turns":5.0},{"damage":0.0,"enemies":"3 Louse","floor":8.0,"turns":1.0},{"damage":9.0,"enemies":"Blue Slaver","floor":10.0,"turns":2.0},{"damage":2.0,"enemies":"3 Sentries","floor":11.0,"turns":3.0},{"damage":0.0,"enemies":"Gremlin Nob","floor":13.0,"turns":2.0},{"damage":0.0,"enemies":"Lots of Slimes","floor":14.0,"turns":2.0},{"damage":17.0,"enemies":"Hexaghost","floor":16.0,"turns":4.0},{"damage":0.0,"enemies":"Spheric Guardian","floor":18.0,"turns":1.0},{"damage":0.0,"enemies":"Chosen","floor":20.0,"turns":3.0},{"damage":0.0,"enemies":"Book of Stabbing","floor":24.0,"turns":3.0},{"damage":30.0,"enemies":"Slavers","floor":25.0,"turns":4.0},{"damage":10.0,"enemies":"Centurion and Healer","floor":27.0,"turns":3.0},{"damage":15.0,"enemies":"Shelled Parasite and Fungi","floor":31.0,"turns":3.0},{"damage":23.0,"enemies":"Champ","floor":33.0,"turns":7.0},{"damage":7.0,"enemies":"Orb Walker","floor":35.0,"turns":4.0},{"damage":32,"enemies":"3 Shapes","floor":41,"turns":3},{"damage":2,"enemies":"Maw","floor":45,"turns":5},{"damage":0,"enemies":"Spire Growth","floor":48,"turns":2},{"damage":50,"enemies":"Awakened One","floor":50,"turns":11},{"damage":54,"enemies":"Shield and Spear","floor":54,"turns":6},{"damage":63,"enemies":"The Heart","floor":55,"turns":3}],"seed_played":"-5990863511065205325","potions_obtained":[{"floor":4.0,"key":"Strength Potion"},{"floor":10.0,"key":"SteroidPotion"},{"floor":11.0,"key":"Explosive Potion"},{"floor":14.0,"key":"LiquidMemories"},{"floor":18.0,"key":"LiquidBronze"},{"floor":20.0,"key":"SpeedPotion"},{"floor":25.0,"key":"CultistPotion"}],"is_trial":false,"path_per_floor":["M","?","$","M","M","E","R","M","T","M","E","R","E","M","R","B",null,"M","$","M","$","?","R","E","E","T","M","?","R","$","M","R","B",null,"M","$","T","?","$","?","M","R","T","$","M","R","?","M","R","B",null,"R","$","E","B"],"character_chosen":"THE_SILENT","items_purchased":["Blade Dance","Dodge and Roll","Concentrate","Poison Potion","Nunchaku","Noxious Fumes","Noxious Fumes"],"campfire_rested":6,"item_purchase_floors":[3,3,19,21,21,30,39],"current_hp_per_floor":[70,70,70,70,69,56,56,56,56,47,45,45,45,45,45,28,70,70,70,70,70,70,70,70,47,47,37,37,60,60,45,68,45,77,70,70,70,70,70,70,38,59,59,59,57,73,73,73,73,27,73,73,73,23,0,0],"gold":108,"neow_bonus":"BOSS_RELIC","is_daily":false,"chose_seed":false,"campfire_upgraded":3,"win_rate":0.0,"timestamp":1608512671,"path_taken":["M","?","$","M","M","E","R","M","T","M","E","R","E","?","R","BOSS","M","$","M","$","?","R","E","E","T","M","?","R","?","M","R","BOSS","M","?","?","?","?","?","?","R","T","$","M","R","?","M","R","BOSS","R","$","E","BOSS"],"items_purchased_type":["Card","Card","Card","Potion","Relic","Card","Card"],"build_version":"2020-12-13","purchased_purges":2,"victory":false,"max_hp_per_floor":[70,70,70,70,70,70,70,70,70,70,70,70,70,70,70,70,70,70,70,70,70,70,70,70,77,77,77,77,77,77,77,77,77,77,77,77,77,73,73,73,73,73,73,73,73,73,73,73,73,73,73,73,73,73,73,73],"relic_stats":{"Sozu":3,"Nunchaku":[22],"Happy Flower":[10],"counters":[24,83],"Pandora\u0027s Box":["Underhanded Strike","Die Die Die","Choke","Flying Knee","Backstab","Burst","Malaise","Tools of the Trade","Die Die Die","Phantasmal Killer"],"StoneCalendar":[15],"Kunai":[28],"Orichalcum":[36],"obtain_stats":[{"Happy Flower":37,"Thread and Needle":9,"StoneCalendar":22,"Bottled Tornado":24,"Orichalcum":43,"Ancient Tea Set":13,"Sozu":34,"Nunchaku":21,"Matryoshka":26,"HornCleat":54,"Strawberry":25,"Pandora\u0027s Box":0,"WingedGreaves":11,"Fusion Hammer":17,"Kunai":37,"StrikeDummy":6,"Ring of the Snake":0},{"Happy Flower":18,"Thread and Needle":5,"StoneCalendar":12,"Bottled Tornado":13,"Orichalcum":19,"Ancient Tea Set":8,"Sozu":17,"Nunchaku":12,"Matryoshka":14,"HornCleat":23,"Strawberry":14,"Pandora\u0027s Box":0,"WingedGreaves":7,"Fusion Hammer":10,"Kunai":18,"StrikeDummy":4,"Ring of the Snake":0},{"Happy Flower":53,"Thread and Needle":12,"StoneCalendar":29,"Bottled Tornado":32,"Orichalcum":56,"Ancient Tea Set":19,"Sozu":49,"Nunchaku":29,"Matryoshka":36,"HornCleat":80,"Strawberry":36,"Pandora\u0027s Box":0,"WingedGreaves":17,"Fusion Hammer":25,"Kunai":53,"StrikeDummy":11,"Ring of the Snake":0}]},"card_choices":[{"not_picked":["Accuracy","PiercingWail"],"picked":"Deflect","floor":1.0},{"not_picked":["Eviscerate","Endless Agony","Outmaneuver"],"picked":"SKIP","floor":4.0},{"not_picked":["Flying Knee","Reflex"],"picked":"Blade Dance","floor":5.0},{"not_picked":["Dagger Spray","Quick Slash"],"picked":"Backflip","floor":6.0},{"not_picked":["Distraction","Acrobatics"],"picked":"Backflip","floor":8.0},{"not_picked":["Predator","Skewer"],"picked":"Backflip","floor":10.0},{"not_picked":["Deadly Poison","Heel Hook"],"picked":"Acrobatics","floor":11.0},{"not_picked":["Predator","Acrobatics"],"picked":"Terror","floor":13.0},{"not_picked":["Grand Finale","Acrobatics"],"picked":"Dagger Throw","floor":14.0},{"not_picked":["Storm of Steel","Malaise"],"picked":"Adrenaline","floor":16.0},{"not_picked":["Expertise","Prepared","Predator"],"picked":"SKIP","floor":18.0},{"not_picked":["PiercingWail","Deadly Poison"],"picked":"Catalyst+1","floor":20.0},{"not_picked":["Outmaneuver","Eviscerate"],"picked":"Finisher","floor":24.0},{"not_picked":["Quick Slash+1","Reflex","Underhanded Strike"],"picked":"SKIP","floor":25.0},{"not_picked":["Masterful Stab","Expertise","Deflect"],"picked":"SKIP","floor":27.0},{"not_picked":["Catalyst","Dagger Throw"],"picked":"Deadly Poison","floor":31.0},{"not_picked":["Bane","Infinite Blades+1"],"picked":"Sucker Punch+1","floor":35.0},{"not_picked":["Cloak And Dagger","Acrobatics","Predator"],"picked":"SKIP","floor":41},{"not_picked":["Backflip+1","Slice+1"],"picked":"Underhanded Strike+1","floor":45},{"not_picked":["Slice+1","PiercingWail"],"picked":"After Image","floor":48},{"not_picked":["Acrobatics","Escape Plan"],"picked":"Footwork","floor":54}],"player_experience":321378,"relics_obtained":[{"floor":6.0,"key":"StrikeDummy"},{"floor":9.0,"key":"Thread and Needle"},{"floor":11.0,"key":"WingedGreaves"},{"floor":13.0,"key":"Ancient Tea Set"},{"floor":24.0,"key":"Bottled Tornado"},{"floor":25.0,"key":"Strawberry"},{"floor":26.0,"key":"Matryoshka"},{"floor":37.0,"key":"Kunai"},{"floor":37.0,"key":"Happy Flower"},{"floor":43,"key":"Orichalcum"},{"floor":54,"key":"HornCleat"}],"event_choices":[{"damage_healed":0.0,"max_hp_gain":0.0,"max_hp_loss":0.0,"gold_gain":0.0,"event_name":"Upgrade Shrine","player_choice":"Upgraded","floor":2.0,"gold_loss":0.0,"damage_taken":0.0,"cards_upgraded":["Die Die Die"]},{"damage_healed":0.0,"max_hp_gain":0.0,"max_hp_loss":0.0,"gold_gain":0.0,"event_name":"The Mausoleum","player_choice":"Opened","floor":22.0,"gold_loss":0.0,"damage_taken":0.0,"relics_obtained":["StoneCalendar"]},{"cards_removed":["Concentrate"],"damage_healed":0.0,"max_hp_gain":0.0,"max_hp_loss":0.0,"gold_gain":0.0,"event_name":"Beggar","player_choice":"Gave Gold","floor":28.0,"gold_loss":75.0,"damage_taken":0.0},{"damage_healed":0.0,"max_hp_gain":0.0,"max_hp_loss":4.0,"gold_gain":0.0,"event_name":"Winding Halls","player_choice":"Max HP","floor":38.0,"gold_loss":0.0,"damage_taken":0.0},{"damage_healed":0,"gold_gain":0,"player_choice":"Cursed","damage_taken":0,"max_hp_gain":0,"max_hp_loss":0,"event_name":"Wheel of Change","floor":40,"gold_loss":0,"cards_obtained":["Decay"]},{"damage_healed":0,"gold_gain":0,"player_choice":"1 cards matched","damage_taken":0,"max_hp_gain":0,"max_hp_loss":0,"event_name":"Match and Keep!","floor":47,"gold_loss":0,"cards_obtained":["Bandage Up"]}],"is_beta":false,"boss_relics":[{"not_picked":["Runic Dome","Ectoplasm"],"picked":"Fusion Hammer"},{"not_picked":["Empty Cage","Astrolabe"],"picked":"Sozu"}],"items_purged_floors":[30,36],"is_endless":false,"potions_floor_spawned":[4,10,11,14,18,20,25,35,45,54],"killed_by":"The Heart","ascension_level":3}}