{"host":"o2evyl5sbrgotc3u","time":1608561997,"event":{"mods":["AchievementEnabler","BaseMod","Colored Map","DeckTracker","Faster Ascension Climbing","Keyboard Shortcuts","Minty Spire (QoL Compilation)","Permanent Neow","Quick Restart","Relic Stats","StSLib","SuperFastMode","everything is the same but u backflip on backflip"],"gold_per_floor":[116,129,304,119,194,194,206,206,285,305,319,330,257,268,268,368,368,386,397,397,322,338,338,352,352,422,422,440,440,440],"floor_reached":29,"playtime":849,"items_purged":["Doubt","Strike_B"],"score":219,"play_id":"c9ce87f6-762f-49a2-9b33-9bc9ed23e438","local_time":"20201221234637","is_ascension_mode":false,"campfire_choices":[{"data":"Zap","floor":6.0,"key":"SMITH"},{"data":"Consume","floor":15.0,"key":"SMITH"},{"floor":23.0,"key":"REST"}],"circlet_count":0,"master_deck":["Strike_B+1","Strike_B+1","Defend_B+1","Defend_B+1","Defend_B+1","Defend_B+1","Zap+1","Dualcast","Conserve Battery","Steam","Compile Driver","Sunder","Streamline","Consume+1","Reboot","Rebound+1","Coolheaded","Double Energy"],"relics":["Cracked Core","Gambling Chip","Membership Card","Unceasing Top","Mercury Hourglass","Inserter","MutagenicStrength","Sundial"],"acts_visited":["Exordium","TheCity"],"potions_floor_usage":[],"damage_taken":[{"damage":1.0,"enemies":"Jaw Worm","floor":1.0,"turns":3.0},{"damage":0.0,"enemies":"2 Louse","floor":2.0,"turns":2.0},{"damage":7.0,"enemies":"Small Slimes","floor":7.0,"turns":2.0},{"damage":17.0,"enemies":"Gremlin Gang","floor":10.0,"turns":4.0},{"damage":0.0,"enemies":"Large Slime","floor":11.0,"turns":4.0},{"damage":0.0,"enemies":"3 Louse","floor":12.0,"turns":3.0},{"damage":5.0,"enemies":"Exordium Thugs","floor":14.0,"turns":3.0},{"damage":18.0,"enemies":"Hexaghost","floor":16.0,"turns":9.0},{"damage":24.0,"enemies":"2 Thieves","floor":18.0,"turns":4.0},{"damage":12.0,"enemies":"Chosen","floor":19.0,"turns":5.0},{"damage":3.0,"enemies":"Snake Plant","floor":22.0,"turns":4.0},{"damage":10.0,"enemies":"Snecko","floor":24.0,"turns":4.0},{"damage":8.0,"enemies":"Cultist and Chosen","floor":28.0,"turns":6.0},{"damage":11,"enemies":"Sentry and Sphere","floor":29,"turns":25}],"seed_played":"-2070263384761348593","potions_obtained":[{"floor":1.0,"key":"Strength Potion"},{"floor":10.0,"key":"Strength Potion"},{"floor":11.0,"key":"Dexterity Potion"},{"floor":16.0,"key":"Ancient Potion"},{"floor":24.0,"key":"ColorlessPotion"}],"is_trial":false,"path_per_floor":["M","M","?","$","?","R","M","?","T","M","M","M","$","M","R","B",null,"M","M","?","?","M","R","M","?","T","?","M","M"],"character_chosen":"DEFECT","items_purchased":["Membership Card","Streamline"],"campfire_rested":1,"item_purchase_floors":[4,13],"current_hp_per_floor":[67,67,67,67,56,56,49,49,49,32,32,32,32,27,27,9,68,44,32,32,32,29,49,39,39,39,39,31,20,20],"gold":440,"neow_bonus":"ONE_RARE_RELIC","is_daily":false,"chose_seed":false,"campfire_upgraded":2,"win_rate":0.0,"timestamp":1608561997,"path_taken":["M","M","?","$","?","R","M","?","T","M","?","?","$","M","R","BOSS","M","M","?","?","M","R","M","?","T","?","M","M"],"items_purchased_type":["Relic","Card"],"build_version":"2020-12-13","purchased_purges":2,"victory":false,"max_hp_per_floor":[68,68,68,68,68,68,68,68,68,68,68,68,68,68,68,68,68,68,68,68,68,68,68,68,68,68,68,68,68,68],"relic_stats":{"Inserter":[24],"counters":[14,75],"Sundial":[6],"Gambling Chip":[27],"obtain_stats":[{"Inserter":17,"Sundial":26,"Gambling Chip":0,"MutagenicStrength":25,"Membership Card":4,"Cracked Core":0,"Unceasing Top":8,"Mercury Hourglass":9},{"Inserter":8,"Sundial":12,"Gambling Chip":0,"MutagenicStrength":12,"Membership Card":2,"Cracked Core":0,"Unceasing Top":3,"Mercury Hourglass":3},{"Inserter":28,"Sundial":44,"Gambling Chip":0,"MutagenicStrength":44,"Membership Card":5,"Cracked Core":0,"Unceasing Top":7,"Mercury Hourglass":7}],"Unceasing Top":[4],"Mercury Hourglass":[196]},"card_choices":[{"not_picked":["Blizzard","Aggregate"],"picked":"Melter","floor":1.0},{"not_picked":["Double Energy","Leap"],"picked":"Hologram","floor":2.0},{"not_picked":["Double Energy","Recycle"],"picked":"Conserve Battery","floor":7.0},{"not_picked":["White Noise","Auto Shields"],"picked":"Steam","floor":10.0},{"not_picked":["Coolheaded","Beam Cell"],"picked":"Compile Driver","floor":11.0},{"not_picked":["Compile Driver","Steam Power"],"picked":"Sunder","floor":12.0},{"not_picked":["Rip and Tear","White Noise"],"picked":"Consume","floor":14.0},{"not_picked":["Biased Cognition","Machine Learning"],"picked":"Reboot","floor":16.0},{"not_picked":["Consume","Stack","Steam"],"picked":"SKIP","floor":18.0},{"not_picked":["Sweeping Beam","Turbo"],"picked":"Rebound+1","floor":19.0},{"not_picked":["Go for the Eyes","Turbo"],"picked":"Coolheaded","floor":22.0},{"not_picked":["Sunder+1","Creative AI","Compile Driver"],"picked":"SKIP","floor":24.0},{"not_picked":["Skim","Redo","Gash+1"],"picked":"SKIP","floor":28.0}],"player_experience":294270,"relics_obtained":[{"floor":9.0,"key":"Mercury Hourglass"},{"floor":26.0,"key":"Sundial"}],"event_choices":[{"damage_healed":0.0,"max_hp_gain":0.0,"max_hp_loss":0.0,"gold_gain":175.0,"event_name":"Liars Game","player_choice":"AGREE","floor":3.0,"gold_loss":0.0,"damage_taken":0.0,"cards_obtained":["Doubt"]},{"damage_healed":0.0,"max_hp_gain":0.0,"max_hp_loss":0.0,"gold_gain":75.0,"event_name":"World of Goop","player_choice":"Gather Gold","floor":5.0,"gold_loss":0.0,"damage_taken":11.0},{"cards_removed":["Hologram"],"damage_healed":0.0,"max_hp_gain":0.0,"max_hp_loss":0.0,"gold_gain":0.0,"event_name":"WeMeetAgain","player_choice":"Gave Card","floor":8.0,"gold_loss":0.0,"damage_taken":0.0,"relics_obtained":["Unceasing Top"]},{"damage_healed":0.0,"max_hp_gain":0.0,"max_hp_loss":0.0,"gold_gain":0.0,"event_name":"Back to Basics","player_choice":"Simplicity","floor":20.0,"gold_loss":0.0,"damage_taken":0.0,"cards_upgraded":["Strike_B","Strike_B","Strike_B","Defend_B","Defend_B","Defend_B","Defend_B"]},{"cards_removed":["Melter"],"damage_healed":0.0,"max_hp_gain":0.0,"max_hp_loss":0.0,"gold_gain":0.0,"event_name":"Beggar","player_choice":"Gave Gold","floor":21.0,"gold_loss":75.0,"damage_taken":0.0},{"damage_healed":0.0,"max_hp_gain":0.0,"max_hp_loss":0.0,"gold_gain":0.0,"event_name":"Drug Dealer","player_choice":"Inject Mutagens","floor":25.0,"gold_loss":0.0,"damage_taken":0.0,"relics_obtained":["MutagenicStrength"]},{"damage_healed":0.0,"max_hp_gain":0.0,"max_hp_loss":0.0,"gold_gain":0.0,"cards_transformed":["Strike_B"],"event_name":"Transmorgrifier","player_choice":"Transformed","floor":27.0,"gold_loss":0.0,"damage_taken":0.0,"cards_obtained":["Double Energy"]}],"is_beta":false,"boss_relics":[{"not_picked":["Busted Crown","Cursed Key"],"picked":"Inserter"}],"items_purged_floors":[4,13],"is_endless":false,"potions_floor_spawned":[1,10,11,16,22,24],"killed_by":"Sentry and Sphere","ascension_level":0}}