{"host":"djfsqftupta9xgss","time":1608561379,"event":{"mods":["ATMod(°¢èªMod)","BaseMod","Minty Spire (QoL Compilation)","Spicy Shops","StSLib","TheWitcher"],"gold_per_floor":[118,43,73,73,94,94,129,184,208,168,196,236,236,268,268,377,377,405,405,430,448,467,467,367,367,367,412,430,430,441,448,448,563,563,597,319,361,438,449,502,62,62,62,16,16,16,39,93,93,88,88,88,22,64,79,79],"floor_reached":55,"playtime":4490,"items_purged":["SnafuTest:SignYrden","Decay","SnafuTest:SignQuen","SnafuTest:BountyHunt+1"],"score":784,"play_id":"69a10e28-b97f-4cc3-8985-fe6fc77c3574","local_time":"20201221223619","is_ascension_mode":false,"campfire_choices":[{"data":"AT_FamilyPortrait","floor":6.0,"key":"SMITH"},{"data":"SnafuTest:BountyHunt","floor":13.0,"key":"SMITH"},{"floor":15.0,"key":"RECALL"},{"floor":23.0,"key":"REST"},{"floor":29.0,"key":"REST"},{"floor":32.0,"key":"REST"},{"floor":49,"key":"REST"},{"data":"SnafuTest:SpellArcaneDomain","floor":52,"key":"SMITH"}],"circlet_count":0,"master_deck":["SnafuTest:DefaultCommonAttack","SnafuTest:DefaultCommonAttack","SnafuTest:DefaultCommonAttack","SnafuTest:DefaultCommonSkill","SnafuTest:DefaultCommonSkill","SnafuTest:DefaultCommonSkill","AT_FamilyPortrait+1","SnafuTest:AssassinOfKings","SnafuTest:WeddingDance","SnafuTest:PowerEquilibrium","SnafuTest:PowerAlwaysOnRoads","SnafuTest:Siege+1","SnafuTest:MCPlayGwent","SnafuTest:MelitelesCare","SnafuTest:SpellArcaneDomain+1","Apotheosis","SnafuTest:LeadingCharge+1","SnafuTest:ShieldUp+1"],"relics":["SnafuTest:PlaceholderRelic","AT_ATBox","NeowsBlessing","SnafuTest:QuenRelic","Pen Nib","Bag of Marbles","Molten Egg 2","Black Star","AT_BellowingDragoncrestRing","Tiny Chest","CeramicFish","Runic Dome","AT_SunfireAegis","Mummified Hand","AT_RedTearstoneRing","AT_GuinsooRageblade","SnafuTest:CatRelic","AT_RedNoBalance","Bag of Preparation","Eternal Feather","Gremlin Horn","Orrery","Anchor","Oddly Smooth Stone"],"acts_visited":["Exordium","TheCity","TheBeyond","TheEnding"],"potions_floor_usage":[54,55],"damage_taken":[{"damage":0.0,"enemies":"2 Louse","floor":1.0,"turns":1.0},{"damage":0.0,"enemies":"Cultist","floor":3.0,"turns":1.0},{"damage":0.0,"enemies":"Small Slimes","floor":5.0,"turns":2.0},{"damage":14.0,"enemies":"Lagavulin","floor":7.0,"turns":7.0},{"damage":8.0,"enemies":"Exordium Thugs","floor":11.0,"turns":5.0},{"damage":0.0,"enemies":"Gremlin Nob","floor":12.0,"turns":1.0},{"damage":0.0,"enemies":"2 Fungi Beasts","floor":14.0,"turns":2.0},{"damage":27.0,"enemies":"The Guardian","floor":16.0,"turns":14.0},{"damage":14.0,"enemies":"Chosen","floor":18.0,"turns":8.0},{"damage":24.0,"enemies":"Spheric Guardian","floor":20.0,"turns":6.0},{"damage":11.0,"enemies":"Snake Plant","floor":21.0,"turns":3.0},{"damage":28.0,"enemies":"Centurion and Healer","floor":22.0,"turns":6.0},{"damage":11.0,"enemies":"Gremlin Leader","floor":27.0,"turns":10.0},{"damage":6.0,"enemies":"Snecko","floor":28.0,"turns":5.0},{"damage":5.0,"enemies":"Shelled Parasite and Fungi","floor":30.0,"turns":4.0},{"damage":14.0,"enemies":"Snake Plant","floor":31.0,"turns":8.0},{"damage":16.0,"enemies":"Champ","floor":33.0,"turns":16.0},{"damage":17.0,"enemies":"3 Shapes","floor":35.0,"turns":7.0},{"damage":16.0,"enemies":"3 Darklings","floor":37.0,"turns":4.0},{"damage":34,"enemies":"Writhing Mass","floor":39,"turns":5},{"damage":33,"enemies":"Nemesis","floor":40,"turns":7},{"damage":4,"enemies":"Maw","floor":44,"turns":6},{"damage":0,"enemies":"4 Shapes","floor":47,"turns":3},{"damage":20,"enemies":"Reptomancer","floor":48,"turns":6},{"damage":4,"enemies":"Awakened One","floor":50,"turns":8},{"damage":3,"enemies":"Shield and Spear","floor":54,"turns":5},{"damage":63,"enemies":"The Heart","floor":55,"turns":3}],"seed_played":"7374799508754209461","potions_obtained":[{"floor":1.0,"key":"DistilledChaos"},{"floor":7.0,"key":"EntropicBrew"},{"floor":10.0,"key":"SteroidPotion"},{"floor":10.0,"key":"AttackPotion"},{"floor":14.0,"key":"Fruit Juice"},{"floor":18.0,"key":"Strength Potion"},{"floor":21.0,"key":"Dexterity Potion"},{"floor":27.0,"key":"LiquidBronze"},{"floor":28.0,"key":"Strength Potion"},{"floor":33.0,"key":"Swift Potion"},{"floor":39,"key":"Fire Potion"},{"floor":54,"key":"SpeedPotion"}],"is_trial":false,"path_per_floor":["M","$","M","?","M","R","E","T","T","?","M","E","R","M","R","B",null,"M","?","M","M","M","R","$","?","T","E","M","R","M","M","R","B",null,"M","$","M","T","M","E","$","T","T","M","?","$","M","E","R","B",null,"R","$","E","B"],"character_chosen":"THE_WITCHER","items_purchased":["AT_SunfireAegis","Apotheosis","SnafuTest:CatRelic","Orrery"],"campfire_rested":4,"item_purchase_floors":[36,41,41,53],"current_hp_per_floor":[75,75,75,75,75,75,61,61,61,61,53,53,53,53,53,35,80,66,66,42,31,3,27,27,21,21,10,4,28,23,9,33,17,80,72,72,56,56,31,13,13,13,13,51,41,41,40,20,53,63,80,80,80,55,0,0],"gold":79,"neow_bonus":"THREE_ENEMY_KILL","is_daily":false,"chose_seed":false,"campfire_upgraded":3,"win_rate":0.0,"timestamp":1608561379,"path_taken":["M","$","M","?","?","R","E","?","T","?","M","E","R","M","R","BOSS","M","?","M","?","M","R","$","?","T","E","M","R","M","?","R","BOSS","M","?","M","?","M","E","$","?","T","M","?","$","?","E","R","BOSS","R","$","E","BOSS"],"items_purchased_type":["Relic","Card","Relic","Relic"],"build_version":"2020-12-13","purchased_purges":4,"victory":false,"max_hp_per_floor":[75,75,75,75,75,75,75,75,75,75,75,75,75,75,75,80,80,80,80,80,80,80,80,80,80,80,80,80,80,80,80,80,80,80,80,80,80,80,80,80,80,80,80,80,80,80,80,80,80,80,80,80,80,80,80,80],"card_choices":[{"not_picked":["SnafuTest:UndefeatedNarcissism","SnafuTest:FirstAid"],"picked":"SnafuTest:SignQuen","floor":1.0},{"not_picked":["SnafuTest:AncestralRitual","SnafuTest:SpellTelekinesis","SnafuTest:BombMoonDust"],"picked":"SKIP","floor":3.0},{"not_picked":["SnafuTest:Shooting","SnafuTest:BombNorthernWind","SnafuTest:Kick"],"picked":"SKIP","floor":5.0},{"not_picked":["SnafuTest:CalculatingAmbition","SnafuTest:QueensGuard"],"picked":"SnafuTest:AssassinOfKings","floor":7.0},{"not_picked":["SnafuTest:RecklessBlow","SnafuTest:BattleCry","SnafuTest:SpellTortoise"],"picked":"SKIP","floor":11.0},{"not_picked":["SnafuTest:SneakKill+1","SnafuTest:SpellBitingFrost+1"],"picked":"SnafuTest:WeddingDance","floor":12.0},{"not_picked":["SnafuTest:WorldMap","SnafuTest:SignYrden","SnafuTest:ExcessiveLevies"],"picked":"SKIP","floor":14.0},{"not_picked":["SnafuTest:ConciliatoryPresence","SnafuTest:MelitelesCare"],"picked":"SnafuTest:PowerEquilibrium","floor":16.0},{"not_picked":["SnafuTest:SignAxii","SnafuTest:BombMoonDust","SnafuTest:ShieldUp"],"picked":"SKIP","floor":18.0},{"not_picked":["SnafuTest:PayHappyHour+1","SnafuTest:SignAard+1"],"picked":"SnafuTest:PowerAlwaysOnRoads","floor":20.0},{"not_picked":["SnafuTest:BombDimeritium+1","SnafuTest:PaySmithWorkshop"],"picked":"SnafuTest:Siege+1","floor":21.0},{"not_picked":["SnafuTest:BombNorthernWind+1","SnafuTest:WorldMap"],"picked":"SnafuTest:MCPlayGwent","floor":22.0},{"not_picked":["SnafuTest:PowerCounterAttack","SnafuTest:ArmoredSortie+1","SnafuTest:SignAard+1"],"picked":"SKIP","floor":27.0},{"not_picked":["SnafuTest:SmashingSlash+1","SnafuTest:PowerEquilibrium","SnafuTest:SignQuen"],"picked":"SKIP","floor":28.0},{"not_picked":["SnafuTest:Siege+1","SnafuTest:MCPlayGwent","SnafuTest:PayWeaponSmith"],"picked":"SKIP","floor":30.0},{"not_picked":["SnafuTest:ShoulderSlam+1","SnafuTest:UndefeatedNarcissism+1","SnafuTest:SpellChainLightning+1"],"picked":"SKIP","floor":31.0},{"not_picked":["SnafuTest:MagePersecution+1","SnafuTest:IndifferentImmortality"],"picked":"SnafuTest:MelitelesCare","floor":33.0},{"not_picked":["SnafuTest:Siege+1","SnafuTest:QueensGuard+1","SnafuTest:SpellTortoise+1"],"picked":"SKIP","floor":35.0},{"not_picked":["SnafuTest:SpellLivingArmor+1","SnafuTest:ShieldUp","SnafuTest:MCPlayGwent+1"],"picked":"SKIP","floor":37.0},{"not_picked":["SnafuTest:SpellBlindFury+1","SnafuTest:SneakKill+1"],"picked":"SnafuTest:SpellArcaneDomain","floor":39},{"not_picked":["SnafuTest:SignAard+1","SnafuTest:PayWeaponSmith+1"],"picked":"SnafuTest:PayExoticTreasure","floor":40},{"not_picked":["SnafuTest:SpellLivingArmor+1","SnafuTest:PowerCounterAttack","SnafuTest:SignAxii"],"picked":"SKIP","floor":44},{"not_picked":["SnafuTest:PowerCrimsonRitual","SnafuTest:AncestralRitual+1","SnafuTest:PowerProbingFeint"],"picked":"SKIP","floor":47},{"not_picked":["SnafuTest:GetPaid","SnafuTest:BlueWhale"],"picked":"SnafuTest:LeadingCharge+1","floor":48},{"not_picked":["SnafuTest:WitchHunt+1","SnafuTest:SpellLifeDrain+1"],"picked":"SnafuTest:ShieldUp+1","floor":53},{"not_picked":["SnafuTest:PowerFireDamnation+1","SnafuTest:CalculatingAmbition+1","SnafuTest:PowerAlwaysOnRoads+1"],"picked":"SKIP","floor":54}],"player_experience":325590,"relics_obtained":[{"floor":7.0,"key":"SnafuTest:QuenRelic"},{"floor":8.0,"key":"Pen Nib"},{"floor":9.0,"key":"Bag of Marbles"},{"floor":12.0,"key":"Molten Egg 2"},{"floor":26.0,"key":"AT_BellowingDragoncrestRing"},{"floor":27.0,"key":"Tiny Chest"},{"floor":27.0,"key":"CeramicFish"},{"floor":38.0,"key":"Mummified Hand"},{"floor":40,"key":"AT_RedTearstoneRing"},{"floor":40,"key":"AT_GuinsooRageblade"},{"floor":42,"key":"AT_SilverBalance"},{"floor":48,"key":"Eternal Feather"},{"floor":48,"key":"Gremlin Horn"},{"floor":54,"key":"Anchor"},{"floor":54,"key":"Oddly Smooth Stone"}],"event_choices":[{"damage_healed":0.0,"max_hp_gain":0.0,"max_hp_loss":0.0,"gold_gain":0.0,"event_name":"NoteForYourself","player_choice":"Ignored","floor":4.0,"gold_loss":0.0,"damage_taken":0.0},{"damage_healed":0.0,"max_hp_gain":0.0,"max_hp_loss":0.0,"gold_gain":0.0,"event_name":"The Woman in Blue","player_choice":"Bought 3 Potions","floor":10.0,"gold_loss":0.0,"damage_taken":0.0},{"damage_healed":0.0,"max_hp_gain":0.0,"max_hp_loss":0.0,"gold_gain":0.0,"event_name":"Wheel of Change","player_choice":"Cursed","floor":19.0,"gold_loss":0.0,"damage_taken":0.0,"cards_obtained":["Decay"]},{"damage_healed":0.0,"max_hp_gain":0.0,"max_hp_loss":0.0,"gold_gain":0.0,"event_name":"Knowing Skull","player_choice":"","floor":25.0,"potions_obtained":[],"gold_loss":0.0,"damage_taken":6.0,"cards_obtained":[]},{"damage_healed":0,"gold_gain":0,"player_choice":"Memory 3","damage_taken":10,"max_hp_gain":0,"max_hp_loss":0,"event_name":"SensoryStone","floor":45,"gold_loss":0}],"is_beta":false,"boss_relics":[{"not_picked":["Fusion Hammer","Calling Bell"],"picked":"Black Star"},{"not_picked":["Empty Cage","Velvet Choker"],"picked":"Runic Dome"}],"items_purged_floors":[2,24,36,41],"is_endless":false,"potions_floor_spawned":[1,7,14,16,18,21,27,28,33,39,40,48,54],"killed_by":"The Heart","ascension_level":0}}