{"host":"fm9e0lfunjlbhzxv","time":1608532973,"event":{"mods":["Astrologer","BaseMod","Colored Map","Colored Powertips","Energized Spire","Gremlin Mod","Key Reminder","Lobotomy","LobotomyExtend","Minty Spire (QoL Compilation)","Permanent Neow","Rare Cards Sparkle","Relic Stats","Shedinja","StSLib","The Administrix","The Disciple","The Mystic","TheBandit"],"gold_per_floor":[121,140,65,65,75,108,124,124,147,147,22,22,32,67,67,167,167,167,148,162,176,190,218,218,218,218],"floor_reached":25,"playtime":2228,"items_purged":["AdministrixMod:Strike_Administrix","AdministrixMod:Defend_Administrix"],"score":258,"play_id":"47ce03a7-34e9-4156-b9d0-4b7849f1ebaf","local_time":"20201220224253","is_ascension_mode":false,"campfire_choices":[{"data":"AdministrixMod:LightOfYourLife","floor":8,"key":"SMITH"},{"data":"AdministrixMod:Untouchable","floor":12,"key":"SMITH"},{"data":"AdministrixMod:DreamsMausoleum","floor":15,"key":"SMITH"}],"circlet_count":0,"master_deck":["AdministrixMod:Strike_Administrix","AdministrixMod:Strike_Administrix","AdministrixMod:Strike_Administrix","AdministrixMod:RedCloak","AdministrixMod:Defend_Administrix","AdministrixMod:BlueCloak","AdministrixMod:Untouchable+1","AdministrixMod:RegentEdict","AdministrixMod:LightOfYourLife+1","AdministrixMod:DreamsMausoleum+1","AdministrixMod:Katabasis","AdministrixMod:FearOfDeath","AdministrixMod:ExtolVirtue+1","AdministrixMod:Transcension+1","AdministrixMod:DiversionaryTactic+1","AdministrixMod:RegentEdict+1","AdministrixMod:GirlsDoItBetter"],"relics":["Busted Crown","LetterFromLob","Shedinja:ExtraMaxHp","AdministrixMod:CrackedTaijitu","keyreminder:keyreminder","Smiling Mask","Nunchaku","Astrolabe","Prayer Wheel"],"acts_visited":["Exordium","TheCity"],"potions_floor_usage":[23,25],"damage_taken":[{"damage":0,"enemies":"Small Slimes","floor":1,"turns":3},{"damage":0,"enemies":"Jaw Worm","floor":2,"turns":3},{"damage":0,"enemies":"Cultist","floor":5,"turns":4},{"damage":47,"enemies":"3 Sentries","floor":6,"turns":12},{"damage":0,"enemies":"Looter","floor":7,"turns":3},{"damage":0,"enemies":"Blue Slaver","floor":13,"turns":5},{"damage":0,"enemies":"Lagavulin","floor":14,"turns":8},{"damage":6,"enemies":"The Guardian","floor":16,"turns":16},{"damage":8,"enemies":"2 Thieves","floor":19,"turns":5},{"damage":8,"enemies":"Spheric Guardian","floor":20,"turns":7},{"damage":18,"enemies":"Snake Plant","floor":21,"turns":6},{"damage":18,"enemies":"Centurion and Healer","floor":22,"turns":8},{"damage":7,"enemies":"Slavers","floor":23,"turns":7},{"damage":8,"enemies":"Gremlin Leader","floor":25,"turns":3}],"seed_played":"6876029853903180499","potions_obtained":[{"floor":1,"key":"Dexterity Potion"},{"floor":5,"key":"CultistPotion"},{"floor":20,"key":"PowerPotion"},{"floor":22,"key":"Energy Potion"},{"floor":23,"key":"EssenceOfSteel"}],"is_trial":false,"path_per_floor":["M","M","$","?","M","E","M","R","T","?","$","R","M","E","R","B",null,"M","M","M","M","M","E","?","E"],"character_chosen":"TheAdministrix","items_purchased":["AdministrixMod:DreamsMausoleum"],"campfire_rested":0,"item_purchase_floors":[11],"current_hp_per_floor":[65,65,65,65,65,18,18,18,18,18,18,18,18,18,18,12,65,65,57,49,31,13,6,6,0,0],"gold":218,"neow_bonus":"BOSS_RELIC","is_daily":false,"chose_seed":false,"campfire_upgraded":3,"win_rate":0.0,"timestamp":1608532973,"path_taken":["M","M","$","?","M","E","M","R","T","?","$","R","M","E","R","BOSS","M","M","M","M","M","E","?","E"],"items_purchased_type":["Card"],"build_version":"2020-12-13","purchased_purges":2,"victory":false,"max_hp_per_floor":[65,65,65,65,65,65,65,65,65,65,65,65,65,65,65,65,65,65,65,65,65,65,65,65,65,65],"relic_stats":{"Nunchaku":[11],"Busted Crown":26,"counters":[14,90],"Astrolabe":["AdministrixMod:HopeInTheDark","AdministrixMod:ExtolVirtue","AdministrixMod:Transcension"],"Prayer Wheel":0,"Smiling Mask":50,"obtain_stats":[{"keyreminder:keyreminder":6,"Nunchaku":14,"Busted Crown":0,"Astrolabe":17,"AdministrixMod:CrackedTaijitu":6,"Prayer Wheel":23,"AdministrixMod:ConductorRitualBaton":0,"LetterFromLob":1,"Shedinja:ExtraMaxHp":4,"Smiling Mask":9},{"keyreminder:keyreminder":4,"Nunchaku":7,"Busted Crown":0,"Astrolabe":8,"AdministrixMod:CrackedTaijitu":4,"Prayer Wheel":13,"AdministrixMod:ConductorRitualBaton":0,"LetterFromLob":1,"Shedinja:ExtraMaxHp":2,"Smiling Mask":5},{"keyreminder:keyreminder":22,"Nunchaku":38,"Busted Crown":0,"Astrolabe":54,"AdministrixMod:CrackedTaijitu":22,"Prayer Wheel":87,"AdministrixMod:ConductorRitualBaton":0,"LetterFromLob":3,"Shedinja:ExtraMaxHp":6,"Smiling Mask":25}]},"card_choices":[{"not_picked":[],"picked":"AdministrixMod:Untouchable","floor":1},{"not_picked":[],"picked":"AdministrixMod:RegentEdict","floor":2},{"not_picked":["AdministrixMod:CenturiesAscent"],"picked":"SKIP","floor":5},{"not_picked":[],"picked":"AdministrixMod:LightOfYourLife","floor":6},{"not_picked":["AdministrixMod:ImmortalPurity"],"picked":"SKIP","floor":7},{"not_picked":[],"picked":"AdministrixMod:Katabasis","floor":13},{"not_picked":[],"picked":"AdministrixMod:GuanyinBlessing","floor":14},{"not_picked":[],"picked":"AdministrixMod:FearOfDeath","floor":16},{"not_picked":["AdministrixMod:CrackingPangu"],"picked":"SKIP","floor":19},{"not_picked":[],"picked":"AdministrixMod:DiversionaryTactic+1","floor":20},{"not_picked":["AdministrixMod:Wuji"],"picked":"SKIP","floor":21},{"not_picked":[],"picked":"AdministrixMod:RegentEdict+1","floor":22},{"not_picked":[],"picked":"AdministrixMod:GirlsDoItBetter","floor":23}],"player_experience":553444,"relics_obtained":[{"floor":1,"key":"LetterFromLob"},{"floor":6,"key":"AdministrixMod:CrackedTaijitu"},{"floor":9,"key":"Smiling Mask"},{"floor":14,"key":"Nunchaku"},{"floor":23,"key":"Prayer Wheel"}],"event_choices":[],"is_beta":false,"boss_relics":[{"not_picked":["energizedSpire:CursedPentagram","Velvet Choker"],"picked":"Astrolabe"}],"items_purged_floors":[3,11],"is_endless":false,"potions_floor_spawned":[1,5,20,22,23],"killed_by":"Gremlin Leader","ascension_level":0}}