{"host":"vumwfieg2b2mnrfl","time":1608587669,"event":{"mods":["AchievementEnabler","BaseMod","Minty Spire (QoL Compilation)","Rare Cards Sparkle","Relic Stats"],"gold_per_floor":[111,124,136,196,196,223,223,188,213,243,277,287,306,324,324,421,421,431,431,47,57,75,75,103,202,249,249,274,289,299,309,309,309,309],"floor_reached":33,"playtime":1573,"items_purged":["Strike_R"],"score":474,"play_id":"67c0abd6-b923-419e-ab02-e4f705b3619a","local_time":"20201221155429","is_ascension_mode":true,"campfire_choices":[{"data":"Bash","floor":7.0,"key":"SMITH"},{"data":"Bludgeon","floor":15.0,"key":"SMITH"},{"data":"Double Tap","floor":23,"key":"SMITH"},{"floor":27,"key":"REST"},{"floor":32,"key":"REST"}],"circlet_count":0,"master_deck":["AscendersBane","Strike_R","Strike_R","Strike_R","Defend_R","Defend_R","Defend_R","Defend_R","Bash+1","Bludgeon+1","Iron Wave","Headbutt","Shrug It Off","Heavy Blade","Ghostly Armor","Pommel Strike","Battle Trance","Double Tap+1","Inflame","Clothesline","Feed","Battle Trance+1","Feed","True Grit+1","Armaments","Rampage","Headbutt","Rampage+1","Whirlwind"],"relics":["Burning Blood","Omamori","Anchor","Odd Mushroom","Eternal Feather","SlaversCollar","Magic Flower","Ice Cream","Oddly Smooth Stone","Turnip"],"acts_visited":["Exordium","TheCity"],"potions_floor_usage":[16,16,24,24,30,31,33],"damage_taken":[{"damage":4.0,"enemies":"Jaw Worm","floor":1.0,"turns":3.0},{"damage":10.0,"enemies":"2 Louse","floor":2.0,"turns":3.0},{"damage":7.0,"enemies":"Small Slimes","floor":3.0,"turns":3.0},{"damage":27.0,"enemies":"Gremlin Nob","floor":6.0,"turns":4.0},{"damage":46.0,"enemies":"The Mushroom Lair","floor":10.0,"turns":6.0},{"damage":10.0,"enemies":"3 Sentries","floor":11.0,"turns":10.0},{"damage":1.0,"enemies":"Looter","floor":12.0,"turns":2.0},{"damage":10.0,"enemies":"Lots of Slimes","floor":13.0,"turns":6.0},{"damage":0.0,"enemies":"Blue Slaver","floor":14.0,"turns":4.0},{"damage":21,"enemies":"Slime Boss","floor":16,"turns":7},{"damage":27,"enemies":"Spheric Guardian","floor":18,"turns":5},{"damage":42,"enemies":"Shell Parasite","floor":21,"turns":10},{"damage":0,"enemies":"Snecko","floor":22,"turns":2},{"damage":41,"enemies":"Slavers","floor":24,"turns":8},{"damage":37,"enemies":"Book of Stabbing","floor":28,"turns":5},{"damage":14,"enemies":"Centurion and Healer","floor":29,"turns":7},{"damage":34,"enemies":"3 Cultists","floor":30,"turns":5},{"damage":24,"enemies":"Shelled Parasite and Fungi","floor":31,"turns":12},{"damage":90,"enemies":"Automaton","floor":33,"turns":8}],"seed_played":"-1815535240466756505","potions_obtained":[{"floor":3.0,"key":"Dexterity Potion"},{"floor":11.0,"key":"Regen Potion"},{"floor":12.0,"key":"Regen Potion"},{"floor":16,"key":"GamblersBrew"},{"floor":28,"key":"Dexterity Potion"},{"floor":29,"key":"EssenceOfSteel"},{"floor":31,"key":"Regen Potion"}],"is_trial":false,"path_per_floor":["M","M","M","?","?","E","R","?","T","?","E","M","M","M","R","B",null,"M","?","$","M","M","R","E","?","T","R","E","M","M","M","R","B"],"character_chosen":"IRONCLAD","items_purchased":["Magic Flower"],"campfire_rested":2,"item_purchase_floors":[20],"current_hp_per_floor":[74,70,69,69,69,48,48,68,68,28,24,29,25,31,43,73,78,57,57,57,29,43,55,28,28,28,69,41,36,21,16,61,0,0],"gold":309,"neow_bonus":"ONE_RANDOM_RARE_CARD","is_daily":false,"chose_seed":false,"campfire_upgraded":3,"win_rate":0.0,"timestamp":1608587669,"path_taken":["M","M","M","?","?","E","R","?","T","?","E","M","M","M","R","BOSS","M","?","$","M","?","R","E","?","T","R","E","M","M","M","R","BOSS"],"items_purchased_type":["Relic"],"build_version":"2020-12-13","purchased_purges":1,"victory":false,"max_hp_per_floor":[80,80,80,80,80,80,80,80,80,80,80,80,80,80,80,80,80,80,80,80,83,86,86,89,89,89,89,89,89,95,101,101,101,101],"relic_stats":{"counters":[19,110],"Magic Flower":[44],"Eternal Feather":54,"Turnip":[8],"obtain_stats":[{"Ice Cream":24,"SlaversCollar":17,"Anchor":9,"Magic Flower":20,"Oddly Smooth Stone":26,"Eternal Feather":11,"Turnip":28,"Omamori":6,"Odd Mushroom":10,"Burning Blood":0},{"Ice Cream":14,"SlaversCollar":10,"Anchor":4,"Magic Flower":11,"Oddly Smooth Stone":14,"Eternal Feather":6,"Turnip":15,"Omamori":4,"Odd Mushroom":5,"Burning Blood":0},{"Ice Cream":73,"SlaversCollar":48,"Anchor":13,"Magic Flower":53,"Oddly Smooth Stone":73,"Eternal Feather":29,"Turnip":78,"Omamori":13,"Odd Mushroom":19,"Burning Blood":0}],"Burning Blood":129},"card_choices":[{"not_picked":["Heavy Blade","Reckless Charge"],"picked":"Iron Wave","floor":1.0},{"not_picked":["Thunderclap","Iron Wave"],"picked":"Headbutt","floor":2.0},{"not_picked":["Clash","Anger"],"picked":"Shrug It Off","floor":3.0},{"not_picked":["Second Wind","Clothesline"],"picked":"Ghostly Armor","floor":6.0},{"not_picked":["Bloodletting","Whirlwind"],"picked":"Pommel Strike","floor":10.0},{"not_picked":["Heavy Blade","Wild Strike"],"picked":"Battle Trance","floor":11.0},{"not_picked":["Warcry","Heavy Blade"],"picked":"Double Tap","floor":12.0},{"not_picked":["Pommel Strike","Combust"],"picked":"Inflame","floor":13.0},{"not_picked":["Infernal Blade","Intimidate"],"picked":"Clothesline","floor":14.0},{"not_picked":["Limit Break","Offering"],"picked":"Feed","floor":16},{"not_picked":["Perfected Strike","Body Slam+1"],"picked":"Battle Trance+1","floor":18},{"not_picked":["Ghostly Armor","Seeing Red+1"],"picked":"True Grit+1","floor":21},{"not_picked":["Carnage","Cleave","Wild Strike"],"picked":"SKIP","floor":22},{"not_picked":["Rampage","Uppercut+1"],"picked":"Armaments","floor":24},{"not_picked":["Sentinel","Disarm"],"picked":"Rampage","floor":28},{"not_picked":["Metallicize","Clash"],"picked":"Headbutt","floor":29},{"not_picked":["Headbutt","Infernal Blade"],"picked":"Rampage+1","floor":30},{"not_picked":["Offering","Wild Strike"],"picked":"Whirlwind","floor":31}],"player_experience":276007,"relics_obtained":[{"floor":6.0,"key":"Omamori"},{"floor":9.0,"key":"Anchor"},{"floor":10.0,"key":"Odd Mushroom"},{"floor":11.0,"key":"Eternal Feather"},{"floor":24,"key":"Ice Cream"},{"floor":26,"key":"Oddly Smooth Stone"},{"floor":28,"key":"Turnip"}],"event_choices":[{"damage_healed":0.0,"max_hp_gain":0.0,"max_hp_loss":0.0,"gold_gain":60.0,"event_name":"Golden Wing","player_choice":"Gained Gold","floor":4.0,"gold_loss":0.0,"damage_taken":0.0},{"damage_healed":0.0,"max_hp_gain":0.0,"max_hp_loss":0.0,"gold_gain":0.0,"cards_transformed":["Strike_R"],"event_name":"Living Wall","player_choice":"Change","floor":5.0,"gold_loss":0.0,"damage_taken":0.0,"cards_obtained":["Heavy Blade"]},{"damage_healed":20.0,"max_hp_gain":0.0,"max_hp_loss":0.0,"gold_gain":0.0,"event_name":"The Cleric","player_choice":"Healed","floor":8.0,"gold_loss":35.0,"damage_taken":0.0},{"damage_healed":0.0,"max_hp_gain":0.0,"max_hp_loss":0.0,"gold_gain":0.0,"event_name":"Mushrooms","player_choice":"Fought Mushrooms","floor":10.0,"gold_loss":0.0,"damage_taken":0.0},{"damage_healed":0,"gold_gain":0,"player_choice":"Copied","damage_taken":0,"max_hp_gain":0,"max_hp_loss":0,"event_name":"Duplicator","floor":19,"gold_loss":0,"cards_obtained":["Feed"]},{"damage_healed":0,"gold_gain":99,"player_choice":"Stole From Cult","damage_taken":0,"max_hp_gain":0,"max_hp_loss":0,"event_name":"Nest","floor":25,"gold_loss":0}],"is_beta":false,"boss_relics":[{"not_picked":["Runic Cube","Coffee Dripper"],"picked":"SlaversCollar"}],"items_purged_floors":[20],"is_endless":false,"potions_floor_spawned":[3,11,12,16,28,29,31],"killed_by":"Automaton","ascension_level":10}}