{"host":"zhypnm5xlgq8j242","time":1608520620,"event":{"mods":["AchievementEnabler","BaseMod","BetterRewards","Colored Powertips","Hermit","Keyboard Shortcuts","Minty Spire (QoL Compilation)","Quick Restart","Replay The Spire","Shop Mod","StSLib","The Cursed","The Hierophant","The Runesmith"],"gold_per_floor":[117,192,192,192,208,208,283,334,358,371,371,371],"floor_reached":11,"playtime":254,"items_purged":[],"score":139,"play_id":"5ef27d0d-a106-4778-b016-06caeefca3aa","local_time":"20201221121700","is_ascension_mode":true,"campfire_choices":[{"data":"Dualcast","floor":6,"key":"SMITH"}],"circlet_count":0,"master_deck":["Strike_B","Strike_B","Strike_B","Strike_B","Defend_B","Defend_B","Defend_B","Defend_B","Zap","Dualcast+1","Chill","Amnesia","Crystallizer","Echo Form"],"relics":["Cracked Core","NeowsBlessing","Ring of Panic","ReplayTheSpireMod:Ring of Challenge","Bag of Marbles","Blood Vial","Boot"],"acts_visited":["Exordium"],"potions_floor_usage":[],"damage_taken":[{"damage":0,"enemies":"Small Slimes","floor":1,"turns":1},{"damage":0,"enemies":"2 Louse","floor":5,"turns":1},{"damage":0,"enemies":"3 Sentries","floor":7,"turns":2},{"damage":11,"enemies":"Jaw Worm","floor":10,"turns":4},{"damage":65,"enemies":"Gremlin Nob","floor":11,"turns":5}],"seed_played":"-7252714018202045293","potions_obtained":[],"is_trial":false,"path_per_floor":["M","?","?","?","M","R","E","T","T","M","E"],"character_chosen":"DEFECT","items_purchased":[],"campfire_rested":0,"item_purchase_floors":[],"current_hp_per_floor":[68,57,57,62,62,62,62,62,62,53,0,0],"gold":371,"neow_bonus":"THREE_ENEMY_KILL","is_daily":false,"chose_seed":false,"campfire_upgraded":1,"win_rate":0.0,"timestamp":1608520620,"path_taken":["M","?","?","?","M","R","E","?","T","M","E"],"items_purchased_type":[],"build_version":"2020-12-13","purchased_purges":0,"victory":false,"max_hp_per_floor":[75,75,75,80,80,80,80,80,80,80,80,80],"card_choices":[{"not_picked":["Ball Lightning","Leap"],"picked":"Chill","floor":1},{"not_picked":["Cold Snap","Streamline"],"picked":"Crystallizer","floor":5},{"not_picked":["Doom and Gloom","Hologram"],"picked":"Echo Form","floor":7},{"not_picked":["Sweeping Beam","Ball Lightning","Barrage"],"picked":"SKIP","floor":10}],"player_experience":586159,"relics_obtained":[{"floor":3,"key":"Ring of Panic"},{"floor":3,"key":"ReplayTheSpireMod:Ring of Challenge"},{"floor":7,"key":"Bag of Marbles"},{"floor":8,"key":"Blood Vial"},{"floor":9,"key":"Boot"}],"event_choices":[{"damage_healed":0,"gold_gain":75,"player_choice":"Gather Gold","damage_taken":11,"max_hp_gain":0,"max_hp_loss":0,"event_name":"World of Goop","floor":2,"gold_loss":0},{"damage_healed":0,"gold_gain":0,"player_choice":"Donut","damage_taken":0,"max_hp_gain":5,"max_hp_loss":0,"event_name":"Big Fish","floor":4,"gold_loss":0}],"is_beta":false,"boss_relics":[],"items_purged_floors":[],"is_endless":false,"potions_floor_spawned":[],"killed_by":"Gremlin Nob","ascension_level":9}}