{"host":"ftwsn2kbtsx9x7xs","time":1608550287,"event":{"mods":["BaseMod","Hermit","Minty Spire (QoL Compilation)","Replay The Spire","StSLib","Td1madao Mod","The Dragon Tamer"],"gold_per_floor":[114,114,125,47,60,89,107,107,131,148,148,158,158,168,168,266,316,335,335,19,30,41,41,41,58,83,83,96,96,96,114,114,215,315,334,398,398,417,434,434,444,444,467,478,109,133,156,172,172,172,172,172,231,266,266,266],"floor_reached":55,"playtime":4511,"items_purged":["Writhe","ReplayTheSpireMod:Restless Dread"],"score":679,"play_id":"ae46955f-77cd-4076-9be1-31f16c5f4926","local_time":"20201221203126","is_ascension_mode":false,"campfire_choices":[{"floor":8.0,"key":"RECALL"},{"floor":13.0,"key":"REST"},{"floor":15.0,"key":"DIG"},{"floor":23.0,"key":"REST"},{"floor":29.0,"key":"REST"},{"data":"Concentrate","floor":32.0,"key":"SMITH"},{"floor":42.0,"key":"REST"},{"floor":49.0,"key":"REST"},{"data":"Burst","floor":52.0,"key":"SMITH"}],"circlet_count":0,"master_deck":["Strike_G","Strike_G+1","Strike_G+1","Strike_G","Defend_G","Defend_G","Defend_G","Defend_G","Defend_G+1","Survivor","Neutralize+1","Noxious Fumes","Deadly Poison+1","Well Laid Plans","Poisoned Stab","Prepared","Reflex","Sneak Up","Acrobatics","A Thousand Cuts+1","Bouncing Flask","ReplayTheSpireMod:Brewmster+1","Prepared+1","Concentrate+1","ReplayTheSpireMod:The Works+1","Poison Darts","ReplayTheSpireMod:Speed Training+1","Reflex+1","Burst+1","ReplayUltimateDefense+1","Caltrops+1","Caltrops+1","Dramatic Entrance","Sneak Up","Caltrops+1"],"relics":["Ring of the Snake","Bird Faced Urn","Akabeko","War Paint","Frozen Egg 2","Tiny House","Art of War","Simple Rune","Replay:Wanted Poster","Bag of Preparation","CeramicFish","ReplayTheSpireMod:CursedCoin","Whetstone"],"acts_visited":["Exordium","TheCity","TheBeyond","TheEnding"],"potions_floor_usage":[55,55,55],"damage_taken":[{"damage":0.0,"enemies":"2 Louse","floor":1.0,"turns":2.0},{"damage":0.0,"enemies":"Small Slimes","floor":3.0,"turns":3.0},{"damage":1.0,"enemies":"Cultist","floor":5.0,"turns":3.0},{"damage":29.0,"enemies":"Lagavulin","floor":6.0,"turns":8.0},{"damage":1.0,"enemies":"Exordium Thugs","floor":7.0,"turns":4.0},{"damage":2.0,"enemies":"Large Slime","floor":10.0,"turns":6.0},{"damage":0.0,"enemies":"3 Louse","floor":12.0,"turns":3.0},{"damage":1.0,"enemies":"Looter","floor":14.0,"turns":3.0},{"damage":49.0,"enemies":"The Guardian","floor":16.0,"turns":9.0},{"damage":14.0,"enemies":"Chosen","floor":18.0,"turns":5.0},{"damage":16.0,"enemies":"Shell Parasite","floor":21.0,"turns":4.0},{"damage":11.0,"enemies":"Snecko","floor":22.0,"turns":6.0},{"damage":0.0,"enemies":"3 Cultists","floor":24.0,"turns":1.0},{"damage":6.0,"enemies":"Snake Plant","floor":25.0,"turns":4.0},{"damage":21.0,"enemies":"Centurion and Healer","floor":28.0,"turns":6.0},{"damage":24.0,"enemies":"Colosseum Slavers","floor":30.0,"turns":7.0},{"damage":3.0,"enemies":"Snecko","floor":31.0,"turns":3.0},{"damage":59.0,"enemies":"Automaton","floor":33.0,"turns":10.0},{"damage":34.0,"enemies":"3 Darklings","floor":35.0,"turns":5.0},{"damage":6.0,"enemies":"Orb Walker","floor":38.0,"turns":4.0},{"damage":32.0,"enemies":"3 Darklings","floor":39.0,"turns":6.0},{"damage":10.0,"enemies":"Transient","floor":41.0,"turns":5.0},{"damage":19.0,"enemies":"Jaw Worm Horde","floor":44.0,"turns":5.0},{"damage":11.0,"enemies":"4 Shapes","floor":46.0,"turns":3.0},{"damage":0.0,"enemies":"Maw","floor":47.0,"turns":8.0},{"damage":26.0,"enemies":"Transient","floor":48.0,"turns":5.0},{"damage":59.0,"enemies":"Donu and Deca","floor":50.0,"turns":9.0},{"damage":21.0,"enemies":"Shield and Spear","floor":54.0,"turns":6.0},{"damage":75,"enemies":"The Heart","floor":55,"turns":8}],"seed_played":"7058936223036142690","potions_obtained":[{"floor":7.0,"key":"Fire Potion"},{"floor":10.0,"key":"Languid Potion"},{"floor":14.0,"key":"SmokeBomb"},{"floor":17.0,"key":"Swift Potion"},{"floor":22.0,"key":"Doom Potion"},{"floor":35.0,"key":"LifebloodPotion"},{"floor":41.0,"key":"Milkshake"}],"is_trial":false,"path_per_floor":["M","?","M","$","M","E","M","R","T","M","?","M","R","M","R","B",null,"M","?","$","M","M","R","M","M","T","$","M","R","?","M","R","B",null,"M","?","?","M","M","?","M","R","T","M","$","M","M","M","R","B",null,"R","$","E","B"],"character_chosen":"THE_SILENT","items_purchased":["Well Laid Plans","ReplayTheSpireMod:Brewmster+1","Art of War","ReplayUltimateDefense+1","Caltrops+1","Dramatic Entrance","ReplayTheSpireMod:CursedCoin"],"campfire_rested":5,"item_purchase_floors":[4,20,20,45,45,45,53],"current_hp_per_floor":[70,52,54,54,55,30,33,33,33,33,33,37,58,59,59,14,75,63,47,47,42,37,59,59,57,57,57,40,62,48,53,53,2,75,43,43,43,48,22,41,37,59,59,46,46,41,55,37,59,33,75,75,75,58,0,0],"gold":266,"neow_bonus":"ONE_RARE_RELIC","is_daily":false,"chose_seed":false,"campfire_upgraded":2,"win_rate":0.0,"timestamp":1608550286,"path_taken":["M","?","M","$","M","E","M","R","T","M","?","?","R","M","R","BOSS","M","?","$","M","M","R","M","M","T","$","M","R","?","M","R","BOSS","M","?","?","M","?","?","M","R","T","M","$","M","M","M","R","BOSS","R","$","E","BOSS"],"items_purchased_type":["Card","Card","Relic","Card","Card","Card","Relic"],"build_version":"2020-12-13","purchased_purges":2,"victory":false,"max_hp_per_floor":[70,70,70,70,70,70,70,70,70,70,70,70,70,70,70,70,75,75,75,75,75,75,75,75,75,75,75,75,75,75,75,75,75,75,75,75,75,75,75,75,75,75,75,75,75,75,75,75,75,75,75,75,75,75,75,75],"card_choices":[{"not_picked":["Infinite Blades","Bouncing Flask"],"picked":"Noxious Fumes","floor":1.0},{"not_picked":["Blade Dance","ReplayTheSpireMod:Speed Training"],"picked":"Deadly Poison","floor":3.0},{"not_picked":["Slice","Concentrate","Blade Dance"],"picked":"SKIP","floor":5.0},{"not_picked":["Wraith Form v2","Dodge and Roll"],"picked":"Poisoned Stab","floor":6.0},{"not_picked":["ReplayTheSpireMod:Scrap Shanks","Bane"],"picked":"Prepared","floor":7.0},{"not_picked":["Backflip","Deflect"],"picked":"Reflex","floor":10.0},{"not_picked":["Bane","PiercingWail"],"picked":"Sneak Up","floor":12.0},{"not_picked":["Hidden Blade","Unload"],"picked":"Acrobatics","floor":14.0},{"not_picked":["Glass Knife","Envenom+1"],"picked":"A Thousand Cuts+1","floor":16.0},{"not_picked":["Replay:Poison Smokescreen","Dodge and Roll"],"picked":"Bouncing Flask","floor":17.0},{"not_picked":["Prepared","Dagger Spray+1","Dodge and Roll+1"],"picked":"SKIP","floor":18.0},{"not_picked":["Cloak And Dagger","Dagger Throw+1"],"picked":"Prepared+1","floor":21.0},{"not_picked":["Flying Knee+1","Reflex"],"picked":"Concentrate","floor":22.0},{"not_picked":["Flying Knee+1","Bane+1"],"picked":"ReplayTheSpireMod:The Works+1","floor":25.0},{"not_picked":["Cloak And Dagger","Masterful Stab","Flying Knee"],"picked":"SKIP","floor":28.0},{"not_picked":["Grand Finale","Cloak And Dagger","Well Laid Plans+1"],"picked":"SKIP","floor":31.0},{"not_picked":["Glass Knife","Unload"],"picked":"Poison Darts","floor":33.0},{"not_picked":["Poisoned Stab","Underhanded Strike","Eviscerate+1"],"picked":"SKIP","floor":35.0},{"not_picked":["All Out Attack+1","Deflect"],"picked":"ReplayTheSpireMod:Speed Training+1","floor":36.0},{"not_picked":["Quick Slash+1","Sucker Punch"],"picked":"Reflex+1","floor":36.0},{"not_picked":["Bane","Replay:Poison Smokescreen+1","Sucker Punch+1"],"picked":"SKIP","floor":38.0},{"not_picked":["Escape Plan","Acrobatics"],"picked":"Burst","floor":39.0},{"not_picked":["Acrobatics","Dagger Spray+1","Concentrate+1"],"picked":"SKIP","floor":41.0},{"not_picked":["Poisoned Stab","Dodge and Roll+1","ReplayTheSpireMod:The Works"],"picked":"SKIP","floor":44.0},{"not_picked":["Dodge and Roll+1","Sucker Punch+1"],"picked":"Sneak Up","floor":46.0},{"not_picked":["Dagger Spray+1","Setup+1"],"picked":"Caltrops+1","floor":47.0},{"not_picked":["Acrobatics","Hidden Blade","Cloak And Dagger+1"],"picked":"SKIP","floor":48.0},{"not_picked":["Quick Slash","Terror+1","Accuracy+1"],"picked":"SKIP","floor":54.0}],"player_experience":149657,"relics_obtained":[{"floor":6.0,"key":"War Paint"},{"floor":15.0,"key":"Frozen Egg 2"},{"floor":26.0,"key":"Simple Rune"},{"floor":36.0,"key":"Bag of Preparation"},{"floor":43.0,"key":"CeramicFish"},{"floor":54.0,"key":"Whetstone"}],"event_choices":[{"damage_healed":0.0,"max_hp_gain":0.0,"max_hp_loss":0.0,"gold_gain":0.0,"event_name":"Scrap Ooze","player_choice":"Success","floor":2.0,"gold_loss":0.0,"damage_taken":18.0,"relics_obtained":["Akabeko"]},{"cards_removed":["ReplayTheSpireMod:Doomed"],"damage_healed":0.0,"max_hp_gain":0.0,"max_hp_loss":0.0,"gold_gain":0.0,"event_name":"Fountain of Cleansing","player_choice":"Removed Curses","floor":11.0,"gold_loss":0.0,"damage_taken":0.0},{"damage_healed":0.0,"max_hp_gain":0.0,"max_hp_loss":0.0,"gold_gain":0.0,"event_name":"Cursed Tome","player_choice":"Obtained Book","floor":19.0,"gold_loss":0.0,"damage_taken":16.0},{"damage_healed":0.0,"max_hp_gain":0.0,"max_hp_loss":0.0,"gold_gain":0.0,"event_name":"Colosseum","player_choice":"Fight","floor":30.0,"gold_loss":0.0,"damage_taken":0.0},{"damage_healed":0.0,"max_hp_gain":0.0,"max_hp_loss":0.0,"gold_gain":0.0,"event_name":"Colosseum","player_choice":"Fled From Nobs","floor":30.0,"gold_loss":0.0,"damage_taken":0.0},{"cards_removed":["Strike_G"],"damage_healed":0.0,"max_hp_gain":0.0,"max_hp_loss":0.0,"gold_gain":0.0,"event_name":"Bonfire Elementals","player_choice":"Offered Basic","floor":37.0,"gold_loss":0.0,"damage_taken":0.0},{"damage_healed":19.0,"max_hp_gain":0.0,"max_hp_loss":0.0,"gold_gain":0.0,"event_name":"Winding Halls","player_choice":"Writhe","floor":40.0,"gold_loss":0.0,"damage_taken":0.0,"cards_obtained":["Writhe"]}],"is_beta":false,"boss_relics":[{"not_picked":["Snecko Scales","Pandora\u0027s Box"],"picked":"Tiny House"},{"not_picked":["Runic Dome","Astrolabe"],"picked":"Replay:Wanted Poster"}],"items_purged_floors":[45,53],"is_endless":false,"potions_floor_spawned":[3,7,10,14,21,22,24,30,35,41,46,47],"killed_by":"The Heart","ascension_level":0}}