{"host":"gmhvrhqrqxog9im1","time":1608577505,"event":{"mods":["2.2 Compatiblity","AchievementEnabler","BaseMod","Better Third Choice","BetterRewards","Colored Map","Conspire","Infinite Spire","Minty Spire (QoL Compilation)","Replay The Spire","Say the Spire","Shop Mod","StSLib","The Jungle"],"gold_per_floor":[118,121,121,121,136,177,177,177,203,203,233,245,278,305,317,457,469,496,524,592,42,42,77,77,111,163,163,184,204,204,243,243,243,243],"floor_reached":33,"playtime":871,"items_purged":["ReplayTheSpireMod:Restless Dread"],"score":463,"play_id":"d9dbc8a0-ac71-43a9-b98b-f1589bbd7667","local_time":"20201221210505","is_ascension_mode":true,"campfire_choices":[{"data":"Rage","floor":10.0,"key":"SMITH"},{"data":"Bash","floor":12.0,"key":"SMITH"},{"data":"Rampage","floor":15.0,"key":"SMITH"},{"floor":24.0,"key":"REST"},{"floor":27.0,"key":"REST"},{"floor":32,"key":"REST"}],"circlet_count":0,"master_deck":["Strike_R","Strike_R","Strike_R","Strike_R","Strike_R","Defend_R","Defend_R","Defend_R","Defend_R","Bash+1","Rage+1","Self Repair+1","Rampage+1","Offering+1","Thunderclap","Warcry","Limit Break","Cleave+1","Replay:Undeath\u0027s Touch","Inflame","Flex","Sword Boomerang+1","Headbutt","Life Link+1","Flex+1","theJungle:PetSnecko+1","Defragment"],"relics":["NeowsBlessing","ReplayTheSpireMod:CursedCoin","Juzu Bracelet","Golden Idol","Iron Core","Red Skull","Paper Frog","Happy Flower","MawBank","Electric Blood","infinitespire:WardingShard","Oddly Smooth Stone","infinitespire:Joker Card","Toxic Egg 2","infinitespire:FocusingShard","infinitespire:Beetle Shell","Strawberry"],"acts_visited":["Exordium","Exordium"],"potions_floor_usage":[31,31],"damage_taken":[{"damage":0.0,"enemies":"Cultist","floor":1.0,"turns":1.0},{"damage":3.0,"enemies":"conspire:RoseBush","floor":5.0,"turns":1.0},{"damage":0.0,"enemies":"Lagavulin","floor":6.0,"turns":1.0},{"damage":8.0,"enemies":"Jaw Worm","floor":13.0,"turns":3.0},{"damage":6.0,"enemies":"Large Slime","floor":14.0,"turns":3.0},{"damage":49.0,"enemies":"Fading Forest","floor":16.0,"turns":11.0},{"damage":31.0,"enemies":"theJungle:MUSHROOMGANG","floor":18.0,"turns":4.0},{"damage":17.0,"enemies":"theJungle:Flameango_and_Byrd","floor":19.0,"turns":3.0},{"damage":4.0,"enemies":"theJungle:2_Phrogs","floor":23.0,"turns":4.0},{"damage":33.0,"enemies":"conspire:MimicChest","floor":25.0,"turns":4.0},{"damage":24.0,"enemies":"theJungle:2_Snecko_Cultists","floor":28.0,"turns":3.0},{"damage":22.0,"enemies":"theJungle:JungleHuntersEncounter","floor":29.0,"turns":4.0},{"damage":5,"enemies":"theJungle:Cassacara","floor":31,"turns":2},{"damage":60,"enemies":"theJungle:TotemBoss","floor":33,"turns":2}],"seed_played":"-5287980680863129230","potions_obtained":[{"floor":6.0,"key":"Energy Potion"},{"floor":14.0,"key":"Elixir"},{"floor":16.0,"key":"Venom Potion"},{"floor":22.0,"key":"ElixirPotion"},{"floor":22.0,"key":"Cursed Concoction"},{"floor":22.0,"key":"ColorlessPotion"},{"floor":25.0,"key":"SkillPotion"},{"floor":29.0,"key":"FearPotion"}],"is_trial":false,"path_per_floor":["M","$","?","?","M","E","T","?","T","R","?","R","M","M","R","B",null,"M","M","?","$","?","E","R","?","T","R","M","M","?","E","R","B"],"character_chosen":"IRONCLAD","items_purchased":["ReplayTheSpireMod:CursedCoin","Juzu Bracelet","Oddly Smooth Stone","Flex","infinitespire:Joker Card"],"campfire_rested":3,"item_purchase_floors":[2,2,21,21,21],"current_hp_per_floor":[78,78,58,58,65,65,65,65,65,65,65,65,67,71,71,40,70,49,42,10,10,10,16,40,17,17,41,27,15,15,27,53,0,0],"gold":243,"neow_bonus":"THREE_ENEMY_KILL","is_daily":false,"chose_seed":false,"campfire_upgraded":3,"win_rate":0.0,"timestamp":1608577505,"path_taken":["M","?","?","?","M","E","?","?","T","R","?","R","M","M","R","BOSS","M","M","?","$","?","E","R","?","T","R","M","M","?","E","R","BOSS"],"items_purchased_type":["Relic","Relic","Relic","Card","Relic"],"build_version":"2020-12-13","purchased_purges":1,"victory":false,"max_hp_per_floor":[80,80,80,80,80,80,80,80,80,80,80,80,80,80,80,80,80,80,80,80,80,80,80,80,80,80,80,80,80,80,87,87,87,87],"card_choices":[{"not_picked":["ReplayTheSpireMod:Stacked","Bloodletting"],"picked":"Rage","floor":1.0},{"not_picked":["ReplayTheSpireMod:Strike From Hell","Twin Strike"],"picked":"Rampage","floor":5.0},{"not_picked":["Clash","Beam Cell"],"picked":"Offering","floor":6.0},{"not_picked":["Sever Soul","Hologram"],"picked":"Thunderclap","floor":13.0},{"not_picked":["Massacre","Bloodletting"],"picked":"Warcry","floor":14.0},{"not_picked":["conspire:Purge","Fiend Fire"],"picked":"Limit Break","floor":16.0},{"not_picked":["Twin Strike","Rampage"],"picked":"Cleave+1","floor":18.0},{"not_picked":["Thunderclap","Havoc","ReplayTheSpireMod:Stacked+1"],"picked":"SKIP","floor":19.0},{"not_picked":["Iron Wave","Cleave"],"picked":"Replay:Undeath\u0027s Touch","floor":20.0},{"not_picked":["Power Through+1","ReplayTheSpireMod:Limb From Limb"],"picked":"Inflame","floor":20.0},{"not_picked":["Twin Strike","Hemogenesis"],"picked":"Sword Boomerang+1","floor":23.0},{"not_picked":["Anger","Twin Strike"],"picked":"Headbutt","floor":25.0},{"not_picked":["Twin Strike","Perfected Strike"],"picked":"Life Link+1","floor":28.0},{"not_picked":["Rebound","Cleave"],"picked":"Flex+1","floor":29.0},{"not_picked":["Hemokinesis","Abandon+1"],"picked":"Defragment","floor":31}],"player_experience":597715,"relics_obtained":[{"floor":6.0,"key":"Red Skull"},{"floor":7.0,"key":"Paper Frog"},{"floor":9.0,"key":"Happy Flower"},{"floor":20.0,"key":"infinitespire:WardingShard"},{"floor":23.0,"key":"Toxic Egg 2"},{"floor":25.0,"key":"infinitespire:FocusingShard"},{"floor":26.0,"key":"infinitespire:Beetle Shell"},{"floor":31,"key":"Strawberry"}],"event_choices":[{"damage_healed":0.0,"max_hp_gain":0.0,"max_hp_loss":0.0,"gold_gain":0.0,"event_name":"Golden Idol","player_choice":"Take Damage","floor":3.0,"gold_loss":0.0,"damage_taken":20.0,"relics_obtained":["Golden Idol"]},{"damage_healed":0.0,"max_hp_gain":0.0,"max_hp_loss":0.0,"gold_gain":30.0,"event_name":"Dead Adventurer","player_choice":"Searched \u00272\u0027 times","floor":11.0,"gold_loss":0.0,"damage_taken":0.0,"relics_obtained":["MawBank"]},{"damage_healed":0.0,"max_hp_gain":0.0,"max_hp_loss":0.0,"gold_gain":0.0,"event_name":"Lab","player_choice":"Got Potions","floor":22.0,"gold_loss":0.0,"damage_taken":0.0}],"is_beta":false,"boss_relics":[{"not_picked":["Replay:Fungal Core","Ooze Armor"],"picked":"Electric Blood"}],"items_purged_floors":[21],"is_endless":false,"potions_floor_spawned":[6,14,16,25,29],"killed_by":"theJungle:TotemBoss","ascension_level":6}}