{"host":"sa7ebub27cgn5wai","time":1608532704,"event":{"mods":["BaseMod","Colored Map","Minty Spire (QoL Compilation)","SuperFastMode"],"gold_per_floor":[114,125,145,156,41,41,55,55,55,80,80,95,112,37,37,133,133,147,165,181,197,197,197,208,208,263,263,263,263,283,299,299,299,299],"floor_reached":33,"playtime":1821,"items_purged":["Strike_P"],"score":253,"play_id":"f48dcdc1-d214-489f-9271-df45b6f4b475","local_time":"20201221153824","is_ascension_mode":false,"campfire_choices":[{"data":"Vigilance","floor":6,"key":"SMITH"},{"data":"CarveReality","floor":8,"key":"SMITH"},{"data":"FollowUp","floor":11,"key":"SMITH"},{"data":"Evaluate","floor":15,"key":"SMITH"},{"floor":23,"key":"REST"},{"floor":25,"key":"REST"},{"floor":27,"key":"REST"},{"floor":32,"key":"REST"}],"circlet_count":0,"master_deck":["Strike_P","Strike_P","Strike_P","Defend_P","Defend_P","Defend_P","Defend_P","Eruption","Vigilance+1","FollowUp+1","Evaluate+1","JustLucky","Study","LikeWater","InnerPeace","CarveReality+1","JustLucky","CutThroughFate","Judgement","Evaluate+1","EmptyFist","EmptyFist","Prostrate"],"relics":["PureWater","NeowsBlessing","Tiny Chest","Lantern","VioletLotus","Happy Flower","Omamori","NlothsMask"],"acts_visited":["Exordium","TheCity"],"potions_floor_usage":[24,30,33,33,33,33,33],"damage_taken":[{"damage":0,"enemies":"Cultist","floor":1,"turns":1},{"damage":0,"enemies":"Small Slimes","floor":2,"turns":1},{"damage":0,"enemies":"Jaw Worm","floor":3,"turns":1},{"damage":5,"enemies":"Looter","floor":4,"turns":3},{"damage":0,"enemies":"Large Slime","floor":7,"turns":4},{"damage":11,"enemies":"3 Sentries","floor":10,"turns":9},{"damage":0,"enemies":"2 Fungi Beasts","floor":12,"turns":2},{"damage":2,"enemies":"Red Slaver","floor":13,"turns":5},{"damage":22,"enemies":"The Guardian","floor":16,"turns":15},{"damage":2,"enemies":"3 Byrds","floor":18,"turns":5},{"damage":8,"enemies":"Shell Parasite","floor":19,"turns":5},{"damage":4,"enemies":"Shelled Parasite and Fungi","floor":20,"turns":8},{"damage":25,"enemies":"Snake Plant","floor":21,"turns":6},{"damage":53,"enemies":"3 Cultists","floor":24,"turns":9},{"damage":10,"enemies":"Shelled Parasite and Fungi","floor":30,"turns":5},{"damage":11,"enemies":"Centurion and Healer","floor":31,"turns":5},{"damage":85,"enemies":"Champ","floor":33,"turns":15}],"seed_played":"6194670675934291789","potions_obtained":[{"floor":1,"key":"Dexterity Potion"},{"floor":2,"key":"FearPotion"},{"floor":10,"key":"FairyPotion"},{"floor":12,"key":"EntropicBrew"},{"floor":24,"key":"DistilledChaos"},{"floor":30,"key":"BlessingOfTheForge"}],"is_trial":false,"path_per_floor":["M","M","M","M","$","R","M","R","T","E","R","M","M","$","R","B",null,"M","M","M","M","T","R","M","R","T","R","?","T","M","M","R","B"],"character_chosen":"WATCHER","items_purchased":["LikeWater","InnerPeace"],"campfire_rested":4,"item_purchase_floors":[5,5],"current_hp_per_floor":[72,72,72,67,67,67,67,67,67,56,56,56,54,54,54,32,72,70,62,58,33,33,54,1,22,22,43,43,43,33,22,43,0,0],"gold":299,"neow_bonus":"THREE_ENEMY_KILL","is_daily":false,"chose_seed":false,"campfire_upgraded":4,"win_rate":0.0,"timestamp":1608532704,"path_taken":["M","M","M","M","$","R","M","R","T","E","R","M","M","?","R","BOSS","M","M","M","M","?","R","M","R","T","R","?","?","M","M","R","BOSS"],"items_purchased_type":["Card","Card"],"build_version":"2020-12-13","purchased_purges":1,"victory":false,"max_hp_per_floor":[72,72,72,72,72,72,72,72,72,72,72,72,72,72,72,72,72,72,72,72,72,72,72,72,72,72,72,72,72,72,72,72,72,72],"card_choices":[{"not_picked":["CutThroughFate","Nirvana"],"picked":"FollowUp","floor":1},{"not_picked":["ThirdEye","EmptyMind"],"picked":"Evaluate","floor":2},{"not_picked":["Vengeance","Perseverance"],"picked":"JustLucky","floor":3},{"not_picked":["FlyingSleeves","PathToVictory"],"picked":"Study","floor":4},{"not_picked":["EmptyBody","Meditate"],"picked":"CarveReality","floor":7},{"not_picked":["Collect","Meditate"],"picked":"JustLucky","floor":10},{"not_picked":["FlurryOfBlows","SashWhip"],"picked":"CutThroughFate","floor":12},{"not_picked":["JustLucky","ThirdEye","SashWhip"],"picked":"SKIP","floor":13},{"not_picked":["Brilliance","Ragnarok"],"picked":"Judgement","floor":16},{"not_picked":["ThirdEye","Halt+1","Consecrate"],"picked":"SKIP","floor":18},{"not_picked":["PathToVictory+1","ThirdEye+1"],"picked":"Evaluate+1","floor":19},{"not_picked":["WindmillStrike+1","CrushJoints"],"picked":"EmptyFist","floor":20},{"not_picked":["ThirdEye+1","JustLucky+1"],"picked":"EmptyFist","floor":21},{"not_picked":["Sanctity","Halt+1","ConjureBlade"],"picked":"SKIP","floor":24},{"not_picked":["ClearTheMind","FlurryOfBlows+1","CrushJoints"],"picked":"SKIP","floor":30},{"not_picked":["BattleHymn","Evaluate"],"picked":"Prostrate","floor":31}],"player_experience":238916,"relics_obtained":[{"floor":9,"key":"Tiny Chest"},{"floor":10,"key":"Lantern"},{"floor":22,"key":"Happy Flower"},{"floor":26,"key":"Omamori"}],"event_choices":[{"damage_healed":0,"gold_gain":0,"player_choice":"Trade","damage_taken":0,"relics_obtained":["NlothsMask"],"max_hp_gain":0,"max_hp_loss":0,"event_name":"FaceTrader","floor":28,"gold_loss":0}],"is_beta":false,"boss_relics":[{"not_picked":["SlaversCollar","Ectoplasm"],"picked":"VioletLotus"}],"items_purged_floors":[14],"is_endless":false,"potions_floor_spawned":[1,2,10,12,16,20,24,30],"killed_by":"Champ","ascension_level":0}}