{"host":"121m0oxswv9tg9hk","time":1608580406,"event":{"mods":["AchievementEnabler","BaseMod","Better Third Choice","Downfall","Hermit","Hubris","Infinite Spire","MarisaÅiñ∂âJÅ@ñÇóùçπÅj","Minty Spire (QoL Compilation)","Replay The Spire","Shade Mod","StSLib","The Construct","The Cursed","The Gatherer","The Hierophant","The Mystic"],"gold_per_floor":[112,112,9,22,35,68,68,79,79,110,110,21,21,43,43,143,143,160,100,25,25,40,69,69,84,84,84,115,115,115,115,115],"floor_reached":31,"playtime":1474,"items_purged":[],"score":377,"play_id":"31a6679b-6c32-4a32-b892-6bed4fe7c26e","local_time":"20201221205326","is_ascension_mode":true,"campfire_choices":[{"data":"Shade:CallWraith","floor":7,"key":"SMITH"},{"data":"Shade:Bite_Shade","floor":11,"key":"SMITH"},{"data":"Shade:Brains","floor":15,"key":"SMITH"},{"floor":24,"key":"REST"},{"floor":27,"key":"REST"},{"floor":29,"key":"REST"}],"circlet_count":0,"master_deck":["Shade:Strike_Shade","Shade:Strike_Shade","Shade:Strike_Shade","Shade:Strike_Shade","Shade:Defend_Shade","Shade:Defend_Shade","Shade:Defend_Shade","Shade:AnimateDead","Shade:CarefulCut","Shade:FingerOfDeath","Shade:SpectralStrikes","Shade:FingerOfDeath","Shade:FeralStrike","Shade:CallWraith+1","Shade:Brains+1","Shade:Bite_Shade+1","Shade:CommandSoldier","Trip","Shade:SkeletonHug","Shade:LoseControl","Shade:GreyBargain+1","Shade:Brains","Shade:OminousRitual","Decay"],"relics":["Shade:YorickSkull","NeowsBlessing","hubris:TinFlute","Pantograph","hubris:Towel","Odd Mushroom","hubris:RunicObelisk","betterThird:NestCultRelic","ReplayFunnel","Bag of Preparation","Gremlin Food"],"acts_visited":["Exordium","TheCity"],"potions_floor_usage":[6,10,10,16,23,28,28,28,28],"damage_taken":[{"damage":0,"enemies":"Small Slimes","floor":1,"turns":1},{"damage":0,"enemies":"Cultist","floor":4,"turns":1},{"damage":0,"enemies":"infinitespire:Voidling","floor":5,"turns":1},{"damage":7,"enemies":"3 Sentries","floor":6,"turns":6},{"damage":6,"enemies":"Blue Slaver","floor":8,"turns":4},{"damage":10,"enemies":"Replay:BlueRogue","floor":10,"turns":5},{"damage":5,"enemies":"The Mushroom Lair","floor":14,"turns":2},{"damage":15,"enemies":"The Guardian","floor":16,"turns":9},{"damage":14,"enemies":"3 Byrds","floor":18,"turns":4},{"damage":8,"enemies":"Chosen","floor":22,"turns":4},{"damage":22,"enemies":"Replay:Snechameleon","floor":23,"turns":5},{"damage":13,"enemies":"Centurion and Healer","floor":25,"turns":5},{"damage":41,"enemies":"Gremlin Leader","floor":28,"turns":8},{"damage":36,"enemies":"Book of Stabbing","floor":31,"turns":5}],"seed_played":"1475246922477912039","potions_obtained":[{"floor":4,"key":"Weak Potion"},{"floor":5,"key":"Fire Potion"},{"floor":6,"key":"infinitespire:BlackPotion"},{"floor":8,"key":"LifebloodPotion"},{"floor":14,"key":"Fire Potion"},{"floor":16,"key":"EntropicBrew"},{"floor":18,"key":"SkillPotion"},{"floor":25,"key":"Fire Potion"}],"is_trial":false,"path_per_floor":["M","?","$","M","M","E","R","M","T","E","R","$","?","?","R","B",null,"M","?","?","?","M","E","R","M","T","R","E","R","?","E"],"character_chosen":"SHADE","items_purchased":["Shade:SpectralStrikes","Shade:FingerOfDeath","Trip"],"campfire_rested":3,"item_purchase_floors":[3,3,12],"current_hp_per_floor":[59,65,65,65,65,58,58,52,52,44,44,44,44,42,42,56,63,49,49,49,49,44,25,44,31,31,50,12,31,31,0,0],"gold":115,"neow_bonus":"THREE_ENEMY_KILL","is_daily":false,"chose_seed":false,"campfire_upgraded":3,"win_rate":0.0,"timestamp":1608580406,"path_taken":["M","?","?","?","M","E","R","M","T","E","R","$","?","?","R","BOSS","M","?","?","?","M","E","R","M","T","R","E","R","?","E"],"items_purchased_type":["Card","Card","Card"],"build_version":"2020-12-13","purchased_purges":0,"victory":false,"max_hp_per_floor":[65,65,65,65,65,65,65,65,65,65,65,65,65,65,65,65,65,65,65,65,65,65,65,65,65,65,65,65,65,65,65,65],"card_choices":[{"not_picked":["Shade:PotionOfRestlessness","Shade:Asphyxiate"],"picked":"Shade:FingerOfDeath","floor":1},{"not_picked":["Shade:Bonestorm","Shade:FreshBones"],"picked":"Shade:FeralStrike","floor":4},{"not_picked":["Shade:UnbarTheGrave","Shade:WallOfFlesh"],"picked":"Shade:CallWraith","floor":5},{"not_picked":["Shade:LastGasp","Shade:CommandSoldier"],"picked":"Shade:Brains","floor":6},{"not_picked":["Shade:AncientSpear","Shade:GreyBargain"],"picked":"Shade:Bite_Shade","floor":8},{"not_picked":["Shade:FreshBones","Shade:WallOfFlesh"],"picked":"Shade:CommandSoldier","floor":10},{"not_picked":["Shade:Haruspicy","Shade:AncientSpear"],"picked":"Shade:SkeletonHug","floor":14},{"not_picked":["Shade:Consume","Shade:Tombstone"],"picked":"Shade:LoseControl","floor":16},{"not_picked":["Shade:SoulToxin","Shade:AncientSpear+1","Shade:FreshBones"],"picked":"SKIP","floor":18},{"not_picked":["Shade:FleshToFlesh+1","Shade:CoffinDance"],"picked":"Shade:GreyBargain","floor":22},{"not_picked":["Shade:CallOfTheGrave","Shade:CommandSoldier"],"picked":"Shade:Brains","floor":23},{"not_picked":["Shade:PotionOfRestlessness","Shade:FleshToFlesh"],"picked":"Shade:OminousRitual","floor":25},{"not_picked":["Shade:RitualOffering","Shade:SpectralStrikes","Shade:GoDigging"],"picked":"SKIP","floor":28}],"player_experience":2891064,"relics_obtained":[{"floor":6,"key":"hubris:TinFlute"},{"floor":10,"key":"Pantograph"},{"floor":14,"key":"Odd Mushroom"},{"floor":23,"key":"ReplayFunnel"},{"floor":26,"key":"Bag of Preparation"},{"floor":28,"key":"Gremlin Food"}],"event_choices":[{"damage_healed":6,"gold_gain":0,"player_choice":"Full Heal","damage_taken":0,"max_hp_gain":0,"max_hp_loss":0,"event_name":"Wheel of Change","floor":2,"gold_loss":0},{"damage_healed":0,"gold_gain":0,"player_choice":"Fought Mushrooms","damage_taken":0,"max_hp_gain":0,"max_hp_loss":0,"event_name":"Mushrooms","floor":14,"gold_loss":0},{"cards_removed":["Shade:Defend_Shade"],"damage_healed":0,"gold_gain":0,"player_choice":"Gave Gold","damage_taken":0,"max_hp_gain":0,"max_hp_loss":0,"event_name":"Beggar","floor":20,"gold_loss":75},{"damage_healed":0,"gold_gain":0,"player_choice":"Madness","damage_taken":0,"relics_obtained":["betterThird:NestCultRelic"],"max_hp_gain":0,"max_hp_loss":0,"event_name":"betterThird:BetterNest","floor":21,"gold_loss":0},{"damage_healed":0,"gold_gain":0,"player_choice":"Smashed Altar","damage_taken":0,"max_hp_gain":0,"max_hp_loss":0,"event_name":"Forgotten Altar","floor":30,"gold_loss":0,"cards_obtained":["Decay"]}],"is_beta":false,"boss_relics":[{"not_picked":["Abe\u0027s Treasure","Sozu"],"picked":"hubris:RunicObelisk"}],"items_purged_floors":[],"is_endless":false,"potions_floor_spawned":[4,5,6,8,14,16,18,25],"killed_by":"Book of Stabbing","ascension_level":7}}