{"host":"cbnfbo28eyz4xcn1","time":1608593440,"event":{"mods":["BaseMod","Colored Map","Colored Powertips","Infinite Spire","Minty Spire (QoL Compilation)","Replay The Spire","StSLib"],"gold_per_floor":[114,129,139,46,46,74,74,93,93,122,122,139,36,57,57,153,153,172,172,12,24,225,225,63,63,87,87,98,131,46,66,66,208,208,239,261,261],"floor_reached":36,"playtime":1236,"items_purged":[],"score":954,"play_id":"8ec5cc38-8825-41d0-b7d2-3a923adad1ed","local_time":"20201222003040","is_ascension_mode":true,"campfire_choices":[{"floor":7,"key":"REST"},{"data":"Whirlwind","floor":11,"key":"SMITH"},{"floor":15,"key":"REST"},{"data":"Demon Form","floor":23,"key":"SMITH"},{"data":"Mayhem","floor":25,"key":"SMITH"},{"data":"Armaments","floor":27,"key":"SMITH"},{"floor":32,"key":"REST"}],"circlet_count":0,"master_deck":["AscendersBane","Strike_R","Strike_R","Strike_R","Strike_R","Strike_R","Defend_R","Defend_R","Defend_R","Defend_R","Bash","Spot Weakness","Whirlwind+1","Pommel Strike","Dramatic Entrance","Whirlwind","Demon Form+1","Flame Barrier","Metallicize","Flex","Wild Strike","Flex","Double Tap","Fire Breathing","Swift Strike","ReplayTheSpireMod:Stacked","Flex+1","Armaments+1","Mayhem+1","True Grit","Replay:Fractal Strike","Shrug It Off","Wild Strike","Barricade","Flex+1"],"relics":["Burning Blood","Bottled Flame","Another Sword","Blue Candle","Toy Ornithopter","Odd Mushroom","Philosopher\u0027s Stone","Omamori","infinitespire:ShieldingShard","infinitespire:Midas Blood","Fusion Hammer","infinitespire:EvilPickle"],"acts_visited":["Exordium","TheCity","TheBeyond"],"potions_floor_usage":[6,10,10,28,29,33,33],"damage_taken":[{"damage":11,"enemies":"Cultist","floor":1,"turns":4},{"damage":9,"enemies":"2 Louse","floor":2,"turns":3},{"damage":16,"enemies":"Small Slimes","floor":3,"turns":3},{"damage":53,"enemies":"Lagavulin","floor":6,"turns":7},{"damage":0,"enemies":"Gremlin Gang","floor":8,"turns":2},{"damage":0,"enemies":"3 Sentries","floor":10,"turns":2},{"damage":11,"enemies":"Looter","floor":12,"turns":2},{"damage":0,"enemies":"The Mushroom Lair","floor":14,"turns":1},{"damage":53,"enemies":"Slime Boss","floor":16,"turns":6},{"damage":7,"enemies":"Spheric Guardian","floor":18,"turns":3},{"damage":29,"enemies":"Shell Parasite","floor":21,"turns":4},{"damage":0,"enemies":"3 Cultists","floor":28,"turns":3},{"damage":23,"enemies":"Nightmare","floor":29,"turns":7},{"damage":11,"enemies":"Cultist and Chosen","floor":31,"turns":4},{"damage":74,"enemies":"Pondfish","floor":33,"turns":8},{"damage":0,"enemies":"3 Darklings","floor":35,"turns":1},{"damage":8,"enemies":"infinitespire:Three Voidlings","floor":36,"turns":3},{"damage":90,"enemies":"Nightmare_Alpha","floor":36,"turns":4}],"seed_played":"-8728953868563144977","potions_obtained":[{"floor":2,"key":"Weak Potion"},{"floor":6,"key":"SkillPotion"},{"floor":8,"key":"AttackPotion"},{"floor":16,"key":"GamblersBrew"},{"floor":18,"key":"Toxic Potion"},{"floor":21,"key":"Block Potion"},{"floor":28,"key":"AttackPotion"},{"floor":31,"key":"SpeedPotion"}],"is_trial":false,"path_per_floor":["M","M","M","$","T","E","R","M","T","E","R","M","$","?","R","B",null,"M","?","$","M","?","R","$","R","T","R","M","NM","?","M","R","B",null,"M","?"],"character_chosen":"IRONCLAD","items_purchased":["Dramatic Entrance","Flex","Wild Strike","Swift Strike","ReplayTheSpireMod:Stacked","Mayhem"],"campfire_rested":3,"item_purchase_floors":[4,13,13,20,20,24],"current_hp_per_floor":[75,72,62,62,62,15,41,47,47,53,53,48,48,54,80,33,74,73,73,73,50,50,50,50,50,50,50,61,49,49,44,70,12,69,75,0,0],"gold":261,"neow_bonus":"TEN_PERCENT_HP_BONUS","is_daily":false,"chose_seed":false,"campfire_upgraded":4,"win_rate":0.0,"timestamp":1608593440,"path_taken":["M","M","M","?","?","E","R","M","T","E","R","M","$","?","R","BOSS","M","?","$","?","?","R","$","R","T","R","?","NM","?","M","R","BOSS","M","?"],"items_purchased_type":["Card","Card","Card","Card","Card","Card"],"build_version":"2020-12-13","purchased_purges":0,"victory":false,"max_hp_per_floor":[88,88,88,88,88,88,88,88,88,88,88,88,88,88,88,88,88,88,88,88,88,88,88,88,88,88,88,88,88,88,88,88,88,88,88,88,88],"card_choices":[{"not_picked":["True Grit","Life Link"],"picked":"Spot Weakness","floor":1},{"not_picked":["Replay:Undeath\u0027s Touch","Iron Wave"],"picked":"Whirlwind","floor":2},{"not_picked":["Reckless Charge","Bloodletting"],"picked":"Pommel Strike","floor":3},{"not_picked":["Armaments","Bloodletting"],"picked":"Whirlwind","floor":6},{"not_picked":["Anger","Replay:Undeath\u0027s Touch"],"picked":"Demon Form","floor":8},{"not_picked":["Dropkick","Intimidate"],"picked":"Flame Barrier","floor":10},{"not_picked":["Thunderclap","Clash"],"picked":"Metallicize","floor":12},{"not_picked":["Rage","Anger"],"picked":"Flex","floor":14},{"not_picked":["Demonic Infusion","Exhume"],"picked":"Double Tap","floor":16},{"not_picked":["Warcry","Abandon"],"picked":"Fire Breathing","floor":18},{"not_picked":["Run Through","Pommel Strike"],"picked":"Flex+1","floor":21},{"not_picked":["Brutality","infinitespire:OneForAll"],"picked":"Armaments","floor":22},{"not_picked":["Headbutt","Twin Strike"],"picked":"True Grit","floor":28},{"not_picked":["ReplayTheSpireMod:Echoes of Time","infinitespire:SealOfDarkness+"],"picked":"Replay:Fractal Strike","floor":29},{"not_picked":["Second Wind","Warcry"],"picked":"Shrug It Off","floor":29},{"not_picked":["True Grit","Reckless Charge"],"picked":"Wild Strike","floor":31},{"not_picked":["Replay:Many Hands","Exhume"],"picked":"Barricade","floor":33},{"not_picked":["Intimidate","Ghostly Armor"],"picked":"Flex+1","floor":35}],"player_experience":449977,"relics_obtained":[{"floor":5,"key":"Bottled Flame"},{"floor":6,"key":"Another Sword"},{"floor":9,"key":"Blue Candle"},{"floor":10,"key":"Toy Ornithopter"},{"floor":14,"key":"Odd Mushroom"},{"floor":26,"key":"Omamori"},{"floor":29,"key":"infinitespire:ShieldingShard"}],"event_choices":[{"damage_healed":0,"gold_gain":0,"player_choice":"Fought Mushrooms","damage_taken":0,"max_hp_gain":0,"max_hp_loss":0,"event_name":"Mushrooms","floor":14,"gold_loss":0},{"damage_healed":0,"gold_gain":0,"player_choice":"Ignored","damage_taken":0,"max_hp_gain":0,"max_hp_loss":0,"event_name":"N\u0027loth","floor":19,"gold_loss":0},{"damage_healed":0,"gold_gain":0,"player_choice":"Obtained Relic","damage_taken":0,"relics_obtained":["infinitespire:Midas Blood"],"max_hp_gain":0,"max_hp_loss":0,"event_name":"Addict","floor":30,"gold_loss":85}],"is_beta":false,"boss_relics":[{"not_picked":["Replay:Wanted Poster","ReplayTheSpireMod:DimensionalGlitch"],"picked":"Philosopher\u0027s Stone"},{"not_picked":["Runic Dome","Tiny House"],"picked":"Fusion Hammer"}],"items_purged_floors":[],"is_endless":true,"potions_floor_spawned":[2,6,8,16,18,21,28,31],"killed_by":"Nightmare_Alpha","ascension_level":12}}