{"host":"dpbezu80jg8zk7un","time":1608567576,"event":{"mods":["BaseMod","Colored Map","Colored Powertips","Custom Start","DeckTracker","Minty Spire (QoL Compilation)","Quick Restart","StSLib","SuperFastMode"],"gold_per_floor":[212,212,137,151,151,151,178,178,227,227,227,245,245,72,72,151,151,169,180,105,105,5,32,51,84,111,111,111,139,201,227,239,329,341,368,255,267,33,57,84,84,115,163,182,210,210,245,261,261,261,261,261,261,86,121,121],"floor_reached":57,"playtime":1444,"items_purged":["Defend_P","Strike_P","Defend_P","Strike_P","Strike_P+1"],"score":3694,"play_id":"7b165cc7-12de-4a32-bf18-11f8db356f69","local_time":"20201222011936","is_ascension_mode":true,"campfire_choices":[{"floor":6.0,"key":"REST"},{"data":"Adaptation","floor":8.0,"key":"SMITH"},{"data":"Tantrum","floor":11.0,"key":"SMITH"},{"floor":15.0,"key":"RECALL"},{"data":"Vigilance","floor":27.0,"key":"SMITH"},{"floor":32.0,"key":"REST"},{"data":"InnerPeace","floor":41,"key":"SMITH"},{"data":"Defend_P","floor":46,"key":"SMITH"}],"circlet_count":0,"master_deck":["AscendersBane","Defend_P+1","Eruption+1","Vigilance+1","Tantrum+1","Adaptation+1","MentalFortress+1","Adaptation+1","InnerPeace+1"],"relics":["PureWater","Vajra","Frozen Egg 2","Toy Ornithopter","Bag of Preparation","Black Star","Shuriken","Turnip","Tiny Chest","Strawberry","CaptainsWheel","MawBank","Coffee Dripper","CeramicFish","MealTicket","Toxic Egg 2","Du-Vu Doll","HornCleat","Juzu Bracelet","PreservedInsect","Gambling Chip","Blood Vial","Anchor","Ice Cream","Centennial Puzzle"],"acts_visited":["Exordium","TheCity","TheBeyond","TheEnding"],"potions_floor_usage":[56,56],"damage_taken":[{"damage":2.0,"enemies":"Jaw Worm","floor":1.0,"turns":3.0},{"damage":0.0,"enemies":"Small Slimes","floor":4.0,"turns":2.0},{"damage":9.0,"enemies":"Lagavulin","floor":7.0,"turns":6.0},{"damage":0.0,"enemies":"Cultist","floor":12.0,"turns":2.0},{"damage":14.0,"enemies":"Hexaghost","floor":16.0,"turns":6.0},{"damage":0.0,"enemies":"Spheric Guardian","floor":18.0,"turns":1.0},{"damage":0.0,"enemies":"Chosen","floor":19.0,"turns":2.0},{"damage":0.0,"enemies":"Gremlin Leader","floor":23.0,"turns":3.0},{"damage":0.0,"enemies":"3 Cultists","floor":24.0,"turns":3.0},{"damage":0.0,"enemies":"Book of Stabbing","floor":25.0,"turns":3.0},{"damage":25.0,"enemies":"Gremlin Leader","floor":29.0,"turns":5.0},{"damage":0.0,"enemies":"Snecko","floor":31.0,"turns":2.0},{"damage":0.0,"enemies":"Collector","floor":33.0,"turns":8.0},{"damage":0,"enemies":"Orb Walker","floor":35,"turns":2},{"damage":0,"enemies":"3 Darklings","floor":37,"turns":3},{"damage":0,"enemies":"Nemesis","floor":40,"turns":1},{"damage":0,"enemies":"Reptomancer","floor":42,"turns":1},{"damage":0,"enemies":"Jaw Worm Horde","floor":44,"turns":1},{"damage":0,"enemies":"Nemesis","floor":45,"turns":1},{"damage":0,"enemies":"Reptomancer","floor":47,"turns":1},{"damage":0,"enemies":"Transient","floor":48,"turns":1},{"damage":0,"enemies":"Donu and Deca","floor":50,"turns":1},{"damage":0,"enemies":"Awakened One","floor":51,"turns":2},{"damage":0,"enemies":"Shield and Spear","floor":55,"turns":1},{"damage":35,"enemies":"The Heart","floor":56,"turns":5}],"seed_played":"-8920508559985271098","potions_obtained":[{"floor":1.0,"key":"SkillPotion"},{"floor":4.0,"key":"Ambrosia"},{"floor":12.0,"key":"Ambrosia"},{"floor":25.0,"key":"AttackPotion"},{"floor":31.0,"key":"SpeedPotion"},{"floor":35,"key":"PowerPotion"},{"floor":42,"key":"PowerPotion"}],"is_trial":false,"path_per_floor":["M","?","$","M","?","R","E","R","T","?","R","M","?","$","R","B",null,"M","M","?","?","$","E","M","E","T","R","?","E","?","M","R","B",null,"M","$","M","$","T","E","R","E","T","M","E","R","E","M","R","B","B",null,"R","$","E","B",null],"character_chosen":"WATCHER","items_purchased":["Bag of Preparation","InnerPeace"],"campfire_rested":2,"item_purchase_floors":[14,38],"current_hp_per_floor":[59,33,33,33,13,33,24,24,24,24,24,24,29,29,29,15,59,59,59,59,59,59,64,64,76,76,76,76,55,55,55,79,79,80,80,80,80,80,80,80,80,80,80,80,80,80,80,80,80,80,80,80,80,80,80,45],"gold":121,"neow_bonus":"HUNDRED_GOLD","is_daily":false,"chose_seed":false,"campfire_upgraded":5,"win_rate":0.0,"timestamp":1608567576,"path_taken":["M","?","$","M","?","R","E","R","T","?","R","?","?","$","R","BOSS","M","M","?","?","$","E","M","E","T","R","?","E","?","?","R","BOSS","M","$","M","$","?","E","R","E","T","M","E","R","E","M","R","BOSS","BOSS","R","$","E","BOSS"],"items_purchased_type":["Relic","Card"],"build_version":"2020-12-13","purchased_purges":5,"victory":true,"max_hp_per_floor":[68,68,68,68,68,68,68,68,68,68,68,68,73,73,73,73,73,73,73,73,73,73,73,73,80,80,80,80,80,80,80,80,80,80,80,80,80,80,80,80,80,80,80,80,80,80,80,80,80,80,80,80,80,80,80,80],"card_choices":[{"not_picked":["ClearTheMind","WindmillStrike"],"picked":"Tantrum","floor":1.0},{"not_picked":["BowlingBash","EmptyMind"],"picked":"Adaptation","floor":4.0},{"not_picked":["Collect","Fasting2+1"],"picked":"MentalFortress+1","floor":7.0},{"not_picked":["FollowUp","Protect","FlyingSleeves"],"picked":"SKIP","floor":12.0},{"not_picked":["Prostrate","Vengeance"],"picked":"Adaptation+1","floor":18.0},{"not_picked":["Prostrate","ClearTheMind","SashWhip"],"picked":"SKIP","floor":19.0},{"not_picked":["Prostrate+1","Wireheading+1","Brilliance"],"picked":"SKIP","floor":23.0},{"not_picked":["FlyingSleeves+1","EmptyBody","ClearTheMind"],"picked":"SKIP","floor":24.0},{"not_picked":["Ragnarok","Perseverance","BowlingBash"],"picked":"SKIP","floor":25.0},{"not_picked":["SashWhip","ClearTheMind","Prostrate"],"picked":"SKIP","floor":29.0},{"not_picked":["Adaptation+1","Halt","Perseverance+1"],"picked":"SKIP","floor":31.0},{"not_picked":["JustLucky+1","CrushJoints","Consecrate"],"picked":"SKIP","floor":35},{"not_picked":["FollowUp+1","ThirdEye","LessonLearned"],"picked":"SKIP","floor":37},{"not_picked":["FlurryOfBlows","Sanctity+1","Evaluate+1"],"picked":"SKIP","floor":40},{"not_picked":["ThirdEye+1","SignatureMove+1","Indignation+1"],"picked":"SKIP","floor":42},{"not_picked":["FearNoEvil+1","Crescendo+1","WindmillStrike"],"picked":"SKIP","floor":44},{"not_picked":["EmptyBody+1","CutThroughFate","FlyingSleeves"],"picked":"SKIP","floor":45},{"not_picked":["Crescendo+1","Establishment+1","Fasting2+1"],"picked":"SKIP","floor":47},{"not_picked":["CrushJoints+1","SashWhip+1","FlyingSleeves"],"picked":"SKIP","floor":48},{"not_picked":["Consecrate","SignatureMove","Collect+1"],"picked":"SKIP","floor":55}],"player_experience":2769276,"relics_obtained":[{"floor":7.0,"key":"Frozen Egg 2"},{"floor":9.0,"key":"Toy Ornithopter"},{"floor":23.0,"key":"Shuriken"},{"floor":23.0,"key":"Turnip"},{"floor":25.0,"key":"Tiny Chest"},{"floor":25.0,"key":"Strawberry"},{"floor":29.0,"key":"CaptainsWheel"},{"floor":29.0,"key":"MawBank"},{"floor":39,"key":"CeramicFish"},{"floor":40,"key":"MealTicket"},{"floor":40,"key":"Toxic Egg 2"},{"floor":42,"key":"Du-Vu Doll"},{"floor":42,"key":"HornCleat"},{"floor":43,"key":"Juzu Bracelet"},{"floor":45,"key":"PreservedInsect"},{"floor":45,"key":"Gambling Chip"},{"floor":47,"key":"Blood Vial"},{"floor":47,"key":"Anchor"},{"floor":55,"key":"Ice Cream"},{"floor":55,"key":"Centennial Puzzle"}],"event_choices":[{"damage_healed":0.0,"max_hp_gain":0.0,"max_hp_loss":0.0,"gold_gain":0.0,"event_name":"Scrap Ooze","player_choice":"Success","floor":2.0,"gold_loss":0.0,"damage_taken":26.0,"relics_obtained":["Vajra"]},{"damage_healed":0.0,"max_hp_gain":0.0,"max_hp_loss":0.0,"gold_gain":0.0,"event_name":"Shining Light","player_choice":"Entered Light","floor":5.0,"gold_loss":0.0,"damage_taken":20.0,"cards_upgraded":["Eruption","Strike_P"]},{"damage_healed":0.0,"max_hp_gain":0.0,"max_hp_loss":0.0,"gold_gain":0.0,"event_name":"Match and Keep!","player_choice":"0 cards matched","floor":10.0,"gold_loss":0.0,"damage_taken":0.0,"cards_obtained":[]},{"damage_healed":0.0,"max_hp_gain":5.0,"max_hp_loss":0.0,"gold_gain":0.0,"event_name":"Big Fish","player_choice":"Donut","floor":13.0,"gold_loss":0.0,"damage_taken":0.0},{"cards_removed":["Strike_P"],"damage_healed":0.0,"max_hp_gain":0.0,"max_hp_loss":0.0,"gold_gain":0.0,"event_name":"Beggar","player_choice":"Gave Gold","floor":20.0,"gold_loss":75.0,"damage_taken":0.0},{"cards_removed":["Defend_P"],"damage_healed":0.0,"max_hp_gain":0.0,"max_hp_loss":0.0,"gold_gain":0.0,"event_name":"Back to Basics","player_choice":"Elegance","floor":21.0,"gold_loss":0.0,"damage_taken":0.0},{"damage_healed":0.0,"max_hp_gain":0.0,"max_hp_loss":0.0,"gold_gain":0.0,"event_name":"Cursed Tome","player_choice":"Ignored","floor":28.0,"gold_loss":0.0,"damage_taken":0.0},{"damage_healed":0.0,"max_hp_gain":0.0,"max_hp_loss":0.0,"gold_gain":50.0,"event_name":"Nest","player_choice":"Stole From Cult","floor":30.0,"gold_loss":0.0,"damage_taken":0.0}],"is_beta":false,"boss_relics":[{"not_picked":["Snecko Eye","SacredBark"],"picked":"Black Star"},{"not_picked":["Pandora\u0027s Box","Runic Pyramid"],"picked":"Coffee Dripper"}],"items_purged_floors":[3,22,36,38,54],"is_endless":false,"potions_floor_spawned":[1,4,12,18,19,25,31,35,42,45,48,55],"ascension_level":20}}