{"host":"i0avyit1s6jb1siw","time":1608589190,"event":{"mods":["BaseMod","DeckTracker","Dota2Spire","Highlight Path","Minty Spire (QoL Compilation)","Quick Restart","Replay The Spire","StSLib","SuperFastMode"],"gold_per_floor":[117,131,12,12,12,39,39,98,150,150,162,162,202,243,243,243,243],"floor_reached":16,"playtime":305,"items_purged":["Strike_G"],"score":270,"play_id":"acb6b1b2-6fe5-4f50-816d-455b6b98373e","local_time":"20201221231950","is_ascension_mode":true,"campfire_choices":[{"floor":12,"key":"REST"},{"floor":15,"key":"REST"}],"circlet_count":0,"master_deck":["AscendersBane","Strike_G","Strike_G","Strike_G","Defend_G","Defend_G","Defend_G","Defend_G","Defend_G","Survivor","Neutralize","Noxious Fumes","Blade Dance","Bane","Decay","Dagger Spray","Leg Sweep"],"relics":["Ring of the Snake","NeowsBlessing","Dota2Spire:HandOfMidas","Unceasing Top","Regal Pillow"],"acts_visited":["Exordium"],"potions_floor_usage":[8],"damage_taken":[{"damage":0.0,"enemies":"Cultist","floor":1.0,"turns":1.0},{"damage":0.0,"enemies":"Small Slimes","floor":2.0,"turns":1.0},{"damage":0.0,"enemies":"3 Sentries","floor":6.0,"turns":2.0},{"damage":45,"enemies":"Gremlin Nob","floor":8,"turns":5},{"damage":2,"enemies":"Jaw Worm","floor":11,"turns":4},{"damage":4,"enemies":"2 Fungi Beasts","floor":13,"turns":4},{"damage":18,"enemies":"Gremlin Gang","floor":14,"turns":6},{"damage":62,"enemies":"Fading Forest","floor":16,"turns":9}],"seed_played":"8721631147347361913","potions_obtained":[{"floor":1.0,"key":"Venom Potion"},{"floor":13,"key":"Dota2Spire:HealingSalve"},{"floor":14,"key":"LiquidMemories"}],"is_trial":false,"path_per_floor":["M","M","$","?","?","E","$","E","T","?","M","R","M","M","R","B"],"character_chosen":"THE_SILENT","items_purchased":["Noxious Fumes"],"campfire_rested":2,"item_purchase_floors":[3],"current_hp_per_floor":[59,59,59,59,59,59,59,14,14,14,12,46,42,24,58,0,0],"gold":243,"neow_bonus":"THREE_ENEMY_KILL","is_daily":false,"chose_seed":false,"campfire_upgraded":0,"win_rate":0.0,"timestamp":1608589190,"path_taken":["M","?","$","?","?","E","?","E","T","?","M","R","M","M","R","BOSS"],"items_purchased_type":["Card"],"build_version":"2020-12-13","purchased_purges":1,"victory":false,"max_hp_per_floor":[66,66,66,66,66,66,66,66,66,66,66,66,66,66,66,66,66],"card_choices":[{"not_picked":["ReplayTheSpireMod:Scrap Shanks","Backflip","Slice"],"picked":"SKIP","floor":1.0},{"not_picked":["Sucker Punch","Heel Hook","Bane"],"picked":"SKIP","floor":2.0},{"not_picked":["Quick Slash","Sucker Punch"],"picked":"Blade Dance","floor":6.0},{"not_picked":["Sneak Up","Tools of the Trade"],"picked":"Bane","floor":8},{"not_picked":["Deflect","Dodge and Roll","Bane"],"picked":"SKIP","floor":11},{"not_picked":["Outmaneuver","Quick Slash"],"picked":"Dagger Spray","floor":13},{"not_picked":["Dagger Spray","Slice"],"picked":"Leg Sweep","floor":14}],"player_experience":2095551,"relics_obtained":[{"floor":6.0,"key":"Dota2Spire:HandOfMidas"},{"floor":8,"key":"Unceasing Top"},{"floor":9,"key":"Regal Pillow"}],"event_choices":[{"damage_healed":0.0,"max_hp_gain":0.0,"max_hp_loss":0.0,"gold_gain":0.0,"event_name":"Liars Game","player_choice":"Ignored","floor":4.0,"gold_loss":0.0,"damage_taken":0.0},{"damage_healed":0,"gold_gain":0,"player_choice":"Cursed","damage_taken":0,"max_hp_gain":0,"max_hp_loss":0,"event_name":"Wheel of Change","floor":10,"gold_loss":0,"cards_obtained":["Decay"]}],"is_beta":false,"boss_relics":[],"items_purged_floors":[3],"is_endless":false,"potions_floor_spawned":[1,13,14],"killed_by":"Fading Forest","ascension_level":20}}