{"host":"07ljfmttuzqopd7f","time":1608591142,"event":{"mods":["2.2 Compatiblity","BaseMod","Bestiary","Block Reminder","Colored Map","Colored Powertips","Curses Come First","Hermit","Minty Spire (QoL Compilation)","Quick Restart","Random Character Button","Rare Cards Sparkle","Relic Stats","StSLib","The Cursed","UnlockEverythingMod","everything is the same but u backflip on backflip"],"gold_per_floor":[117,136,136,149,161,188,165,252,264,276,306,346,375,402,414,530,542,571,583,608,631,376,406,406,439,439,491,491,451,467,479,479,578,578,598,611,629,629,629,660,262,277,277,277,324,355,107,120,120,120,120,120,57,87,87],"floor_reached":56,"playtime":1549,"items_purged":["TheCursedMod:CircleOfAbyss+1","TheCursedMod:CursedWand","TheCursedMod:CleanUpWorkshop+1"],"score":2084,"play_id":"af254d32-af7a-45ba-bcaa-0321c1fecc2b","local_time":"20201221175222","is_ascension_mode":true,"campfire_choices":[{"data":"TheCursedMod:CircleOfCorruption","floor":10,"key":"SMITH"},{"data":"TheCursedMod:CleanUpWorkshop","floor":15,"key":"SMITH"},{"data":"TheCursedMod:CircleOfCorruption","floor":28,"key":"SMITH"},{"floor":32,"key":"RECALL"},{"floor":44,"key":"REST"},{"floor":49,"key":"REST"},{"floor":52,"key":"REST"}],"circlet_count":0,"master_deck":["Finesse","TheCursedMod:Stretching+1","TheCursedMod:Stretching+1","TheCursedMod:CircleOfCorruption+1","TheCursedMod:CircleOfCorruption+1","TheCursedMod:CircleOfWindfury+1","TheCursedMod:CircleOfAbyss","TheCursedMod:Stretching+1","TheCursedMod:Wield","TheCursedMod:SurpriseAttack"],"relics":["TheCursedMod:PinkPellets","NeowsBlessing","Toxic Egg 2","MawBank","Pantograph","TheCursedMod:MagicCandle","Busted Crown","Strawberry","Potion Belt","War Paint","TheCursedMod:Tack","Fusion Hammer","StoneCalendar","Bottled Flame","Bag of Preparation","Mercury Hourglass","Mango","Regal Pillow","Membership Card","Oddly Smooth Stone"],"acts_visited":["Exordium","TheCity","TheBeyond","TheEnding"],"potions_floor_usage":[53,55,55],"damage_taken":[{"damage":0,"enemies":"Cultist","floor":1,"turns":1},{"damage":0,"enemies":"Small Slimes","floor":2,"turns":1},{"damage":0,"enemies":"2 Louse","floor":4,"turns":1},{"damage":0,"enemies":"Blue Slaver","floor":5,"turns":1},{"damage":0,"enemies":"3 Sentries","floor":6,"turns":1},{"damage":0,"enemies":"Lots of Slimes","floor":11,"turns":1},{"damage":0,"enemies":"Gremlin Nob","floor":12,"turns":2},{"damage":0,"enemies":"Exordium Wildlife","floor":13,"turns":1},{"damage":5,"enemies":"Large Slime","floor":14,"turns":3},{"damage":0,"enemies":"The Guardian","floor":16,"turns":2},{"damage":0,"enemies":"Shell Parasite","floor":18,"turns":1},{"damage":0,"enemies":"2 Thieves","floor":20,"turns":2},{"damage":0,"enemies":"Centurion and Healer","floor":21,"turns":1},{"damage":0,"enemies":"Slavers","floor":23,"turns":1},{"damage":0,"enemies":"Book of Stabbing","floor":25,"turns":1},{"damage":2,"enemies":"Shelled Parasite and Fungi","floor":30,"turns":2},{"damage":0,"enemies":"Chosen and Byrds","floor":31,"turns":1},{"damage":0,"enemies":"Collector","floor":33,"turns":1},{"damage":0,"enemies":"Orb Walker","floor":35,"turns":1},{"damage":4,"enemies":"3 Shapes","floor":36,"turns":2},{"damage":0,"enemies":"Sphere and 2 Shapes","floor":37,"turns":1},{"damage":0,"enemies":"Giant Head","floor":40,"turns":1},{"damage":0,"enemies":"Spire Growth","floor":42,"turns":1},{"damage":0,"enemies":"2 Orb Walkers","floor":45,"turns":1},{"damage":0,"enemies":"Nemesis","floor":46,"turns":1},{"damage":0,"enemies":"3 Darklings","floor":48,"turns":1},{"damage":0,"enemies":"Awakened One","floor":50,"turns":3},{"damage":0,"enemies":"Shield and Spear","floor":54,"turns":1},{"damage":59,"enemies":"The Heart","floor":55,"turns":6}],"seed_played":"7863873706020271473","potions_obtained":[{"floor":1,"key":"EssenceOfSteel"},{"floor":6,"key":"TheCursedMod:DregsPotion"},{"floor":11,"key":"Fruit Juice"},{"floor":25,"key":"Explosive Potion"},{"floor":31,"key":"GamblersBrew"}],"is_trial":false,"path_per_floor":["M","M","?","M","M","E","?","?","T","R","M","E","M","M","R","B",null,"M","?","M","M","$","E","?","E","T","T","R","?","M","M","R","B",null,"M","M","M","?","?","E","$","M","T","R","?","E","$","M","R","B",null,"R","$","E","B",null],"character_chosen":"THE_CURSED","items_purchased":["Strawberry","TheCursedMod:Wield","Bottled Flame","Bag of Preparation","Membership Card"],"campfire_rested":3,"item_purchase_floors":[22,22,41,41,47],"current_hp_per_floor":[68,68,61,61,61,61,75,64,64,64,64,64,64,59,59,75,75,75,75,75,75,82,82,82,82,82,82,82,82,80,80,80,82,82,82,78,78,78,78,78,78,78,78,78,92,92,92,92,92,92,92,92,97,97,38],"gold":87,"neow_bonus":"THREE_ENEMY_KILL","is_daily":false,"chose_seed":false,"campfire_upgraded":3,"win_rate":0.0,"timestamp":1608591142,"path_taken":["M","M","?","M","M","E","?","?","T","R","M","E","M","?","R","BOSS","M","?","?","M","$","E","?","E","T","?","R","?","M","?","R","BOSS","M","M","M","?","?","E","?","M","T","R","?","E","$","M","R","BOSS","R","$","E","BOSS"],"items_purchased_type":["Relic","Card","Relic","Relic","Relic"],"build_version":"2020-12-13","purchased_purges":3,"victory":true,"max_hp_per_floor":[75,75,75,75,75,75,75,75,75,75,75,75,75,75,75,75,75,75,75,75,75,82,82,82,82,82,82,82,82,82,82,82,82,82,82,82,82,82,78,78,78,78,78,78,92,92,92,92,92,92,92,92,97,97,97],"relic_stats":{"Regal Pillow":0,"Busted Crown":34,"counters":[29,43],"Pantograph":18,"StoneCalendar":[0],"Bag of Preparation":[14],"War Paint":["TheCursedMod:Stretching","TheCursedMod:Stretching"],"MawBank":192,"obtain_stats":[{"Potion Belt":23,"Regal Pillow":46,"NeowsBlessing":0,"TheCursedMod:Tack":27,"Oddly Smooth Stone":54,"TheCursedMod:PinkPellets":0,"StoneCalendar":40,"Mango":45,"Bag of Preparation":41,"TheCursedMod:MagicCandle":12,"War Paint":25,"MawBank":6,"Mercury Hourglass":43,"Bottled Flame":41,"Busted Crown":17,"Pantograph":9,"Strawberry":22,"Fusion Hammer":34,"Membership Card":47,"Toxic Egg 2":3},{"Potion Belt":14,"Regal Pillow":25,"NeowsBlessing":0,"TheCursedMod:Tack":15,"Oddly Smooth Stone":28,"TheCursedMod:PinkPellets":0,"StoneCalendar":22,"Mango":24,"Bag of Preparation":22,"TheCursedMod:MagicCandle":7,"War Paint":15,"MawBank":5,"Mercury Hourglass":23,"Bottled Flame":22,"Busted Crown":10,"Pantograph":5,"Strawberry":13,"Fusion Hammer":18,"Membership Card":25,"Toxic Egg 2":2},{"Potion Belt":19,"Regal Pillow":32,"NeowsBlessing":0,"TheCursedMod:Tack":20,"Oddly Smooth Stone":37,"TheCursedMod:PinkPellets":0,"StoneCalendar":29,"Mango":31,"Bag of Preparation":29,"TheCursedMod:MagicCandle":8,"War Paint":20,"MawBank":5,"Mercury Hourglass":30,"Bottled Flame":29,"Busted Crown":14,"Pantograph":5,"Strawberry":18,"Fusion Hammer":24,"Membership Card":32,"Toxic Egg 2":2}],"Mercury Hourglass":[57]},"card_choices":[{"not_picked":["TheCursedMod:ReleasedStrength","TheCursedMod:CircleOfFlame","TheCursedMod:Stretching"],"picked":"SKIP","floor":1},{"not_picked":["TheCursedMod:SpitefulStrike","TheCursedMod:CircleOfWindfury","TheCursedMod:Stigma"],"picked":"SKIP","floor":2},{"not_picked":["TheCursedMod:CursedBlade","TheCursedMod:ReleasedKnowledge+1","TheCursedMod:SmokeScreen+1"],"picked":"SKIP","floor":4},{"not_picked":["TheCursedMod:SpitefulPlan","TheCursedMod:Stretching+1","TheCursedMod:PrepareRite+1"],"picked":"SKIP","floor":5},{"not_picked":["TheCursedMod:CircleOfCorruption+1","TheCursedMod:SaltUponWound+1","TheCursedMod:Hemoplague"],"picked":"SKIP","floor":6},{"not_picked":["TheCursedMod:SoulCrush","TheCursedMod:SurpriseAttack","TheCursedMod:FleshFromBone+1"],"picked":"SKIP","floor":11},{"not_picked":["TheCursedMod:CursedShiv","TheCursedMod:FleshFromBone+1"],"picked":"TheCursedMod:CircleOfFlame+1","floor":12},{"not_picked":["TheCursedMod:CursedMace","TheCursedMod:Torture+1"],"picked":"TheCursedMod:Stretching+1","floor":13},{"not_picked":["TheCursedMod:DarkBarrier+1","TheCursedMod:CursedBlade","TheCursedMod:SpitefulPlan"],"picked":"SKIP","floor":14},{"not_picked":["TheCursedMod:UltimatePain+1","TheCursedMod:CursedRelics"],"picked":"TheCursedMod:CircleOfAbyss+1","floor":16},{"not_picked":["TheCursedMod:FleshFromBone+1"],"picked":"SKIP","floor":18},{"not_picked":["TheCursedMod:StingEye"],"picked":"SKIP","floor":20},{"not_picked":["TheCursedMod:CursedMace"],"picked":"SKIP","floor":21},{"not_picked":["TheCursedMod:DoubleShield+1"],"picked":"SKIP","floor":23},{"not_picked":["TheCursedMod:CircleOfFlame+1"],"picked":"SKIP","floor":25},{"not_picked":["TheCursedMod:CollectTribute"],"picked":"SKIP","floor":30},{"not_picked":["TheCursedMod:CursedStaff+1"],"picked":"SKIP","floor":31},{"not_picked":["TheCursedMod:RavingStaff"],"picked":"SKIP","floor":35},{"not_picked":["TheCursedMod:SurpriseAttack+1"],"picked":"SKIP","floor":36},{"not_picked":["TheCursedMod:ManaBullet"],"picked":"SKIP","floor":37},{"not_picked":["TheCursedMod:WearCloak+1"],"picked":"SKIP","floor":40},{"not_picked":["TheCursedMod:CircleOfAmplification+1"],"picked":"SKIP","floor":42},{"not_picked":["TheCursedMod:SpitefulPray+1"],"picked":"SKIP","floor":46},{"not_picked":["TheCursedMod:CursedMace"],"picked":"SKIP","floor":48},{"not_picked":["TheCursedMod:HellsGateOpen"],"picked":"SKIP","floor":54}],"player_experience":450305,"relics_obtained":[{"floor":6,"key":"MawBank"},{"floor":9,"key":"Pantograph"},{"floor":12,"key":"TheCursedMod:MagicCandle"},{"floor":23,"key":"Potion Belt"},{"floor":25,"key":"War Paint"},{"floor":27,"key":"TheCursedMod:Tack"},{"floor":40,"key":"StoneCalendar"},{"floor":43,"key":"Mercury Hourglass"},{"floor":45,"key":"Mango"},{"floor":46,"key":"Regal Pillow"},{"floor":54,"key":"Oddly Smooth Stone"}],"event_choices":[{"damage_healed":0,"gold_gain":0,"player_choice":"Success","damage_taken":7,"relics_obtained":["Toxic Egg 2"],"max_hp_gain":0,"max_hp_loss":0,"event_name":"Scrap Ooze","floor":3,"gold_loss":0},{"damage_healed":18,"gold_gain":0,"player_choice":"Healed","damage_taken":0,"max_hp_gain":0,"max_hp_loss":0,"event_name":"The Cleric","floor":7,"gold_loss":35},{"damage_healed":0,"gold_gain":75,"player_choice":"Gather Gold","damage_taken":11,"max_hp_gain":0,"max_hp_loss":0,"event_name":"World of Goop","floor":8,"gold_loss":0},{"cards_removed":["TheCursedMod:CircleOfFlame"],"damage_healed":0,"gold_gain":0,"player_choice":"Purged","damage_taken":0,"max_hp_gain":0,"max_hp_loss":0,"event_name":"Purifier","floor":19,"gold_loss":0},{"damage_healed":0,"gold_gain":0,"player_choice":"Read","damage_taken":0,"max_hp_gain":0,"max_hp_loss":0,"event_name":"The Library","floor":24,"gold_loss":0,"cards_obtained":["TheCursedMod:SurpriseAttack"]},{"damage_healed":0,"gold_gain":0,"player_choice":"Upgraded Two","damage_taken":0,"max_hp_gain":0,"max_hp_loss":0,"event_name":"Designer","floor":29,"gold_loss":40,"cards_upgraded":["TheCursedMod:Wield","TheCursedMod:CircleOfWindfury"]},{"cards_removed":["TheCursedMod:Wield"],"damage_healed":0,"gold_gain":0,"player_choice":"Removed Attack","damage_taken":0,"max_hp_gain":0,"max_hp_loss":0,"event_name":"Falling","floor":38,"gold_loss":0},{"damage_healed":0,"gold_gain":0,"player_choice":"Max HP","damage_taken":0,"max_hp_gain":0,"max_hp_loss":4,"event_name":"Winding Halls","floor":39,"gold_loss":0},{"damage_healed":0,"gold_gain":0,"player_choice":"Fight","damage_taken":0,"max_hp_gain":0,"max_hp_loss":0,"event_name":"Mysterious Sphere","floor":45,"gold_loss":0}],"is_beta":false,"boss_relics":[{"not_picked":["Velvet Choker","Cursed Key"],"picked":"Busted Crown"},{"not_picked":["Calling Bell","Astrolabe"],"picked":"Fusion Hammer"}],"items_purged_floors":[22,47,53],"is_endless":false,"potions_floor_spawned":[1,6,11,16,18,21,25,31,35,42,45,46],"ascension_level":6}}