{"host":"uv231blk40vjdojr","time":1608545579,"event":{"mods":["BaseMod","Minty Spire (QoL Compilation)","Relic Stats"],"gold_per_floor":[214,23,33,33,33,33,64,76,76,76,88,107,119,39,39,114,114,114,114,15,15,15,15,15,15,15,15,15,15,15,15,15,15,15,15,15,15,15,15,15,15,15,15,15,15,15,15,15,15,15],"floor_reached":51,"playtime":2793,"items_purged":[],"score":1419,"play_id":"4588fcef-8e05-42d3-9c92-513af4f90127","local_time":"20201221111259","is_ascension_mode":true,"campfire_choices":[{"data":"Doom and Gloom","floor":6.0,"key":"SMITH"},{"data":"FTL","floor":10.0,"key":"SMITH"},{"data":"Static Discharge","floor":15.0,"key":"SMITH"},{"data":"Sunder","floor":23.0,"key":"SMITH"},{"data":"Coolheaded","floor":29.0,"key":"SMITH"},{"floor":32.0,"key":"REST"},{"data":"Apotheosis","floor":40.0,"key":"SMITH"},{"data":"Seek","floor":42.0,"key":"SMITH"},{"data":"Machine Learning","floor":49,"key":"SMITH"}],"circlet_count":0,"master_deck":["AscendersBane","Strike_B","Defend_B","Defend_B","Defend_B","Defend_B","Zap","Dualcast","Doom and Gloom+1","FTL+1","Sweeping Beam","Ball Lightning","Static Discharge+1","Undo","Coolheaded+1","Conserve Battery","Lockon","Echo Form","Cold Snap","Sunder+1","Capacitor","Self Repair","Ghostly","Ghostly","Ghostly","Coolheaded+1","Seek+1","Necronomicurse","Machine Learning+1","Apotheosis+1"],"relics":["Cracked Core","Matryoshka","Shuriken","Pantograph","Ectoplasm","Akabeko","Molten Egg 2","Anchor","Blue Candle","Art of War","Necronomicon","SlaversCollar","Bronze Scales","Question Card","Strawberry"],"acts_visited":["Exordium","TheCity","TheBeyond"],"potions_floor_usage":[50],"damage_taken":[{"damage":12.0,"enemies":"Jaw Worm","floor":1.0,"turns":3.0},{"damage":9.0,"enemies":"2 Louse","floor":3.0,"turns":2.0},{"damage":8.0,"enemies":"Gremlin Nob","floor":7.0,"turns":3.0},{"damage":1.0,"enemies":"Cultist","floor":8.0,"turns":3.0},{"damage":18.0,"enemies":"Exordium Thugs","floor":11.0,"turns":2.0},{"damage":0.0,"enemies":"Large Slime","floor":12.0,"turns":4.0},{"damage":5.0,"enemies":"2 Fungi Beasts","floor":13.0,"turns":3.0},{"damage":34.0,"enemies":"Hexaghost","floor":16.0,"turns":3.0},{"damage":12.0,"enemies":"3 Byrds","floor":18.0,"turns":3.0},{"damage":29.0,"enemies":"Slavers","floor":25.0,"turns":7.0},{"damage":1.0,"enemies":"Spheric Guardian","floor":27.0,"turns":5.0},{"damage":3.0,"enemies":"Gremlin Leader","floor":28.0,"turns":5.0},{"damage":9.0,"enemies":"Book of Stabbing","floor":30.0,"turns":5.0},{"damage":31.0,"enemies":"Collector","floor":33.0,"turns":6.0},{"damage":3.0,"enemies":"3 Shapes","floor":35.0,"turns":5.0},{"damage":3.0,"enemies":"3 Darklings","floor":36.0,"turns":4.0},{"damage":4.0,"enemies":"Maw","floor":38.0,"turns":6.0},{"damage":23.0,"enemies":"Jaw Worm Horde","floor":39.0,"turns":4.0},{"damage":3.0,"enemies":"Reptomancer","floor":41.0,"turns":6.0},{"damage":8.0,"enemies":"4 Shapes","floor":44.0,"turns":7.0},{"damage":6.0,"enemies":"Writhing Mass","floor":46.0,"turns":5.0},{"damage":1,"enemies":"Nemesis","floor":47,"turns":7},{"damage":4,"enemies":"Maw","floor":48,"turns":8},{"damage":36,"enemies":"Time Eater","floor":50,"turns":10}],"seed_played":"-3767832686715079428","potions_obtained":[{"floor":1.0,"key":"LiquidMemories"},{"floor":18.0,"key":"Fruit Juice"},{"floor":30.0,"key":"Ancient Potion"},{"floor":39.0,"key":"SmokeBomb"}],"is_trial":false,"path_per_floor":["M","$","M","?","?","R","E","M","T","R","M","M","M","$","R","B",null,"M","?","$","?","?","R","$","E","T","M","E","R","E","?","R","B",null,"M","M","?","M","M","R","E","R","T","M","?","M","E","M","R","B",null],"character_chosen":"DEFECT","items_purchased":["FTL","Sweeping Beam","Explosive Potion","Lockon","Self Repair","FocusPotion"],"campfire_rested":1,"item_purchase_floors":[2,2,2,14,20,20],"current_hp_per_floor":[52,52,43,66,66,66,58,57,57,57,39,39,34,34,34,25,60,53,53,53,38,38,38,38,23,23,36,33,33,31,10,21,7,30,38,35,35,38,25,25,32,32,32,38,38,32,38,45,45,19],"gold":15,"neow_bonus":"HUNDRED_GOLD","is_daily":false,"chose_seed":false,"campfire_upgraded":8,"win_rate":0.0,"timestamp":1608545579,"path_taken":["M","$","M","?","?","R","E","M","T","R","?","M","M","?","R","BOSS","M","?","$","?","?","R","$","E","T","?","E","R","E","?","R","BOSS","M","M","?","M","M","R","E","R","T","M","?","M","E","M","R","BOSS"],"items_purchased_type":["Card","Card","Potion","Card","Card","Potion"],"build_version":"2020-12-13","purchased_purges":0,"victory":true,"max_hp_per_floor":[71,71,71,71,71,71,71,71,71,71,71,71,71,71,71,71,71,76,76,76,38,38,38,38,38,38,38,38,38,38,38,38,38,38,38,38,38,38,38,38,38,38,38,38,38,38,45,45,45,45],"relic_stats":{"counters":[24,116],"Shuriken":[26],"Pantograph":42,"Blue Candle":[1],"Bronze Scales":[109],"Ectoplasm":414,"Art of War":[15],"Necronomicon":[23],"Question Card":4,"obtain_stats":[{"Blue Candle":28,"Question Card":43,"Akabeko":25,"SlaversCollar":34,"Anchor":26,"Matryoshka":7,"Shuriken":9,"Pantograph":9,"Bronze Scales":41,"Strawberry":47,"Molten Egg 2":26,"Ectoplasm":17,"Art of War":30,"Necronomicon":31,"Cracked Core":0},{"Blue Candle":12,"Question Card":19,"Akabeko":10,"SlaversCollar":14,"Anchor":10,"Matryoshka":3,"Shuriken":4,"Pantograph":4,"Bronze Scales":19,"Strawberry":22,"Molten Egg 2":10,"Ectoplasm":8,"Art of War":13,"Necronomicon":13,"Cracked Core":0},{"Blue Candle":43,"Question Card":79,"Akabeko":33,"SlaversCollar":54,"Anchor":33,"Matryoshka":8,"Shuriken":11,"Pantograph":11,"Bronze Scales":79,"Strawberry":98,"Molten Egg 2":33,"Ectoplasm":23,"Art of War":48,"Necronomicon":48,"Cracked Core":0}]},"card_choices":[{"not_picked":["Loop","Barrage"],"picked":"Doom and Gloom","floor":1.0},{"not_picked":["Scrape","Coolheaded"],"picked":"Ball Lightning","floor":3.0},{"not_picked":["Ball Lightning","Hyperbeam"],"picked":"Undo","floor":7.0},{"not_picked":["Ball Lightning","Streamline"],"picked":"Coolheaded","floor":8.0},{"not_picked":["Hologram","Steam"],"picked":"Conserve Battery","floor":11.0},{"not_picked":["Leap","Capacitor","Steam Power"],"picked":"SKIP","floor":12.0},{"not_picked":["Streamline","Gash","Conserve Battery"],"picked":"SKIP","floor":13.0},{"not_picked":["Biased Cognition","Fission"],"picked":"Echo Form","floor":16.0},{"not_picked":["Hologram","Consume"],"picked":"Cold Snap","floor":18.0},{"not_picked":["Self Repair","Aggregate","Tempest"],"picked":"SKIP","floor":25.0},{"not_picked":["Coolheaded","Go for the Eyes+1","Stack"],"picked":"SKIP","floor":27.0},{"not_picked":["Gash+1","Melter+1"],"picked":"Coolheaded+1","floor":28.0},{"not_picked":["Compile Driver+1","Tempest+1"],"picked":"Seek","floor":30.0},{"not_picked":["Rainbow","Creative AI"],"picked":"Machine Learning","floor":33.0},{"not_picked":["Go for the Eyes+1","Scrape+1","Melter+1"],"picked":"SKIP","floor":35.0},{"not_picked":["Capacitor","Tempest+1","Compile Driver+1"],"picked":"SKIP","floor":36.0},{"not_picked":["Finesse","Good Instincts"],"picked":"Apotheosis","floor":37.0},{"not_picked":["Loop","Redo+1","Leap"],"picked":"SKIP","floor":38.0},{"not_picked":["Steam","Leap","Streamline+1"],"picked":"SKIP","floor":39.0},{"not_picked":["Streamline+1","Storm","Stack"],"picked":"SKIP","floor":41.0},{"not_picked":["Rainbow","Gash+1","Sweeping Beam+1","Chill+1"],"picked":"SKIP","floor":44.0},{"not_picked":["Beam Cell+1","Melter+1","Barrage+1","Self Repair+1"],"picked":"SKIP","floor":46.0},{"not_picked":["Sweeping Beam+1","Conserve Battery","Redo+1","Ball Lightning+1"],"picked":"SKIP","floor":47},{"not_picked":["Cold Snap+1","Gash+1","Redo","Tempest"],"picked":"SKIP","floor":48}],"player_experience":513706,"relics_obtained":[{"floor":7.0,"key":"Matryoshka"},{"floor":9.0,"key":"Shuriken"},{"floor":9.0,"key":"Pantograph"},{"floor":25.0,"key":"Akabeko"},{"floor":26.0,"key":"Molten Egg 2"},{"floor":26.0,"key":"Anchor"},{"floor":28.0,"key":"Blue Candle"},{"floor":30.0,"key":"Art of War"},{"floor":31.0,"key":"Necronomicon"},{"floor":41.0,"key":"Bronze Scales"},{"floor":43.0,"key":"Question Card"},{"floor":47,"key":"Strawberry"}],"event_choices":[{"damage_healed":23.0,"max_hp_gain":0.0,"max_hp_loss":0.0,"gold_gain":0.0,"event_name":"Big Fish","player_choice":"Banana","floor":4.0,"gold_loss":0.0,"damage_taken":0.0},{"damage_healed":0.0,"max_hp_gain":0.0,"max_hp_loss":0.0,"gold_gain":0.0,"cards_transformed":["Strike_B"],"event_name":"Transmorgrifier","player_choice":"Transformed","floor":5.0,"gold_loss":0.0,"damage_taken":0.0,"cards_obtained":["Static Discharge"]},{"damage_healed":0.0,"max_hp_gain":0.0,"max_hp_loss":0.0,"gold_gain":0.0,"cards_transformed":["Strike_B","Strike_B"],"event_name":"Drug Dealer","player_choice":"Became Test Subject","floor":19.0,"gold_loss":0.0,"damage_taken":0.0,"cards_obtained":["Sunder","Capacitor"]},{"damage_healed":0.0,"max_hp_gain":0.0,"max_hp_loss":38.0,"gold_gain":0.0,"event_name":"Ghosts","player_choice":"Became a Ghost","floor":21.0,"gold_loss":0.0,"damage_taken":0.0,"cards_obtained":["Ghostly","Ghostly","Ghostly"]},{"damage_healed":0.0,"max_hp_gain":0.0,"max_hp_loss":0.0,"gold_gain":0.0,"event_name":"Cursed Tome","player_choice":"Obtained Book","floor":31.0,"gold_loss":0.0,"damage_taken":21.0},{"damage_healed":0.0,"max_hp_gain":0.0,"max_hp_loss":0.0,"gold_gain":0.0,"event_name":"SensoryStone","player_choice":"Memory 1","floor":37.0,"gold_loss":0.0,"damage_taken":0.0},{"damage_healed":0.0,"max_hp_gain":0.0,"max_hp_loss":0.0,"gold_gain":50.0,"event_name":"Golden Shrine","player_choice":"Pray","floor":45.0,"gold_loss":0.0,"damage_taken":0.0}],"is_beta":false,"boss_relics":[{"not_picked":["Fusion Hammer","Calling Bell"],"picked":"Ectoplasm"},{"not_picked":["Runic Pyramid","Inserter"],"picked":"SlaversCollar"}],"items_purged_floors":[],"is_endless":false,"potions_floor_spawned":[1,8,18,28,30,36,39,44,47],"ascension_level":19}}