{"host":"djm8p3ivrj05jd45","time":1608528389,"event":{"mods":["AchievementEnabler","BaseMod","Downfall","Minty Spire (QoL Compilation)","StSLib","slay the spire mod where everything is the same but ironclad has a cowboy hat"],"gold_per_floor":[99,99,32,60,10,38,65,50,69,19,119,133,143,143,163,260,260,260,260],"floor_reached":17,"playtime":1089,"items_purged":[],"score":163,"play_id":"67eb0970-95bf-4194-ada9-a93c7f9db34e","local_time":"20201221002629","is_ascension_mode":false,"campfire_choices":[{"floor":1,"key":"RECALL"},{"floor":5,"key":"REST"},{"floor":10,"key":"REST"}],"circlet_count":0,"master_deck":["Slimebound:Strike_Slimebound","Slimebound:Strike_Slimebound","Slimebound:Strike_Slimebound","Slimebound:Tackle","Slimebound:Defend_Slimebound","Slimebound:Defend_Slimebound","Slimebound:Defend_Slimebound","Slimebound:Defend_Slimebound","Slimebound:Split+1","Slimebound:CorrosiveSpit","Slimebound:Schlurp","Slimebound:PressTheAttack","Slimebound:Teamwork","Slimebound:Gluttony","Slimebound:RejuvenatingLick","Slimebound:SlimeBarrage","Slimebound:LeadByExample","Slimebound:SplitMire","Slimebound:MegaLick","Slimebound:OozeBath"],"relics":["Slimebound:AbsorbEndCombatUpgraded","Slimebound:GreedOozeRelic","Ginger","Strawberry","downfall:BrokenWingStatue"],"acts_visited":["Exordium","TheCity"],"potions_floor_usage":[8,16,16],"damage_taken":[{"damage":20,"enemies":"downfall:FleeingMerchant","floor":3,"turns":4},{"damage":41,"enemies":"3 Sentries","floor":4,"turns":6},{"damage":31,"enemies":"Gremlin Nob","floor":6,"turns":4},{"damage":14,"enemies":"downfall:FleeingMerchant","floor":8,"turns":4},{"damage":8,"enemies":"Jaw Worm","floor":9,"turns":3},{"damage":0,"enemies":"Small Slimes","floor":12,"turns":2},{"damage":10,"enemies":"2 Louse","floor":13,"turns":2},{"damage":0,"enemies":"2 Fungi Beasts","floor":15,"turns":2},{"damage":35,"enemies":"downfall:Silent","floor":16,"turns":6}],"seed_played":"-9152803669392264283","potions_obtained":[{"floor":6,"key":"BlessingOfTheForge"},{"floor":9,"key":"Weak Potion"},{"floor":13,"key":"Regen Potion"},{"floor":15,"key":"FairyPotion"},{"floor":16,"key":"Fruit Juice"}],"is_trial":false,"path_per_floor":["R","?","$","E","R","E","T","$","M","R","?","M","M","?","M","B",null],"character_chosen":"SLIMEBOUND","items_purchased":["Slimebound:PressTheAttack"],"campfire_rested":2,"item_purchase_floors":[3],"current_hp_per_floor":[60,60,54,25,43,33,33,27,29,49,49,51,53,53,59,59,67,67,67],"gold":260,"neow_bonus":"UPGRADE_CARD","is_daily":false,"chose_seed":false,"campfire_upgraded":0,"win_rate":0.0,"timestamp":1608528389,"path_taken":["R","?","$","E","R","E","T","$","M","R","?","M","M","?","M","BOSS"],"items_purchased_type":["Card"],"build_version":"2020-12-13","purchased_purges":0,"victory":false,"max_hp_per_floor":[60,60,60,60,60,67,67,67,67,67,67,67,67,67,67,67,67,67,67],"card_choices":[{"not_picked":["Slimebound:Equalize","Slimebound:FormOfPuddle"],"picked":"Slimebound:Schlurp","floor":3},{"not_picked":["Slimebound:MegaLick","Slimebound:SplitLeeching"],"picked":"Slimebound:Teamwork","floor":4},{"not_picked":["Slimebound:SamplingLick","Slimebound:Nibble"],"picked":"Slimebound:Gluttony","floor":6},{"not_picked":["Slimebound:LeechEnergy","Slimebound:ProtectTheBoss"],"picked":"Slimebound:RejuvenatingLick","floor":8},{"not_picked":["Slimebound:ForwardTackle","Slimebound:SplitLeeching"],"picked":"Slimebound:SlimeBarrage","floor":9},{"not_picked":["Slimebound:DuplicatedForm","Slimebound:GrowthPunch"],"picked":"Slimebound:LeadByExample","floor":12},{"not_picked":["Slimebound:SlimeSpikes","Slimebound:LeechingTouch"],"picked":"Slimebound:SplitMire","floor":13},{"not_picked":["Slimebound:ForwardTackle","Slimebound:GoopTackle"],"picked":"Slimebound:MegaLick","floor":15},{"not_picked":["Slimebound:MassFeed","Slimebound:WasteNot"],"picked":"Slimebound:OozeBath","floor":16}],"player_experience":81341,"relics_obtained":[{"floor":4,"key":"Ginger"},{"floor":6,"key":"Strawberry"}],"event_choices":[],"is_beta":false,"boss_relics":[{"not_picked":["Empty Cage","Busted Crown"],"picked":"Slimebound:AbsorbEndCombatUpgraded"}],"items_purged_floors":[],"is_endless":false,"potions_floor_spawned":[6,9,13,15,16],"ascension_level":0}}