{"host":"0m9qzqwuh9r40nrk","time":1608582122,"event":{"mods":["BaseMod","Downfall","Hermit","Minty Spire (QoL Compilation)","Replay The Spire","StSLib","The Animator","The Cursed","The Servant 0.9.4"],"gold_per_floor":[117,146,221,221,221,250,278,302,327,71,90,105,105,120,120,221,221,236,248,248,248,261,261,261,261,261,261],"floor_reached":26,"playtime":4700,"items_purged":["animator:Defend"],"score":235,"play_id":"0c27ee1a-892e-47aa-8280-1b3588489afe","local_time":"20201221122202","is_ascension_mode":false,"campfire_choices":[{"data":"animator:Millim","floor":13,"key":"SMITH"},{"floor":15,"key":"REST"},{"data":"RitualDagger","floor":25,"key":"SMITH"}],"circlet_count":0,"master_deck":["animator:Strike_Konosuba","animator:Defend_Konosuba","animator:Defend","animator:Kazuma","animator:Aqua","animator:LizardPriest","animator:Millim+1","animator:Envy","animator:Megumin+8","animator:MetalKnight","animator:Lelouch","animator:Sebas","animator:Pride","animator:Vanir","animator:Ainz","animator:PandorasActor+1","animator:Demiurge","animator:NarberalGamma","animator:Aqua","animator:Saber","animator:Hakurou","RitualDagger+1"],"relics":["animator:LivingPicture","animator:TheMissingPiece","NeowsBlessing","Ring of Searing","Bronze Scales","Juzu Bracelet","animator:RacePiece"],"acts_visited":["Exordium","TheCity"],"potions_floor_usage":[16,16,16],"damage_taken":[{"damage":0,"enemies":"Small Slimes","floor":1,"turns":1},{"damage":0,"enemies":"Jaw Worm","floor":2,"turns":1},{"damage":0,"enemies":"Lagavulin","floor":6,"turns":1},{"damage":18,"enemies":"Cultist","floor":7,"turns":5},{"damage":5,"enemies":"Looter","floor":8,"turns":4},{"damage":6,"enemies":"Lots of Slimes","floor":11,"turns":3},{"damage":5,"enemies":"Red Slaver","floor":12,"turns":5},{"damage":3,"enemies":"Exordium Thugs","floor":14,"turns":4},{"damage":11,"enemies":"Fading Forest","floor":16,"turns":11},{"damage":37,"enemies":"Chosen","floor":18,"turns":7},{"damage":9,"enemies":"Shell Parasite","floor":19,"turns":5},{"damage":1,"enemies":"Snake Plant","floor":22,"turns":4},{"damage":35,"enemies":"Gremlin Leader","floor":26,"turns":6}],"seed_played":"-7152074820854389906","potions_obtained":[{"floor":7,"key":"Energy Potion"},{"floor":11,"key":"Fire Potion"},{"floor":12,"key":"Adrenaline Potion"},{"floor":18,"key":"champ:CounterPotion"}],"is_trial":false,"path_per_floor":["M","M","?","?","?","E","M","M","T","$","M","M","R","M","R","B",null,"M","M","PTL","PTL","M","?","?","R","E"],"character_chosen":"THE_ANIMATOR","items_purchased":["animator:Lelouch"],"campfire_rested":1,"item_purchase_floors":[10],"current_hp_per_floor":[66,66,55,55,55,55,39,36,36,36,32,29,29,29,49,40,67,30,25,25,25,28,28,22,22,0,0],"gold":261,"neow_bonus":"THREE_ENEMY_KILL","is_daily":false,"chose_seed":false,"campfire_upgraded":2,"win_rate":0.0,"timestamp":1608582122,"path_taken":["M","M","?","?","?","E","M","M","T","?","M","M","R","M","R","BOSS","M","M","PTL","PTL","M","?","?","R","E"],"items_purchased_type":["Card"],"build_version":"2020-12-13","purchased_purges":1,"victory":false,"max_hp_per_floor":[66,66,66,66,66,66,66,66,66,66,66,66,66,67,67,67,67,67,67,67,67,67,67,67,67,67,67],"card_choices":[{"not_picked":["animator:ShinjiMatou","animator:GuildGirl"],"picked":"animator:LizardPriest","floor":1},{"not_picked":["animator:PandorasActor","animator:Benimaru"],"picked":"animator:Millim","floor":2},{"not_picked":["animator:Hakurou","animator:GuildGirl"],"picked":"animator:Envy","floor":6},{"not_picked":["animator:Verdia","animator:Chris"],"picked":"animator:Megumin","floor":7},{"not_picked":["animator:Alexander","animator:ShinjiMatou"],"picked":"animator:MetalKnight","floor":8},{"not_picked":["animator:NarberalGamma","animator:Rider"],"picked":"animator:Sebas","floor":11},{"not_picked":["animator:DwarfShaman","animator:Mitsurugi"],"picked":"animator:Pride","floor":12},{"not_picked":["animator:Verdia","animator:Megumin"],"picked":"animator:Vanir","floor":14},{"not_picked":["animator:Greed","animator:Saber"],"picked":"animator:Ainz","floor":16},{"not_picked":["animator:Sloth","animator:Assassin"],"picked":"animator:Aqua","floor":18},{"not_picked":["animator:Geryuganshoop","animator:MumenRider","animator:Spearman"],"picked":"SKIP","floor":19},{"not_picked":["animator:Witch+1","animator:MaesHughes"],"picked":"animator:Saber","floor":22}],"player_experience":397019,"relics_obtained":[{"floor":4,"key":"Ring of Searing"},{"floor":6,"key":"Bronze Scales"},{"floor":9,"key":"Juzu Bracelet"}],"event_choices":[{"damage_healed":0,"gold_gain":75,"player_choice":"Gather Gold","damage_taken":11,"max_hp_gain":0,"max_hp_loss":0,"event_name":"World of Goop","floor":3,"gold_loss":0},{"damage_healed":0,"gold_gain":0,"cards_transformed":["animator:Strike"],"player_choice":"Transformed","damage_taken":0,"max_hp_gain":0,"max_hp_loss":0,"event_name":"Transmorgrifier","floor":23,"gold_loss":0,"cards_obtained":["animator:Hakurou"]},{"damage_healed":0,"gold_gain":0,"player_choice":"Joined the Cult","damage_taken":6,"max_hp_gain":0,"max_hp_loss":0,"event_name":"Nest","floor":24,"gold_loss":0,"cards_obtained":["RitualDagger"]}],"is_beta":false,"boss_relics":[{"not_picked":["Ring of Chaos","Velvet Choker"],"picked":"animator:RacePiece"}],"items_purged_floors":[10],"is_endless":false,"potions_floor_spawned":[7,11,12,14,18],"killed_by":"Gremlin Leader","ascension_level":0}}