{"host":"2461dio7vetlq1z3","time":1608587964,"event":{"mods":["2.2 Compatiblity","AchievementEnabler","BaseMod","Better Third Choice","Hermit","Infinite Spire","Minty Spire (QoL Compilation)","Relic Stats","Spicy Shops","StSLib","Waifu the Spire"],"gold_per_floor":[109,109,121,139,154,154,188,188,242,273,273,293,320,21,21,96,96,107,157,157,174,174,174,190,190,190,523,523,523,541,554,554,633,633,652,278,291,291,391,416,426,426,475,475,505,505,521,521,521,595,668,668,674,685,689,743,741,754,326,304,327,327,340,340,343,359,359,413,413,402,402,402,402,402,410,410,408,408],"floor_reached":77,"playtime":4807,"items_purged":["Strike_R","Strike_R","Strike_R","Strike_R"],"score":3499,"play_id":"808f70c0-4139-429a-8503-1751ca82b8be","local_time":"20201221225924","is_ascension_mode":true,"campfire_choices":[{"data":"Immolate","floor":6.0,"key":"SMITH"},{"data":"Bash","floor":11.0,"key":"SMITH"},{"data":"True Grit","floor":15.0,"key":"SMITH"},{"floor":23.0,"key":"REST"},{"floor":25.0,"key":"RECALL"},{"floor":32.0,"key":"REST"},{"data":"Strike_R","floor":42.0,"key":"PURGE"},{"data":"Wild Strike","floor":44.0,"key":"PURGE"},{"data":"Blood for Blood","floor":46.0,"key":"PURGE"},{"data":"Defend_R+1","floor":49.0,"key":"PURGE"},{"data":"Anger+1","floor":62.0,"key":"PURGE"},{"data":"Pommel Strike+1","floor":64.0,"key":"PURGE"},{"data":"Heavy Blade+1","floor":67.0,"key":"PURGE"},{"data":"Defend_R+1","floor":76.0,"key":"PURGE"}],"circlet_count":0,"master_deck":["AscendersBane","Defend_R+1","Defend_R+1","Bash+1","Battle Trance+1","Immolate+1","True Grit+1","Whirlwind+1","Adrenaline+1","Metallicize+1","Impervious+1","Shrug It Off+1","Spot Weakness+1","Barricade+1","Seeing Red+1","Metallicize+1","infinitespire:SevenWalls+1","Battle Trance+1","Impervious+1","Burning Pact+1","Flame Barrier+1","Dual Wield+1","Uppercut+1","Finesse+1","infinitespire:NeuralNetwork+1","Shrug It Off+1","Body Slam+1","Juggernaut","Dark Embrace","Second Wind","infinitespire:NeuralNetwork","Exhume+1","infinitespire:FutureSight+1","infinitespire:Collect+1","Dual Wield+1","Burning Pact+1"],"relics":["Black Blood","Anchor","Kunai","Smiling Mask","Omamori","Meat on the Bone","Du-Vu Doll","infinitespire:Satchel","Fusion Hammer","Magic Flower","Bottled Flame","Old Coin","Coffee Dripper","Orrery","Peace Pipe","infinitespire:Lychee Nut","Boot","Mark of the Bloom","Black Star","Nunchaku","infinitespire:CursedDice","Mummified Hand","infinitespire:Beetle Shell","Toxic Egg 2","Blood Vial","infinitespire:EmpoweringShard","Strawberry","infinitespire:Lucky Rock","Regal Pillow","Shuriken","Runic Pyramid","MutagenicStrength","infinitespire:Midas Blood","Charon\u0027s Ashes"],"acts_visited":["Exordium","TheCity","TheBeyond","Exordium","TheCity"],"potions_floor_usage":[],"damage_taken":[{"damage":4.0,"enemies":"Small Slimes","floor":1.0,"turns":4.0},{"damage":1.0,"enemies":"Cultist","floor":3.0,"turns":3.0},{"damage":0.0,"enemies":"Jaw Worm","floor":4.0,"turns":3.0},{"damage":0.0,"enemies":"Exordium Thugs","floor":5.0,"turns":2.0},{"damage":3.0,"enemies":"3 Sentries","floor":7.0,"turns":4.0},{"damage":8.0,"enemies":"Lagavulin","floor":10.0,"turns":6.0},{"damage":1.0,"enemies":"Looter","floor":12.0,"turns":3.0},{"damage":3.0,"enemies":"Gremlin Nob","floor":13.0,"turns":3.0},{"damage":57.0,"enemies":"The Guardian","floor":16.0,"turns":9.0},{"damage":2.0,"enemies":"Chosen","floor":18.0,"turns":3.0},{"damage":11.0,"enemies":"Spheric Guardian","floor":21.0,"turns":4.0},{"damage":5.0,"enemies":"Cultist and Chosen","floor":24.0,"turns":5.0},{"damage":7.0,"enemies":"Slavers","floor":27.0,"turns":4.0},{"damage":0.0,"enemies":"Sentry and Sphere","floor":30.0,"turns":5.0},{"damage":5.0,"enemies":"Centurion and Healer","floor":31.0,"turns":6.0},{"damage":0.0,"enemies":"Champ","floor":33.0,"turns":26.0},{"damage":14.0,"enemies":"3 Darklings","floor":35.0,"turns":2.0},{"damage":6.0,"enemies":"3 Shapes","floor":37.0,"turns":3.0},{"damage":0.0,"enemies":"infinitespire:Three Voidlings","floor":39.0,"turns":3.0},{"damage":0.0,"enemies":"Nightmare_Alpha","floor":39.0,"turns":16.0},{"damage":0.0,"enemies":"Nemesis","floor":40.0,"turns":7.0},{"damage":0.0,"enemies":"3 Darklings","floor":41.0,"turns":4.0},{"damage":0.0,"enemies":"Giant Head","floor":45.0,"turns":8.0},{"damage":4.0,"enemies":"4 Shapes","floor":47.0,"turns":4.0},{"damage":2.0,"enemies":"Awakened One","floor":50.0,"turns":10.0},{"damage":0.0,"enemies":"Donu and Deca","floor":51.0,"turns":10.0},{"damage":0.0,"enemies":"Cultist","floor":53.0,"turns":2.0},{"damage":0.0,"enemies":"Small Slimes","floor":54.0,"turns":1.0},{"damage":0.0,"enemies":"Jaw Worm","floor":55.0,"turns":2.0},{"damage":0.0,"enemies":"Lagavulin Event","floor":56.0,"turns":2.0},{"damage":0.0,"enemies":"Blue Slaver","floor":57.0,"turns":3.0},{"damage":0.0,"enemies":"3 Sentries","floor":58.0,"turns":3.0},{"damage":34.0,"enemies":"Nightmare_Alpha","floor":60.0,"turns":8.0},{"damage":0.0,"enemies":"3 Louse","floor":63.0,"turns":1.0},{"damage":0.0,"enemies":"Gremlin Gang","floor":65.0,"turns":2.0},{"damage":0.0,"enemies":"3 Sentries","floor":66.0,"turns":3.0},{"damage":0.0,"enemies":"Slime Boss","floor":68.0,"turns":3.0},{"damage":0.0,"enemies":"3 Byrds","floor":70.0,"turns":4.0},{"damage":6.0,"enemies":"Book of Stabbing","floor":75.0,"turns":2.0},{"damage":32,"enemies":"Shell Parasite","floor":77,"turns":2}],"seed_played":"-3381264674875500056","potions_obtained":[{"floor":4.0,"key":"DuplicationPotion"},{"floor":12.0,"key":"SteroidPotion"},{"floor":13.0,"key":"Block Potion"},{"floor":18.0,"key":"AttackPotion"},{"floor":30.0,"key":"Energy Potion"},{"floor":31.0,"key":"PowerPotion"},{"floor":33.0,"key":"Fire Potion"},{"floor":40.0,"key":"DuplicationPotion"},{"floor":54.0,"key":"Explosive Potion"},{"floor":63.0,"key":"Strength Potion"}],"is_trial":false,"path_per_floor":["M","?","M","M","M","R","E","?","T","E","R","M","E","$","R","B",null,"M","?","AVR","M","?","R","M","R","T","E","?","?","M","M","R","B",null,"M","$","M","?","?","E","M","R","T","R","E","R","M","?","R","B","B",null,"M","M","M","?","M","E","$","NM","T","R","M","R","M","E","R","B",null,"M","AVR","?","?","?","E","R","M"],"character_chosen":"IRONCLAD","items_purchased":["infinitespire:Satchel","Metallicize","Orrery","Finesse","infinitespire:Beetle Shell","Toxic Egg 2"],"campfire_rested":2,"item_purchase_floors":[14,14,36,36,59,59],"current_hp_per_floor":[70,70,75,75,75,75,75,58,58,56,56,61,64,64,64,25,63,67,67,67,65,44,68,72,72,72,74,74,55,64,68,80,80,80,75,75,78,78,80,60,60,60,60,60,60,60,60,60,60,58,58,58,58,58,58,58,58,58,58,24,24,24,24,24,24,24,24,24,24,24,24,24,24,24,18,18,0,0],"gold":408,"neow_bonus":"RANDOM_COMMON_RELIC","is_daily":false,"chose_seed":false,"campfire_upgraded":3,"win_rate":0.0,"timestamp":1608587964,"path_taken":["M","?","M","?","M","R","E","?","T","E","R","M","E","?","R","BOSS","M","?","AVR","M","?","R","M","R","T","E","?","?","M","M","R","BOSS","M","$","M","?","?","E","M","R","T","R","E","R","M","?","R","BOSS","BOSS","M","M","M","?","M","E","$","NM","T","R","M","R","M","E","R","BOSS","M","AVR","?","?","?","E","R","?"],"items_purchased_type":["Relic","Card","Relic","Card","Relic","Relic"],"build_version":"2020-12-13","purchased_purges":4,"victory":false,"max_hp_per_floor":[75,75,75,75,75,75,75,75,75,75,75,75,75,75,75,75,75,75,75,75,75,80,80,80,80,80,80,80,80,80,80,80,80,80,80,80,80,80,80,60,60,60,60,60,60,60,60,60,60,60,60,60,60,60,60,60,60,60,60,60,67,67,67,67,67,67,67,67,67,67,67,67,67,67,67,67,67,67],"relic_stats":{"Mark of the Bloom":474,"Regal Pillow":0,"counters":[40,195],"Black Blood":111,"Magic Flower":[22],"Charon\u0027s Ashes":[0],"Smiling Mask":150,"Boot":[1],"Peace Pipe":8,"Blood Vial":0,"Nunchaku":[6],"Mummified Hand":[44],"Shuriken":[1],"Black Star":4,"Kunai":[39],"obtain_stats":[{"Mark of the Bloom":48,"Regal Pillow":66,"Magic Flower":20,"Black Blood":69,"Smiling Mask":8,"Boot":45,"Burning Blood":0,"Old Coin":27,"Blood Vial":60,"Nunchaku":56,"Mummified Hand":58,"Strawberry":61,"Fusion Hammer":17,"Kunai":7,"Toxic Egg 2":59,"Runic Pyramid":71,"infinitespire:CursedDice":58,"infinitespire:Beetle Shell":59,"Charon\u0027s Ashes":75,"Omamori":9,"infinitespire:Lucky Rock":66,"Du-Vu Doll":13,"Peace Pipe":39,"Anchor":0,"Bottled Flame":26,"infinitespire:Lychee Nut":40,"Shuriken":71,"MutagenicStrength":73,"infinitespire:Satchel":14,"Orrery":36,"Coffee Dripper":34,"Black Star":52,"infinitespire:EmpoweringShard":60,"Meat on the Bone":10,"infinitespire:Midas Blood":75},{"Mark of the Bloom":24,"Regal Pillow":36,"Magic Flower":10,"Black Blood":37,"Smiling Mask":5,"Boot":23,"Burning Blood":0,"Old Coin":13,"Blood Vial":33,"Nunchaku":30,"Mummified Hand":32,"Strawberry":33,"Fusion Hammer":9,"Kunai":5,"Toxic Egg 2":32,"Runic Pyramid":38,"infinitespire:CursedDice":32,"infinitespire:Beetle Shell":32,"Charon\u0027s Ashes":39,"Omamori":5,"infinitespire:Lucky Rock":36,"Du-Vu Doll":8,"Peace Pipe":20,"Anchor":0,"Bottled Flame":12,"infinitespire:Lychee Nut":21,"Shuriken":38,"MutagenicStrength":38,"infinitespire:Satchel":8,"Orrery":17,"Coffee Dripper":16,"Black Star":26,"infinitespire:EmpoweringShard":33,"Meat on the Bone":6,"infinitespire:Midas Blood":39},{"Mark of the Bloom":137,"Regal Pillow":184,"Magic Flower":40,"Black Blood":187,"Smiling Mask":16,"Boot":133,"Burning Blood":0,"Old Coin":53,"Blood Vial":178,"Nunchaku":164,"Mummified Hand":170,"Strawberry":178,"Fusion Hammer":37,"Kunai":16,"Toxic Egg 2":170,"Runic Pyramid":191,"infinitespire:CursedDice":170,"infinitespire:Beetle Shell":170,"Charon\u0027s Ashes":193,"Omamori":16,"infinitespire:Lucky Rock":184,"Du-Vu Doll":28,"Peace Pipe":114,"Anchor":0,"Bottled Flame":49,"infinitespire:Lychee Nut":121,"Shuriken":191,"MutagenicStrength":191,"infinitespire:Satchel":28,"Orrery":92,"Coffee Dripper":90,"Black Star":157,"infinitespire:EmpoweringShard":178,"Meat on the Bone":22,"infinitespire:Midas Blood":193}],"Meat on the Bone":12},"card_choices":[{"not_picked":["True Grit","Body Slam"],"picked":"Battle Trance","floor":1.0},{"not_picked":["Clash","Entrench"],"picked":"Pommel Strike","floor":3.0},{"not_picked":["Evolve","Clothesline"],"picked":"True Grit","floor":4.0},{"not_picked":["Sword Boomerang","True Grit"],"picked":"Blood for Blood","floor":5.0},{"not_picked":["Berserk","Body Slam"],"picked":"Whirlwind","floor":7.0},{"not_picked":["Twin Strike","Sentinel","Pummel"],"picked":"SKIP","floor":10.0},{"not_picked":["Cleave","Iron Wave"],"picked":"Wild Strike","floor":12.0},{"not_picked":["Warcry","Bludgeon","Wild Strike"],"picked":"SKIP","floor":13.0},{"not_picked":["Berserk","Brutality"],"picked":"Impervious","floor":16.0},{"not_picked":["Havoc","True Grit"],"picked":"Shrug It Off","floor":18.0},{"not_picked":["Havoc","Intimidate"],"picked":"Spot Weakness","floor":21.0},{"not_picked":["Feel No Pain","Sword Boomerang"],"picked":"Barricade","floor":24.0},{"not_picked":["Uppercut","Cleave"],"picked":"Seeing Red+1","floor":27.0},{"not_picked":["infinitespire:FutureSight","infinitespire:DeathsTouch"],"picked":"infinitespire:SevenWalls","floor":29.0},{"not_picked":["Armaments","Hemokinesis","Thunderclap"],"picked":"SKIP","floor":30.0},{"not_picked":["Anger","Rage"],"picked":"Battle Trance","floor":31.0},{"not_picked":["Limit Break","Corruption"],"picked":"Impervious","floor":33.0},{"not_picked":["Intimidate","Headbutt","Searing Blow"],"picked":"SKIP","floor":35.0},{"not_picked":["Thunderclap+1","Pommel Strike"],"picked":"Burning Pact+1","floor":36.0},{"not_picked":["Immolate","True Grit"],"picked":"Flame Barrier+1","floor":36.0},{"not_picked":["Burning Pact+1","Armaments+1"],"picked":"Dual Wield","floor":36.0},{"not_picked":["Shrug It Off","Iron Wave"],"picked":"Uppercut+1","floor":36.0},{"not_picked":["True Grit","Pommel Strike+1"],"picked":"Heavy Blade+1","floor":36.0},{"not_picked":["Intimidate","Sword Boomerang","Wild Strike"],"picked":"SKIP","floor":37.0},{"not_picked":["infinitespire:FinalStrike","infinitespire:TheBestDefense"],"picked":"infinitespire:NeuralNetwork","floor":39.0},{"not_picked":["Clothesline","Shockwave"],"picked":"Shrug It Off","floor":40.0},{"not_picked":["Intimidate","Shrug It Off"],"picked":"Anger","floor":41.0},{"not_picked":["Spot Weakness","Carnage"],"picked":"Body Slam+1","floor":45.0},{"not_picked":["Rupture","Clash","Combust"],"picked":"SKIP","floor":47.0},{"not_picked":["Demon Form","Double Tap"],"picked":"Juggernaut","floor":50.0},{"not_picked":["Clothesline","Sword Boomerang","Reckless Charge"],"picked":"SKIP","floor":53.0},{"not_picked":["Power Through","Flex","Clothesline"],"picked":"SKIP","floor":54.0},{"not_picked":["Headbutt","Clash"],"picked":"Dark Embrace","floor":55.0},{"not_picked":["Clothesline","Havoc","Dual Wield"],"picked":"SKIP","floor":57.0},{"not_picked":["Dual Wield","Armaments"],"picked":"Second Wind","floor":58.0},{"not_picked":["infinitespire:Gouge","infinitespire:Punishment"],"picked":"infinitespire:NeuralNetwork","floor":60.0},{"not_picked":["Clash","Fire Breathing","Perfected Strike"],"picked":"SKIP","floor":60.0},{"not_picked":["Havoc+1","Perfected Strike","Warcry+1"],"picked":"SKIP","floor":63.0},{"not_picked":["Armaments+1","Anger","Hemokinesis"],"picked":"SKIP","floor":65.0},{"not_picked":["Heavy Blade","Body Slam","Flex+1"],"picked":"SKIP","floor":66.0},{"not_picked":["Berserk","Fiend Fire"],"picked":"Exhume+1","floor":68.0},{"not_picked":["infinitespire:SealOfDarkness+","infinitespire:Menacing"],"picked":"infinitespire:FutureSight","floor":69.0},{"not_picked":["Warcry+1","Pommel Strike"],"picked":"Body Slam","floor":70.0},{"not_picked":["Sever Soul","Iron Wave"],"picked":"Burning Pact+1","floor":75.0}],"player_experience":811460,"relics_obtained":[{"floor":7.0,"key":"Kunai"},{"floor":9.0,"key":"Omamori"},{"floor":10.0,"key":"Meat on the Bone"},{"floor":13.0,"key":"Du-Vu Doll"},{"floor":26.0,"key":"Bottled Flame"},{"floor":27.0,"key":"Old Coin"},{"floor":39.0,"key":"Peace Pipe"},{"floor":40.0,"key":"infinitespire:Lychee Nut"},{"floor":45.0,"key":"Boot"},{"floor":56.0,"key":"Nunchaku"},{"floor":58.0,"key":"infinitespire:CursedDice"},{"floor":58.0,"key":"Mummified Hand"},{"floor":60.0,"key":"Blood Vial"},{"floor":60.0,"key":"infinitespire:EmpoweringShard"},{"floor":61.0,"key":"Strawberry"},{"floor":66.0,"key":"infinitespire:Lucky Rock"},{"floor":66.0,"key":"Regal Pillow"},{"floor":75.0,"key":"infinitespire:Midas Blood"},{"floor":75.0,"key":"Charon\u0027s Ashes"}],"event_choices":[{"damage_healed":0.0,"max_hp_gain":0.0,"max_hp_loss":0.0,"gold_gain":0.0,"event_name":"Match and Keep!","player_choice":"2 cards matched","floor":2.0,"gold_loss":0.0,"damage_taken":0.0,"cards_obtained":["Immolate","Fire Breathing"]},{"damage_healed":0.0,"max_hp_gain":0.0,"max_hp_loss":0.0,"gold_gain":50.0,"event_name":"betterThird:BetterNest","player_choice":"Steal","floor":19.0,"gold_loss":0.0,"damage_taken":0.0},{"damage_healed":0.0,"max_hp_gain":5.0,"max_hp_loss":0.0,"gold_gain":0.0,"event_name":"Forgotten Altar","player_choice":"Shed Blood","floor":22.0,"gold_loss":0.0,"damage_taken":26.0},{"damage_healed":0.0,"max_hp_gain":0.0,"max_hp_loss":0.0,"gold_gain":0.0,"event_name":"The Library","player_choice":"Read","floor":28.0,"gold_loss":0.0,"damage_taken":0.0,"cards_obtained":["Metallicize"]},{"cards_removed":["Fire Breathing"],"damage_healed":0.0,"max_hp_gain":0.0,"max_hp_loss":0.0,"gold_gain":0.0,"event_name":"Falling","player_choice":"Removed Power","floor":38.0,"gold_loss":0.0,"damage_taken":0.0},{"damage_healed":0.0,"max_hp_gain":0.0,"max_hp_loss":0.0,"gold_gain":0.0,"event_name":"MindBloom","player_choice":"Upgrade","floor":48.0,"gold_loss":0.0,"damage_taken":0.0,"cards_upgraded":["Defend_R","Defend_R","Defend_R","Defend_R","Battle Trance","Pommel Strike","Whirlwind","Adrenaline","Metallicize","Impervious","Shrug It Off","Spot Weakness","Barricade","Metallicize","infinitespire:SevenWalls","Battle Trance","Impervious","Dual Wield","Finesse","infinitespire:NeuralNetwork","Shrug It Off","Anger"],"relics_obtained":["Mark of the Bloom"]},{"damage_healed":0.0,"max_hp_gain":0.0,"max_hp_loss":0.0,"gold_gain":0.0,"event_name":"Dead Adventurer","player_choice":"Searched \u00271\u0027 times","floor":56.0,"gold_loss":0.0,"damage_taken":0.0},{"damage_healed":0.0,"max_hp_gain":0.0,"max_hp_loss":0.0,"gold_gain":0.0,"event_name":"The Library","player_choice":"Read","floor":72.0,"gold_loss":0.0,"damage_taken":0.0,"cards_obtained":["Dual Wield"]},{"damage_healed":0.0,"max_hp_gain":0.0,"max_hp_loss":0.0,"gold_gain":0.0,"event_name":"Drug Dealer","player_choice":"Inject Mutagens","floor":73.0,"gold_loss":0.0,"damage_taken":0.0,"relics_obtained":["MutagenicStrength"]},{"cards_removed":["Body Slam"],"damage_healed":5.0,"max_hp_gain":0.0,"max_hp_loss":0.0,"gold_gain":0.0,"event_name":"Bonfire Elementals","player_choice":"Offered Common","floor":74.0,"gold_loss":0.0,"damage_taken":0.0},{"cards_removed":["Body Slam"],"damage_healed":5.0,"max_hp_gain":0.0,"max_hp_loss":0.0,"gold_gain":0.0,"event_name":"Bonfire Elementals","player_choice":"Offered Special","floor":74.0,"gold_loss":0.0,"damage_taken":0.0}],"is_beta":false,"boss_relics":[{"not_picked":["Runic Dome","Astrolabe"],"picked":"Fusion Hammer"},{"not_picked":["Runic Pyramid","Mark of Pain"],"picked":"Coffee Dripper"},{"not_picked":["Velvet Choker","Empty Cage"],"picked":"Black Star"},{"not_picked":["Snecko Eye","Busted Crown"],"picked":"Black Blood"}],"items_purged_floors":[14,20,36,36],"is_endless":true,"potions_floor_spawned":[4,12,13,18,30,31,33,40,41,45,54,57,58,63],"killed_by":"Shell Parasite","ascension_level":20}}