{"host":"fjaupvxe7fzqrf4j","time":1608535035,"event":{"mods":["BaseMod","Minty Spire (QoL Compilation)","StSLib"],"gold_per_floor":[114,56,73,53,53,86,111,111,111],"floor_reached":8,"playtime":272,"items_purged":[],"score":128,"play_id":"0b8ecfd3-3846-4406-904e-8e97f9494057","local_time":"20201221151715","daily_mods":["SealedDeck","Heirloom","Time Dilation","Flight","Elite Swarm"],"is_ascension_mode":true,"campfire_choices":[],"circlet_count":0,"master_deck":["AscendersBane","Hologram","Cold Snap","Sunder","Force Field","Blizzard","Redo","Cold Snap","Glacier","Coolheaded","Capacitor","Coolheaded","Ball Lightning"],"relics":["Cracked Core","FossilizedHelix","Art of War","Nunchaku"],"acts_visited":["Exordium"],"potions_floor_usage":[],"damage_taken":[{"damage":0.0,"enemies":"Small Slimes","floor":1.0,"turns":4.0},{"damage":0.0,"enemies":"Cultist","floor":3.0,"turns":4.0},{"damage":16.0,"enemies":"3 Sentries","floor":6.0,"turns":8.0},{"damage":25,"enemies":"Gremlin Nob","floor":7,"turns":5},{"damage":0,"enemies":"3 Sentries","floor":8,"turns":1}],"seed_played":"-4417817400402514919","potions_obtained":[{"floor":3.0,"key":"PowerPotion"},{"floor":4.0,"key":"Regen Potion"},{"floor":6.0,"key":"FocusPotion"}],"is_trial":true,"path_per_floor":["M","$","M","?","$","E","E","E"],"character_chosen":"DEFECT","items_purchased":["Ball Lightning"],"campfire_rested":0,"item_purchase_floors":[2],"current_hp_per_floor":[64,64,64,64,64,48,23,23,23],"gold":111,"neow_bonus":"","is_daily":false,"chose_seed":false,"campfire_upgraded":0,"win_rate":0.0,"timestamp":1608535035,"path_taken":["M","$","M","?","$","E","E","E"],"items_purchased_type":["Card"],"build_version":"2020-12-13","purchased_purges":0,"victory":false,"max_hp_per_floor":[71,71,71,71,71,71,71,71,71],"card_choices":[{"not_picked":["Sweeping Beam","Redo"],"picked":"Coolheaded","floor":1.0},{"not_picked":["Go for the Eyes","Doom and Gloom","Beam Cell"],"picked":"SKIP","floor":3.0},{"not_picked":["Amplify","All For One","Hyperbeam"],"picked":"SKIP","floor":6.0},{"not_picked":["Amplify","All For One","Hyperbeam"],"picked":"SKIP","floor":6.0},{"not_picked":["Reboot","Hyperbeam","Thunder Strike"],"picked":"SKIP","floor":7}],"player_experience":222176,"relics_obtained":[{"floor":6.0,"key":"Art of War"},{"floor":7,"key":"Nunchaku"}],"event_choices":[{"damage_healed":0.0,"max_hp_gain":0.0,"max_hp_loss":0.0,"gold_gain":0.0,"event_name":"The Woman in Blue","player_choice":"Bought 1 Potion","floor":4.0,"gold_loss":0.0,"damage_taken":0.0}],"is_beta":false,"boss_relics":[],"items_purged_floors":[],"is_endless":false,"potions_floor_spawned":[3,6],"killed_by":"3 Sentries","ascension_level":20}}