{"host":"rmsq46plbpwfbxcc","time":1608560489,"event":{"mods":["AchievementEnabler","BaseMod","Colored Map","DeckTracker","Minty Spire (QoL Compilation)","Permanent Neow","SuperFastMode"],"gold_per_floor":[114,127,147,158,158,189,189,215,265,265,279,295,295,14,14,93,93,110,110,121,140,159,159,159,159,185,212,212,229,241,272,272,346,346,363,363,374,44,44,44,74,84,84,98,129,129,129,22,22,22,22],"floor_reached":50,"playtime":1612,"items_purged":["Pain","Writhe"],"score":1039,"play_id":"1b73c1a3-bdd7-4679-b3f6-ea61255f8383","local_time":"20201221232129","is_ascension_mode":true,"campfire_choices":[{"data":"After Image","floor":7.0,"key":"SMITH"},{"data":"Footwork","floor":10.0,"key":"SMITH"},{"data":"Blade Dance","floor":13.0,"key":"SMITH"},{"data":"Neutralize","floor":15.0,"key":"SMITH"},{"data":"Envenom","floor":23.0,"key":"SMITH"},{"data":"Blur","floor":25.0,"key":"SMITH"},{"data":"Catalyst","floor":28.0,"key":"SMITH"},{"data":"Blade Dance","floor":32.0,"key":"SMITH"},{"data":"Acrobatics","floor":40.0,"key":"SMITH"},{"data":"Backflip","floor":46.0,"key":"SMITH"},{"data":"Survivor","floor":49.0,"key":"SMITH"}],"circlet_count":0,"master_deck":["AscendersBane","Strike_G","Strike_G","Strike_G","Strike_G","Strike_G","Defend_G","Defend_G","Defend_G","Defend_G","Defend_G","Survivor+1","Neutralize+1","Blade Dance+1","Footwork+1","After Image+1","Decay","PiercingWail","PiercingWail","Envenom+1","CurseOfTheBell","Backflip+1","Cloak And Dagger+1","Blur+1","Catalyst+1","Cloak And Dagger+1","Blade Dance+1","Bullet Time","Backflip+1","Acrobatics+1","Finisher+1","Bane+1","Predator+1"],"relics":["Coffee Dripper","Molten Egg 2","Bottled Tornado","Tiny Chest","Shuriken","Calling Bell","Orichalcum","Mercury Hourglass","Du-Vu Doll","Happy Flower","Boot","Gremlin Horn","Centennial Puzzle","WristBlade","WarpedTongs","Pen Nib","Smiling Mask","StoneCalendar","Toy Ornithopter","Turnip"],"acts_visited":["Exordium","TheCity","TheBeyond"],"potions_floor_usage":[50],"damage_taken":[{"damage":0.0,"enemies":"2 Louse","floor":1.0,"turns":4.0},{"damage":1.0,"enemies":"Cultist","floor":2.0,"turns":4.0},{"damage":0.0,"enemies":"Jaw Worm","floor":3.0,"turns":4.0},{"damage":5.0,"enemies":"3 Louse","floor":4.0,"turns":4.0},{"damage":4.0,"enemies":"3 Sentries","floor":6.0,"turns":9.0},{"damage":24.0,"enemies":"Lagavulin","floor":8.0,"turns":12.0},{"damage":1.0,"enemies":"Lots of Slimes","floor":11.0,"turns":7.0},{"damage":1.0,"enemies":"Looter","floor":12.0,"turns":5.0},{"damage":5.0,"enemies":"The Guardian","floor":16.0,"turns":12.0},{"damage":0.0,"enemies":"Chosen","floor":18.0,"turns":4.0},{"damage":0.0,"enemies":"3 Byrds","floor":20.0,"turns":3.0},{"damage":25.0,"enemies":"Snake Plant","floor":21.0,"turns":5.0},{"damage":0.0,"enemies":"Shelled Parasite and Fungi","floor":22.0,"turns":6.0},{"damage":0.0,"enemies":"Gremlin Leader","floor":27.0,"turns":5.0},{"damage":1.0,"enemies":"Centurion and Healer","floor":29.0,"turns":6.0},{"damage":0.0,"enemies":"3 Cultists","floor":30.0,"turns":5.0},{"damage":2.0,"enemies":"Slavers","floor":31.0,"turns":5.0},{"damage":3.0,"enemies":"Automaton","floor":33.0,"turns":7.0},{"damage":7.0,"enemies":"3 Shapes","floor":35.0,"turns":2.0},{"damage":4.0,"enemies":"3 Darklings","floor":37.0,"turns":4.0},{"damage":3.0,"enemies":"Nemesis","floor":41.0,"turns":3.0},{"damage":9.0,"enemies":"Sphere and 2 Shapes","floor":42.0,"turns":3.0},{"damage":0.0,"enemies":"Maw","floor":44.0,"turns":7.0},{"damage":6.0,"enemies":"Giant Head","floor":45.0,"turns":6.0},{"damage":66,"enemies":"Time Eater","floor":50,"turns":5}],"seed_played":"7755469873331124088","potions_obtained":[{"floor":2.0,"key":"Explosive Potion"},{"floor":6.0,"key":"LiquidMemories"},{"floor":12.0,"key":"Swift Potion"},{"floor":16.0,"key":"SteroidPotion"},{"floor":18.0,"key":"PowerPotion"},{"floor":21.0,"key":"EssenceOfSteel"},{"floor":22.0,"key":"Block Potion"},{"floor":30.0,"key":"ColorlessPotion"},{"floor":33.0,"key":"FairyPotion"},{"floor":35.0,"key":"GhostInAJar"},{"floor":44.0,"key":"Weak Potion"}],"is_trial":false,"path_per_floor":["M","M","M","M","?","E","R","E","T","R","M","M","R","$","R","B",null,"M","?","M","M","M","R","?","R","T","E","R","M","M","E","R","B",null,"M","?","M","$","T","R","E","M","T","M","E","R","?","$","R","B"],"character_chosen":"THE_SILENT","items_purchased":["Shuriken","Pen Nib","Finisher+1","PowerPotion"],"campfire_rested":0,"item_purchase_floors":[14,38,38,48],"current_hp_per_floor":[59,58,58,53,53,49,49,25,25,25,24,23,23,23,23,18,54,54,54,54,29,29,29,29,29,29,29,29,28,28,26,26,23,55,48,48,44,44,44,44,41,32,32,32,31,31,31,31,31,0,0],"gold":22,"neow_bonus":"BOSS_RELIC","is_daily":false,"chose_seed":false,"campfire_upgraded":11,"win_rate":0.0,"timestamp":1608560489,"path_taken":["M","M","M","M","?","E","R","E","T","R","M","M","R","$","R","BOSS","M","?","M","M","M","R","?","R","T","E","R","M","M","E","R","BOSS","M","?","M","$","?","R","E","M","T","M","E","R","?","$","R","BOSS"],"items_purchased_type":["Relic","Relic","Card","Potion"],"build_version":"2020-12-13","purchased_purges":2,"victory":false,"max_hp_per_floor":[66,66,66,66,66,66,66,66,66,66,66,66,66,66,66,66,66,66,66,66,66,66,66,66,66,66,66,66,66,66,66,66,66,66,66,66,66,66,66,66,66,66,66,66,66,66,66,66,66,66,66],"card_choices":[{"not_picked":["Underhanded Strike","Prepared"],"picked":"Blade Dance","floor":1.0},{"not_picked":["Caltrops","Dagger Spray","Endless Agony"],"picked":"SKIP","floor":2.0},{"not_picked":["Caltrops","Sucker Punch"],"picked":"Footwork","floor":3.0},{"not_picked":["Blade Dance","Catalyst"],"picked":"After Image","floor":4.0},{"not_picked":["Bouncing Flask","Prepared","Acrobatics"],"picked":"SKIP","floor":6.0},{"not_picked":["Caltrops","Quick Slash+1","Reflex"],"picked":"SKIP","floor":8.0},{"not_picked":["Dagger Throw+1","Catalyst"],"picked":"PiercingWail","floor":11.0},{"not_picked":["Acrobatics","Footwork"],"picked":"PiercingWail","floor":12.0},{"not_picked":["Tools of the Trade","Die Die Die+1"],"picked":"Envenom","floor":16.0},{"not_picked":["Prepared","Outmaneuver+1"],"picked":"Backflip","floor":18.0},{"not_picked":["Prepared+1","Slice+1"],"picked":"Cloak And Dagger+1","floor":20.0},{"not_picked":["Concentrate","Poisoned Stab+1"],"picked":"Blur","floor":21.0},{"not_picked":["Deflect","Outmaneuver","Masterful Stab+1"],"picked":"SKIP","floor":22.0},{"not_picked":["Backflip","Deadly Poison+1"],"picked":"Catalyst","floor":27.0},{"not_picked":["Backstab+1","Footwork+1","Outmaneuver"],"picked":"SKIP","floor":29.0},{"not_picked":["Caltrops","Envenom"],"picked":"Cloak And Dagger+1","floor":30.0},{"not_picked":["Slice+1","Prepared"],"picked":"Blade Dance","floor":31.0},{"not_picked":["Envenom","After Image"],"picked":"Bullet Time","floor":33.0},{"not_picked":["Crippling Poison","Prepared"],"picked":"Backflip+1","floor":35.0},{"not_picked":["Footwork","Flechettes+1"],"picked":"Acrobatics","floor":37.0},{"not_picked":["PiercingWail","Endless Agony+1","Malaise"],"picked":"SKIP","floor":41.0},{"not_picked":["Caltrops","Sucker Punch+1"],"picked":"Bane+1","floor":42.0},{"not_picked":["Cloak And Dagger","Outmaneuver+1"],"picked":"Predator+1","floor":44.0},{"not_picked":["Poisoned Stab+1","Prepared","Unload+1"],"picked":"SKIP","floor":45.0}],"player_experience":1352038,"relics_obtained":[{"floor":6.0,"key":"Molten Egg 2"},{"floor":8.0,"key":"Bottled Tornado"},{"floor":9.0,"key":"Tiny Chest"},{"floor":17.0,"key":"Orichalcum"},{"floor":17.0,"key":"Mercury Hourglass"},{"floor":17.0,"key":"Du-Vu Doll"},{"floor":26.0,"key":"Boot"},{"floor":27.0,"key":"Gremlin Horn"},{"floor":31.0,"key":"Centennial Puzzle"},{"floor":39.0,"key":"Smiling Mask"},{"floor":41.0,"key":"StoneCalendar"},{"floor":43.0,"key":"Toy Ornithopter"},{"floor":45.0,"key":"Turnip"}],"event_choices":[{"damage_healed":0.0,"max_hp_gain":0.0,"max_hp_loss":0.0,"gold_gain":0.0,"event_name":"Wheel of Change","player_choice":"Cursed","floor":5.0,"gold_loss":0.0,"damage_taken":0.0,"cards_obtained":["Decay"]},{"damage_healed":0.0,"max_hp_gain":0.0,"max_hp_loss":0.0,"gold_gain":0.0,"event_name":"The Mausoleum","player_choice":"Opened","floor":19.0,"gold_loss":0.0,"damage_taken":0.0,"relics_obtained":["Happy Flower"],"cards_obtained":["Writhe"]},{"damage_healed":0.0,"max_hp_gain":0.0,"max_hp_loss":0.0,"gold_gain":0.0,"event_name":"Ghosts","player_choice":"Ignored","floor":24.0,"gold_loss":0.0,"damage_taken":0.0},{"damage_healed":0.0,"max_hp_gain":0.0,"max_hp_loss":0.0,"gold_gain":0.0,"event_name":"Accursed Blacksmith","player_choice":"Rummage","floor":36.0,"gold_loss":0.0,"damage_taken":0.0,"relics_obtained":["WarpedTongs"],"cards_obtained":["Pain"]},{"damage_healed":0.0,"max_hp_gain":0.0,"max_hp_loss":0.0,"gold_gain":0.0,"event_name":"Tomb of Lord Red Mask","player_choice":"Ignored","floor":47.0,"gold_loss":0.0,"damage_taken":0.0}],"is_beta":false,"boss_relics":[{"not_picked":["Ectoplasm","Velvet Choker"],"picked":"Calling Bell"},{"not_picked":["Sozu","SlaversCollar"],"picked":"WristBlade"}],"items_purged_floors":[38,48],"is_endless":false,"potions_floor_spawned":[2,6,12,16,18,21,22,30,33,35,44],"killed_by":"Time Eater","ascension_level":16}}