{"host":"2lo6hma6kymb0g9i","time":1608574453,"event":{"mods":["BaseMod","Colored Map","DeckTracker","Minty Spire (QoL Compilation)"],"gold_per_floor":[109,109,124,203,215,215,246,262,286,4,4,23,23,23,23,95,95,113,113,125,141,141,141,141,141],"floor_reached":24,"playtime":1467,"items_purged":["Strike_G"],"score":382,"play_id":"dfd2d641-db15-4485-aa16-fc50f050c05a","local_time":"20201222031413","is_ascension_mode":true,"campfire_choices":[{"data":"Neutralize","floor":6.0,"key":"SMITH"},{"data":"Apotheosis","floor":11.0,"key":"SMITH"},{"floor":15.0,"key":"REST"},{"floor":23,"key":"REST"}],"circlet_count":0,"master_deck":["AscendersBane","Strike_G","Strike_G","Strike_G","Defend_G","Defend_G","Defend_G","Defend_G","Defend_G","Survivor","Neutralize+1","Blade Dance","Cloak And Dagger","Noxious Fumes","PiercingWail","Phantasmal Killer","Finisher+1","Apotheosis+1","Terror","Unload+1","Slice+1","Unload+1","Tactician","Decay","Cloak And Dagger+1"],"relics":["Ring of the Snake","Gremlin Horn","Molten Egg 2","Dream Catcher","HoveringKite"],"acts_visited":["Exordium","TheCity"],"potions_floor_usage":[],"damage_taken":[{"damage":0.0,"enemies":"Jaw Worm","floor":1.0,"turns":6.0},{"damage":1.0,"enemies":"2 Louse","floor":3.0,"turns":4.0},{"damage":2.0,"enemies":"Small Slimes","floor":5.0,"turns":5.0},{"damage":33.0,"enemies":"Lagavulin","floor":7.0,"turns":11.0},{"damage":0.0,"enemies":"3 Louse","floor":8.0,"turns":4.0},{"damage":0.0,"enemies":"Exordium Thugs","floor":12.0,"turns":4.0},{"damage":16.0,"enemies":"Hexaghost","floor":16.0,"turns":6.0},{"damage":21.0,"enemies":"Chosen","floor":18.0,"turns":5.0},{"damage":5,"enemies":"3 Byrds","floor":20,"turns":5},{"damage":24,"enemies":"Snake Plant","floor":21,"turns":3},{"damage":40,"enemies":"Sentry and Sphere","floor":24,"turns":5}],"seed_played":"-1892084663164752620","potions_obtained":[{"floor":3.0,"key":"GhostInAJar"},{"floor":5.0,"key":"SpeedPotion"},{"floor":7.0,"key":"SteroidPotion"}],"is_trial":false,"path_per_floor":["M","?","M","T","M","R","E","M","T","$","R","M","?","?","R","B",null,"M","?","M","M","?","R","M"],"character_chosen":"THE_SILENT","items_purchased":["Apotheosis"],"campfire_rested":2,"item_purchase_floors":[10],"current_hp_per_floor":[65,65,64,64,62,62,29,29,29,29,29,29,29,29,50,34,63,42,42,37,13,13,34,0,0],"gold":141,"neow_bonus":"TEN_PERCENT_HP_BONUS","is_daily":false,"chose_seed":false,"campfire_upgraded":2,"win_rate":0.0,"timestamp":1608574453,"path_taken":["M","?","M","?","M","R","E","M","T","$","R","M","?","?","R","BOSS","M","?","?","M","?","R","M"],"items_purchased_type":["Card"],"build_version":"2020-12-13","purchased_purges":1,"victory":false,"max_hp_per_floor":[72,72,72,72,72,72,72,72,72,72,72,72,72,72,72,72,72,72,72,72,72,72,72,72,72],"card_choices":[{"not_picked":["PiercingWail","Deadly Poison"],"picked":"Blade Dance","floor":1.0},{"not_picked":["Distraction","Acrobatics"],"picked":"Noxious Fumes","floor":3.0},{"not_picked":["Acrobatics","Prepared"],"picked":"PiercingWail","floor":5.0},{"not_picked":["Heel Hook+1","All Out Attack+1"],"picked":"Phantasmal Killer","floor":7.0},{"not_picked":["Acrobatics","Backflip"],"picked":"Finisher+1","floor":8.0},{"not_picked":["Poisoned Stab+1","Choke+1"],"picked":"Terror","floor":12.0},{"not_picked":["Phantasmal Killer","Glass Knife+1"],"picked":"Unload+1","floor":16.0},{"not_picked":["Sucker Punch+1","Poisoned Stab+1"],"picked":"Slice+1","floor":18.0},{"not_picked":["Slice+1","Deadly Poison+1","Flying Knee+1"],"picked":"SKIP","floor":20},{"not_picked":["Reflex","Prepared"],"picked":"Tactician","floor":21},{"not_picked":["Bane+1","Sucker Punch+1"],"picked":"Cloak And Dagger+1","floor":23}],"player_experience":858084,"relics_obtained":[{"floor":4.0,"key":"Gremlin Horn"},{"floor":7.0,"key":"Molten Egg 2"},{"floor":9.0,"key":"Dream Catcher"}],"event_choices":[{"damage_healed":0.0,"max_hp_gain":0.0,"max_hp_loss":0.0,"gold_gain":0.0,"cards_transformed":["Strike_G"],"event_name":"Living Wall","player_choice":"Change","floor":2.0,"gold_loss":0.0,"damage_taken":0.0,"cards_obtained":["Cloak And Dagger"]},{"damage_healed":0.0,"max_hp_gain":0.0,"max_hp_loss":0.0,"gold_gain":0.0,"event_name":"Scrap Ooze","player_choice":"Fled","floor":13.0,"gold_loss":0.0,"damage_taken":0.0},{"damage_healed":0.0,"max_hp_gain":0.0,"max_hp_loss":0.0,"gold_gain":0.0,"event_name":"Shining Light","player_choice":"Ignored","floor":14.0,"gold_loss":0.0,"damage_taken":0.0},{"damage_healed":0,"gold_gain":0,"player_choice":"Copied","damage_taken":0,"max_hp_gain":0,"max_hp_loss":0,"event_name":"Duplicator","floor":19,"gold_loss":0,"cards_obtained":["Unload"]},{"damage_healed":0,"gold_gain":0,"player_choice":"Smashed Altar","damage_taken":0,"max_hp_gain":0,"max_hp_loss":0,"event_name":"Forgotten Altar","floor":22,"gold_loss":0,"cards_obtained":["Decay"]}],"is_beta":false,"boss_relics":[{"not_picked":["Runic Dome","Snecko Eye"],"picked":"HoveringKite"}],"items_purged_floors":[10],"is_endless":false,"potions_floor_spawned":[3,5,7],"killed_by":"Sentry and Sphere","ascension_level":19}}