{"host":"j06fkfseroga8i8e","time":1608588237,"event":{"mods":["BaseMod","Bestiary","Colored Map","Colored Powertips","Minty Spire (QoL Compilation)","Relic Stats","Slay the Relics Exporter","StSLib"],"gold_per_floor":[114,114,39,114,114,152,152,172,197,197,197,221,221,260,260,260,260],"floor_reached":16,"playtime":232,"items_purged":["Strike_G"],"score":210,"play_id":"3420ff51-afaf-4daf-b2e4-bd01181a2650","local_time":"20201221170357","is_ascension_mode":true,"campfire_choices":[{"data":"Backstab","floor":7,"key":"SMITH"},{"data":"Skewer","floor":11,"key":"SMITH"},{"data":"Predator","floor":13,"key":"SMITH"},{"data":"Neutralize","floor":15,"key":"SMITH"}],"circlet_count":0,"master_deck":["AscendersBane","Strike_G","Strike_G","Strike_G","Strike_G+1","Defend_G","Defend_G","Defend_G","Defend_G+1","Defend_G","Survivor","Neutralize+1","Dagger Throw","Backstab+1","Skewer+1","Predator+1"],"relics":["Ring of the Snake","NeowsBlessing","Golden Idol","Toy Ornithopter","Art of War","Pen Nib"],"acts_visited":["Exordium"],"potions_floor_usage":[14],"damage_taken":[{"damage":0,"enemies":"2 Louse","floor":1,"turns":1},{"damage":0,"enemies":"3 Sentries","floor":6,"turns":1},{"damage":0,"enemies":"Small Slimes","floor":8,"turns":1},{"damage":0,"enemies":"Jaw Worm","floor":12,"turns":1},{"damage":8,"enemies":"Gremlin Nob","floor":14,"turns":3},{"damage":41,"enemies":"Slime Boss","floor":16,"turns":10}],"seed_played":"7738513999907186570","potions_obtained":[{"floor":8,"key":"Strength Potion"},{"floor":14,"key":"Strength Potion"}],"is_trial":false,"path_per_floor":["M","?","$","?","?","E","R","M","T","?","R","M","R","E","R","B"],"character_chosen":"THE_SILENT","items_purchased":[],"campfire_rested":0,"item_purchase_floors":[],"current_hp_per_floor":[63,63,63,52,39,39,39,39,39,44,44,44,44,41,41,0,0],"gold":260,"neow_bonus":"THREE_ENEMY_KILL","is_daily":false,"chose_seed":false,"campfire_upgraded":4,"win_rate":0.0,"timestamp":1608588237,"path_taken":["M","?","$","?","?","E","R","M","T","?","R","M","R","E","R","BOSS"],"items_purchased_type":[],"build_version":"2020-12-13","purchased_purges":1,"victory":false,"max_hp_per_floor":[70,65,65,65,65,65,65,65,65,70,70,70,70,70,70,70,70],"relic_stats":{"counters":[6,17],"Golden Idol":25,"Pen Nib":[1],"Art of War":[0],"obtain_stats":[{"NeowsBlessing":0,"Golden Idol":2,"Pen Nib":14,"Art of War":9,"Toy Ornithopter":6,"Ring of the Snake":0},{"NeowsBlessing":0,"Golden Idol":1,"Pen Nib":5,"Art of War":3,"Toy Ornithopter":2,"Ring of the Snake":0},{"NeowsBlessing":0,"Golden Idol":1,"Pen Nib":7,"Art of War":3,"Toy Ornithopter":2,"Ring of the Snake":0}],"Toy Ornithopter":5,"Ring of the Snake":[12]},"card_choices":[{"not_picked":["PiercingWail","Deflect"],"picked":"Dagger Throw","floor":1},{"not_picked":["Caltrops","Concentrate"],"picked":"Backstab","floor":6},{"not_picked":["Dagger Spray","Distraction"],"picked":"Skewer","floor":8},{"not_picked":["Dodge and Roll","Poisoned Stab"],"picked":"Predator","floor":12},{"not_picked":["Deadly Poison","Dagger Spray","Endless Agony"],"picked":"SKIP","floor":14}],"player_experience":540058,"relics_obtained":[{"floor":6,"key":"Toy Ornithopter"},{"floor":9,"key":"Art of War"},{"floor":14,"key":"Pen Nib"}],"event_choices":[{"damage_healed":0,"gold_gain":0,"player_choice":"Lose Max HP","damage_taken":0,"relics_obtained":["Golden Idol"],"max_hp_gain":0,"max_hp_loss":5,"event_name":"Golden Idol","floor":2,"gold_loss":0},{"damage_healed":0,"gold_gain":75,"player_choice":"Gather Gold","damage_taken":11,"max_hp_gain":0,"max_hp_loss":0,"event_name":"World of Goop","floor":4,"gold_loss":0},{"damage_healed":0,"gold_gain":0,"player_choice":"Entered Light","damage_taken":13,"max_hp_gain":0,"max_hp_loss":0,"event_name":"Shining Light","floor":5,"gold_loss":0,"cards_upgraded":["Strike_G","Defend_G"]},{"damage_healed":0,"gold_gain":0,"player_choice":"Donut","damage_taken":0,"max_hp_gain":5,"max_hp_loss":0,"event_name":"Big Fish","floor":10,"gold_loss":0}],"is_beta":false,"boss_relics":[],"items_purged_floors":[3],"is_endless":false,"potions_floor_spawned":[8,14],"killed_by":"Slime Boss","ascension_level":12}}