{"host":"jb40sdn36ct36hhv","time":1608534043,"event":{"mods":["Act Like it!","BaseMod","Better Third Choice","Minty Spire (QoL Compilation)","StSLib","The Alterego"],"gold_per_floor":[111,111,36,52,71,97,112,12,38,38,38,38,38],"floor_reached":12,"playtime":1107,"items_purged":["alterego_mod:Defend","alterego_mod:Impale"],"score":78,"play_id":"6ffefb62-306a-460e-be72-8ef1ee9a36d8","local_time":"20201220230043","is_ascension_mode":false,"campfire_choices":[{"data":"alterego_mod:1TonWallop","floor":10,"key":"SMITH"}],"circlet_count":0,"master_deck":["alterego_mod:Strike","alterego_mod:Strike","alterego_mod:Strike","alterego_mod:Defend","alterego_mod:Defend","alterego_mod:BrynhildrsRune","alterego_mod:Punishment","alterego_mod:Birthday","alterego_mod:Birthday","alterego_mod:1TonWallop+1"],"relics":["alterego_mod:MasochisticConstitution","Bag of Marbles","Akabeko","Matryoshka"],"acts_visited":["Exordium"],"potions_floor_usage":[12],"damage_taken":[{"damage":1,"enemies":"2 Louse","floor":1,"turns":3},{"damage":6,"enemies":"Cultist","floor":4,"turns":5},{"damage":9,"enemies":"Jaw Worm","floor":5,"turns":5},{"damage":49,"enemies":"Lagavulin","floor":6,"turns":10},{"damage":15,"enemies":"Large Slime","floor":7,"turns":15},{"damage":18,"enemies":"Gremlin Nob","floor":12,"turns":3}],"seed_played":"492908805294610453","potions_obtained":[{"floor":6,"key":"Dexterity Potion"},{"floor":7,"key":"Weak Potion"}],"is_trial":false,"path_per_floor":["M","?","$","M","M","E","M","$","T","R","T","E"],"character_chosen":"The_Alterego","items_purchased":[],"campfire_rested":0,"item_purchase_floors":[],"current_hp_per_floor":[64,64,64,65,57,18,15,15,15,15,15,0,0],"gold":38,"neow_bonus":"REMOVE_TWO","is_daily":false,"chose_seed":false,"campfire_upgraded":1,"win_rate":0.0,"timestamp":1608534043,"path_taken":["M","?","$","?","M","E","M","?","T","R","?","E"],"items_purchased_type":[],"build_version":"2020-12-13","purchased_purges":2,"victory":false,"max_hp_per_floor":[64,64,64,65,66,67,68,68,68,68,68,68,68],"card_choices":[{"not_picked":["alterego_mod:Undulate","alterego_mod:Cooking","alterego_mod:PerceptionDisorder"],"picked":"SKIP","floor":1},{"not_picked":["alterego_mod:SakuraLabyrinth","alterego_mod:Birthday"],"picked":"alterego_mod:Punishment","floor":4},{"not_picked":["alterego_mod:Rip","alterego_mod:PerceptionDisorder"],"picked":"alterego_mod:Birthday","floor":5},{"not_picked":["alterego_mod:SuperDuperMasochism","alterego_mod:SakuraLabyrinth"],"picked":"alterego_mod:Birthday","floor":6},{"not_picked":["alterego_mod:GoddessCore","alterego_mod:Complex"],"picked":"alterego_mod:1TonWallop","floor":7}],"player_experience":949413,"relics_obtained":[{"floor":6,"key":"Bag of Marbles"},{"floor":9,"key":"Akabeko"},{"floor":11,"key":"Matryoshka"}],"event_choices":[{"cards_removed":["alterego_mod:BigMeatyClaws"],"damage_healed":0,"gold_gain":0,"player_choice":"Offered Basic","damage_taken":0,"max_hp_gain":0,"max_hp_loss":0,"event_name":"Bonfire Elementals","floor":2,"gold_loss":0}],"is_beta":false,"boss_relics":[],"items_purged_floors":[3,8],"is_endless":false,"potions_floor_spawned":[6,7],"killed_by":"Gremlin Nob","ascension_level":0}}