{"host":"p4yrwepmrl4g8pul","time":1608535760,"event":{"mods":["Act Like it!","BaseMod","BetterRewards","Colored Map","Custom Start","Gensokyo","Marisa£®ÏF”Í°°ƒß¿Ì…≥£©","Minty Spire (QoL Compilation)","Quick Restart","Rare Cards Sparkle","Reimu£®≤©¿ˆ¡È√Œ£©","Remilia£®¿Ÿ√◊¿Ú—«£©","Remove Card Discount Mod","Shop Mod","StSLib","The Jungle"],"gold_per_floor":[119,119,119,138,138,138,167,167,217,242,262,280,280,294,294,372,372,388,405,244,264,279,306,306,325,370,386,536,554,180,207,207,280,280,298,298,317,52,52,80,80,80,107,142,96,113,133,0,0,0,0],"floor_reached":52,"playtime":1879,"items_purged":["Strike_R","Bash","Strike_R","Defend_R","Defend_R","Strike_R","Strike_R","Defend_R","Strike_R","Shame","Feed","Armaments+1","Madness","Madness","Flex"],"score":2974,"play_id":"a1fc6731-7d3d-4190-a01a-5188b62770ee","local_time":"20201221152920","is_ascension_mode":true,"campfire_choices":[{"data":"Armaments","floor":6.0,"key":"SMITH"},{"data":"Seeing Red","floor":8.0,"key":"SMITH"},{"data":"Shrug It Off","floor":15.0,"key":"SMITH"},{"data":"Shrug It Off","floor":32.0,"key":"SMITH"},{"data":"Inflame","floor":42.0,"key":"SMITH"},{"data":"Evolve","floor":49.0,"key":"SMITH"}],"circlet_count":0,"master_deck":["AscendersBane","Shrug It Off+1","Flash of Steel+1","Sword Boomerang+1","Inflame+1","Shrug It Off+1","Exhume","Inflame+1","Evolve+1","Inflame+1"],"relics":["Burning Blood","Singing Bowl","Vajra","Lee\u0027s Waffle","HandDrill","TheAbacus","Incense Burner","Whetstone","Toy Ornithopter","Sozu","Lantern","Blood Vial","theJungle:PaperFaux","Centennial Puzzle","CrazyTorch:ReiMu","The Courier","Philosopher\u0027s Stone","TungstenRod","Self Forming Clay","CeramicFish","MawBank","Red Mask"],"acts_visited":["Exordium","Exordium","TheBeyond"],"potions_floor_usage":[],"damage_taken":[{"damage":0.0,"enemies":"Cultist","floor":1.0,"turns":2.0},{"damage":0.0,"enemies":"Jaw Worm","floor":4.0,"turns":2.0},{"damage":0.0,"enemies":"Gremlin Nob","floor":7.0,"turns":3.0},{"damage":0.0,"enemies":"3 Sentries","floor":10.0,"turns":4.0},{"damage":0.0,"enemies":"2 Louse","floor":11.0,"turns":1.0},{"damage":0.0,"enemies":"Gremlin Gang","floor":12.0,"turns":3.0},{"damage":0.0,"enemies":"Looter","floor":14.0,"turns":2.0},{"damage":0.0,"enemies":"The Guardian","floor":16.0,"turns":6.0},{"damage":0.0,"enemies":"theJungle:MUSHROOMGANG","floor":18.0,"turns":3.0},{"damage":36.0,"enemies":"theJungle:Flameango_and_Byrd","floor":19.0,"turns":4.0},{"damage":10.0,"enemies":"theJungle:SlimyTreeVines","floor":21.0,"turns":4.0},{"damage":0.0,"enemies":"theJungle:JungleHuntersEncounter","floor":22.0,"turns":3.0},{"damage":0.0,"enemies":"theJungle:2_Phrogs","floor":23.0,"turns":6.0},{"damage":0.0,"enemies":"theJungle:Snecko_Cultist_And_Trap","floor":25.0,"turns":3.0},{"damage":0.0,"enemies":"theJungle:Lyon","floor":27.0,"turns":3.0},{"damage":13.0,"enemies":"Snake Plant","floor":29.0,"turns":2.0},{"damage":0.0,"enemies":"theJungle:MamaSnecko","floor":31.0,"turns":3.0},{"damage":0.0,"enemies":"theJungle:FunGuy","floor":33.0,"turns":4.0},{"damage":0.0,"enemies":"Orb Walker","floor":35.0,"turns":3.0},{"damage":12.0,"enemies":"3 Shapes","floor":37.0,"turns":3.0},{"damage":0.0,"enemies":"Giant Head","floor":40.0,"turns":2.0},{"damage":0.0,"enemies":"Reptomancer","floor":44.0,"turns":3.0},{"damage":0.0,"enemies":"Maw","floor":46.0,"turns":4.0},{"damage":0.0,"enemies":"Transient","floor":47.0,"turns":6.0},{"damage":23.0,"enemies":"Awakened One","floor":50.0,"turns":6.0},{"damage":13,"enemies":"Donu and Deca","floor":51,"turns":4}],"seed_played":"-7180720381510127578","potions_obtained":[{"floor":1.0,"key":"EssenceOfSteel"},{"floor":7.0,"key":"PowerPotion"},{"floor":12.0,"key":"ElixirPotion"},{"floor":16.0,"key":"FairyPotion"}],"is_trial":false,"path_per_floor":["M","?","$","M","?","R","E","R","T","E","M","M","?","M","R","B",null,"M","M","$","M","M","E","?","M","T","M","?","M","$","E","R","B",null,"M","?","M","$","?","E","$","R","T","E","$","M","M","?","R","B","B",null],"character_chosen":"IRONCLAD","items_purchased":["Singing Bowl","Vajra","Shrug It Off","Lee\u0027s Waffle","Flash of Steel","HandDrill","Sword Boomerang","TheAbacus","Armaments","Lantern","CrazyTorch:ReiMu","Inflame","TungstenRod","Evolve"],"campfire_rested":0,"item_purchase_floors":[0,0,0,0,0,0,0,0,0,20,30,30,38,45],"current_hp_per_floor":[84,84,84,86,86,86,86,86,86,88,90,92,92,94,94,94,94,100,72,72,75,87,93,93,105,105,115,115,111,111,118,118,118,118,120,98,96,96,96,104,104,104,104,114,114,124,126,126,126,109,104],"gold":0,"neow_bonus":"","is_daily":false,"chose_seed":false,"campfire_upgraded":6,"win_rate":0.0,"timestamp":1608535760,"path_taken":["M","?","$","?","?","R","E","R","T","E","M","M","?","M","R","BOSS","M","M","$","?","M","E","?","M","T","M","?","?","$","E","R","BOSS","M","?","M","$","?","E","$","R","T","E","?","M","M","?","R","BOSS","BOSS"],"items_purchased_type":["Relic","Relic","Card","Relic","Card","Relic","Card","Relic","Card","Relic","Relic","Card","Relic","Card"],"build_version":"2020-12-13","purchased_purges":15,"victory":true,"max_hp_per_floor":[84,84,84,86,86,86,86,86,86,88,90,92,92,94,94,94,94,100,102,102,104,110,110,110,114,114,116,116,118,118,118,118,118,118,120,120,122,122,122,122,122,122,122,124,124,126,126,126,126,126,126],"card_choices":[{"not_picked":["Combust","Dark Embrace","Body Slam"],"picked":"Singing Bowl","floor":1.0},{"not_picked":["Carnage","Body Slam","Blood for Blood"],"picked":"Singing Bowl","floor":4.0},{"not_picked":["Heavy Blade","Pommel Strike"],"picked":"Seeing Red","floor":7.0},{"not_picked":["Entrench","Anger","Rage"],"picked":"Singing Bowl","floor":10.0},{"not_picked":["Reaper","Burning Pact","Anger"],"picked":"Singing Bowl","floor":11.0},{"not_picked":["Cleave","Burning Pact","Thunderclap"],"picked":"Singing Bowl","floor":12.0},{"not_picked":["Body Slam","Blood for Blood","Cleave"],"picked":"Singing Bowl","floor":14.0},{"not_picked":["Bludgeon","Corruption"],"picked":"Feed","floor":16.0},{"not_picked":["Warcry","Dark Embrace","Fire Breathing"],"picked":"Singing Bowl","floor":18.0},{"not_picked":["Hemokinesis","Cleave","Shockwave+1"],"picked":"Singing Bowl","floor":19.0},{"not_picked":["Havoc","Bloodletting","Blood for Blood+1"],"picked":"Singing Bowl","floor":21.0},{"not_picked":["Body Slam","Dropkick","Iron Wave"],"picked":"Singing Bowl","floor":22.0},{"not_picked":["Power Through","Clothesline"],"picked":"Inflame+1","floor":23.0},{"not_picked":["Sword Boomerang+1","Twin Strike"],"picked":"Flex","floor":25.0},{"not_picked":["True Grit","Whirlwind","Headbutt"],"picked":"Singing Bowl","floor":27.0},{"not_picked":["Fire Breathing","Havoc","Wild Strike"],"picked":"Singing Bowl","floor":29.0},{"not_picked":["True Grit","Armaments"],"picked":"Shrug It Off","floor":31.0},{"not_picked":["Reaper","Offering"],"picked":"Exhume","floor":33.0},{"not_picked":["Thunderclap","Uppercut","Disarm+1"],"picked":"Singing Bowl","floor":35.0},{"not_picked":["Headbutt","Dark Embrace","Body Slam"],"picked":"Singing Bowl","floor":37.0},{"not_picked":["Entrench","Pommel Strike+1"],"picked":"Inflame","floor":40.0},{"not_picked":["Headbutt","Warcry+1","Iron Wave"],"picked":"Singing Bowl","floor":44.0},{"not_picked":["Hemokinesis","Perfected Strike","Flex"],"picked":"Singing Bowl","floor":46.0},{"not_picked":["Headbutt","Armaments"],"picked":"Inflame+1","floor":47.0}],"player_experience":717258,"relics_obtained":[{"floor":7.0,"key":"Whetstone"},{"floor":10.0,"key":"Toy Ornithopter"},{"floor":23.0,"key":"Blood Vial"},{"floor":26.0,"key":"Centennial Puzzle"},{"floor":31.0,"key":"The Courier"},{"floor":40.0,"key":"Self Forming Clay"},{"floor":43.0,"key":"CeramicFish"},{"floor":44.0,"key":"MawBank"}],"event_choices":[{"cards_removed":["Defend_R"],"damage_healed":0.0,"max_hp_gain":0.0,"max_hp_loss":0.0,"gold_gain":0.0,"event_name":"Purifier","player_choice":"Purged","floor":2.0,"gold_loss":0.0,"damage_taken":0.0},{"damage_healed":0.0,"max_hp_gain":0.0,"max_hp_loss":0.0,"gold_gain":0.0,"event_name":"The Cleric","player_choice":"Leave","floor":5.0,"gold_loss":0.0,"damage_taken":0.0},{"cards_removed":["Seeing Red"],"damage_healed":0.0,"max_hp_gain":0.0,"max_hp_loss":0.0,"gold_gain":0.0,"event_name":"Bonfire Elementals","player_choice":"Offered Uncommon","floor":13.0,"gold_loss":0.0,"damage_taken":0.0},{"damage_healed":0.0,"max_hp_gain":0.0,"max_hp_loss":0.0,"gold_gain":0.0,"event_name":"Winding Halls","player_choice":"Embrace Madness","floor":36.0,"gold_loss":0.0,"damage_taken":22.0,"cards_obtained":["Madness","Madness"]},{"cards_removed":["Inflame"],"damage_healed":0.0,"max_hp_gain":0.0,"max_hp_loss":0.0,"gold_gain":0.0,"event_name":"Falling","player_choice":"Removed Power","floor":39.0,"gold_loss":0.0,"damage_taken":0.0},{"damage_healed":0.0,"max_hp_gain":0.0,"max_hp_loss":0.0,"gold_gain":0.0,"event_name":"Tomb of Lord Red Mask","player_choice":"Paid","floor":48.0,"gold_loss":133.0,"damage_taken":0.0,"relics_obtained":["Red Mask"]}],"is_beta":false,"boss_relics":[{"not_picked":["Mark of Pain","Pandora\u0027s Box"],"picked":"Sozu"},{"not_picked":["RedLine:ReiMu","Fusion Hammer"],"picked":"Philosopher\u0027s Stone"}],"items_purged_floors":[0,0,0,0,0,0,0,0,0,30,30,38,38,38,38],"is_endless":false,"potions_floor_spawned":[1,7,12,16,18,19,23,25,27,37,47],"ascension_level":20}}