{"host":"39k968ozul35lb6n","time":1608559798,"event":{"mods":["AchievementEnabler","BaseMod","Colored Map","DeckTracker","Highlight Path","Minty Spire (QoL Compilation)","Permanent Neow","StSLib"],"gold_per_floor":[113,128,53,73,86,86,86,86,86,86,98,173,17,27,27,27,27],"floor_reached":16,"playtime":452,"items_purged":["Defend_P"],"score":97,"play_id":"60873db2-55fb-4042-a172-363d8514b971","local_time":"20201221230958","is_ascension_mode":true,"campfire_choices":[{"data":"Eruption","floor":6,"key":"SMITH"},{"data":"DeusExMachina","floor":8,"key":"SMITH"},{"floor":10,"key":"RECALL"},{"floor":15,"key":"REST"}],"circlet_count":0,"master_deck":["Strike_P","Strike_P","Strike_P","Strike_P","Defend_P","Defend_P","Defend_P","Eruption+1","Vigilance","DeusExMachina+1"],"relics":["PureWater","White Beast Statue","Omamori"],"acts_visited":["Exordium"],"potions_floor_usage":[14,16,16],"damage_taken":[{"damage":0,"enemies":"Cultist","floor":1,"turns":2},{"damage":1,"enemies":"Jaw Worm","floor":2,"turns":3},{"damage":0,"enemies":"Small Slimes","floor":4,"turns":2},{"damage":22,"enemies":"Exordium Thugs","floor":5,"turns":3},{"damage":13,"enemies":"Gremlin Gang","floor":11,"turns":5},{"damage":3,"enemies":"Exordium Wildlife","floor":14,"turns":2},{"damage":44,"enemies":"Hexaghost","floor":16,"turns":8}],"seed_played":"7192668814538066492","potions_obtained":[{"floor":2,"key":"Ancient Potion"},{"floor":5,"key":"LiquidBronze"},{"floor":11,"key":"DistilledChaos"},{"floor":14,"key":"Block Potion"}],"is_trial":false,"path_per_floor":["M","M","$","M","M","R","$","R","T","R","M","?","$","M","R","B"],"character_chosen":"WATCHER","items_purchased":["Omamori"],"campfire_rested":1,"item_purchase_floors":[13],"current_hp_per_floor":[72,71,71,71,49,49,49,49,49,49,36,29,29,26,47,3,3],"gold":27,"neow_bonus":"ONE_RANDOM_RARE_CARD","is_daily":false,"chose_seed":false,"campfire_upgraded":2,"win_rate":0.0,"timestamp":1608559798,"path_taken":["M","?","$","M","M","R","$","R","T","R","M","?","$","M","R","BOSS"],"items_purchased_type":["Relic"],"build_version":"2020-12-13","purchased_purges":1,"victory":false,"max_hp_per_floor":[72,72,72,72,72,72,72,72,72,72,72,72,72,72,72,72,72],"card_choices":[{"not_picked":["PathToVictory","FlurryOfBlows","FlyingSleeves"],"picked":"SKIP","floor":1},{"not_picked":["ClearTheMind","DeceiveReality","LikeWater"],"picked":"SKIP","floor":2},{"not_picked":["WreathOfFlame","Indignation","CrushJoints"],"picked":"SKIP","floor":4},{"not_picked":["BowlingBash","CutThroughFate","Perseverance"],"picked":"SKIP","floor":5},{"not_picked":["CrushJoints","Wireheading","Establishment"],"picked":"SKIP","floor":11},{"not_picked":["FlurryOfBlows","SignatureMove","PathToVictory"],"picked":"SKIP","floor":14}],"player_experience":181472,"relics_obtained":[{"floor":9,"key":"White Beast Statue"}],"event_choices":[{"damage_healed":0,"gold_gain":75,"player_choice":"Touch","damage_taken":7,"max_hp_gain":0,"max_hp_loss":0,"event_name":"FaceTrader","floor":12,"gold_loss":0}],"is_beta":false,"boss_relics":[],"items_purged_floors":[3],"is_endless":false,"potions_floor_spawned":[2,5,11,14],"killed_by":"Hexaghost","ascension_level":1}}