{"host":"363c1o4m0ew2jbar","time":1608513595,"event":{"mods":["AchievementEnabler","BaseMod","Better Note","Downfall","Hubris","Minty Spire (QoL Compilation)","StSLib"],"gold_per_floor":[99,124,124,49,49,79,79,4,36,36,53,53,69,169,187,187,187],"floor_reached":16,"playtime":507,"items_purged":[],"score":208,"play_id":"e40a7ef6-7091-4ead-adc5-a28c2cd3a13f","local_time":"20201220151955","is_ascension_mode":true,"campfire_choices":[{"floor":1,"key":"RECALL"},{"data":"hexamod:StepThrough","floor":4,"key":"SMITH"},{"data":"hexamod:Strike","floor":8,"key":"SMITH"},{"data":"hexamod:GhostOfSpirePast","floor":10,"key":"SMITH"}],"circlet_count":0,"master_deck":["hexamod:Strike+1","hexamod:Strike","hexamod:Strike","hexamod:Strike","hexamod:Defend","hexamod:Defend","hexamod:Defend","hexamod:Defend","hexamod:Sear","hexamod:Float","hexamod:CrushingStance","hexamod:StepThrough+1","hexamod:FourthSeal","hexamod:GhostOfSpirePast+1","hexamod:Incineration","hexamod:InspiringFlames","hexamod:GhostOfSpireFuture"],"relics":["hexamod:SpiritBrand","downfall:HeartsMalice","Regal Pillow","downfall:HeartBlessingRed","Gremlin Horn","Pear","Eternal Feather","downfall:HeartBlessingGreen","hubris:DeckOfHolding","hubris:TenFootPole","Potion Belt"],"acts_visited":["Exordium"],"potions_floor_usage":[14,14,15,16,16,16,16],"damage_taken":[{"damage":0,"enemies":"Lagavulin","floor":2,"turns":1},{"damage":0,"enemies":"Cultist","floor":3,"turns":1},{"damage":0,"enemies":"3 Sentries","floor":6,"turns":1},{"damage":18,"enemies":"Gremlin Nob","floor":9,"turns":4},{"damage":0,"enemies":"Small Slimes","floor":11,"turns":2},{"damage":6,"enemies":"Jaw Worm","floor":13,"turns":2},{"damage":36,"enemies":"downfall:LadyInBlue","floor":14,"turns":9},{"damage":0,"enemies":"Lots of Slimes","floor":15,"turns":4},{"damage":19,"enemies":"downfall:Defect","floor":16,"turns":4}],"seed_played":"-7030943964885417820","potions_obtained":[{"floor":6,"key":"hexamod:DoubleChargePotion"},{"floor":9,"key":"SteroidPotion"},{"floor":14,"key":"Block Potion"},{"floor":14,"key":"hexamod:DoubleChargePotion"},{"floor":14,"key":"CultistPotion"},{"floor":14,"key":"ColorlessPotion"},{"floor":15,"key":"GamblersBrew"},{"floor":15,"key":"Ancient Potion"}],"is_trial":false,"path_per_floor":["R","E","M","R","?","E","T","R","E","R","M","?","M","?","M","B"],"character_chosen":"THE_SPIRIT","items_purchased":[],"campfire_rested":0,"item_purchase_floors":[],"current_hp_per_floor":[70,70,70,70,70,80,80,80,62,68,68,61,55,19,19,0,0],"gold":187,"neow_bonus":"THREE_ENEMY_KILL","is_daily":false,"chose_seed":false,"campfire_upgraded":3,"win_rate":0.0,"timestamp":1608513595,"path_taken":["R","E","M","R","?","E","T","R","E","R","M","?","M","?","M","BOSS"],"items_purchased_type":[],"build_version":"2020-12-13","purchased_purges":0,"victory":false,"max_hp_per_floor":[70,70,70,70,70,80,80,80,80,80,80,80,80,80,80,80,80],"card_choices":[{"not_picked":["hexamod:GhostLash","hexamod:Haunt"],"picked":"hexamod:CrushingStance","floor":2},{"not_picked":["hexamod:SpectersWail","hexamod:SwordOfDarkness"],"picked":"hexamod:StepThrough","floor":3},{"not_picked":["hexamod:EtherealExpedition","hexamod:HauntingEcho"],"picked":"hexamod:FourthSeal","floor":6},{"not_picked":["hexamod:NightmareStrike","hexamod:Hexaguard"],"picked":"hexamod:GhostOfSpirePast","floor":9},{"not_picked":["hexamod:ShieldOfDarkness","hexamod:SoulSteal"],"picked":"hexamod:Incineration","floor":11},{"not_picked":["hexamod:EtherealExpedition","hexamod:ShieldOfDarkness"],"picked":"hexamod:InspiringFlames","floor":13},{"not_picked":["hexamod:HeatCrush","hexamod:ThermalTransfer"],"picked":"hexamod:GhostOfSpireFuture","floor":14},{"not_picked":["hexamod:HauntingEcho","hexamod:Firestarter","hexamod:SwordOfDarkness"],"picked":"SKIP","floor":15},{"not_picked":["hexamod:HauntingEcho","hexamod:Firestarter","hexamod:SwordOfDarkness"],"picked":"SKIP","floor":15}],"player_experience":1128484,"relics_obtained":[{"floor":2,"key":"Regal Pillow"},{"floor":6,"key":"Pear"},{"floor":7,"key":"Eternal Feather"},{"floor":9,"key":"hubris:DeckOfHolding"},{"floor":14,"key":"Potion Belt"}],"event_choices":[{"damage_healed":0,"gold_gain":0,"player_choice":"Success","damage_taken":7,"relics_obtained":["hubris:TenFootPole"],"max_hp_gain":0,"max_hp_loss":0,"event_name":"Scrap Ooze","floor":12,"gold_loss":0}],"is_beta":false,"boss_relics":[],"items_purged_floors":[],"is_endless":false,"potions_floor_spawned":[6,15],"killed_by":"downfall:Defect","ascension_level":5}}