{"host":"by8i6f8xc0ywpsd5","time":1608579454,"event":{"mods":["BaseMod","Colored Map","Minty Spire (QoL Compilation)","Relic Stats"],"gold_per_floor":[111,111,111,81,99,127,147,180,180,194,194,225,243,258,258,330,330,302,302,302,5,5,5,25,25,50,75,75,75,75,75],"floor_reached":30,"playtime":1157,"items_purged":["Strike_R"],"score":582,"play_id":"f0a8aa5f-d4db-4f34-ada6-323fd416f51f","local_time":"20201221213734","is_ascension_mode":true,"campfire_choices":[{"data":"Armaments","floor":11.0,"key":"SMITH"},{"data":"True Grit","floor":15.0,"key":"SMITH"},{"floor":23.0,"key":"REST"},{"data":"Hemokinesis","floor":25,"key":"SMITH"},{"data":"Havoc","floor":29,"key":"SMITH"}],"circlet_count":0,"master_deck":["AscendersBane","Strike_R","Strike_R","Defend_R","Defend_R","Defend_R","Defend_R","Bash","Hemokinesis+1","Clothesline","Hemokinesis","Dark Embrace","Armaments+1","Power Through","True Grit+1","Reaper","Havoc+1","Metallicize","Shrug It Off"],"relics":["Burning Blood","NeowsBlessing","Boot","Bottled Flame","Mercury Hourglass","Kunai","Blood Vial","Philosopher\u0027s Stone","OrangePellets","Enchiridion","Akabeko","HornCleat"],"acts_visited":["Exordium","TheCity"],"potions_floor_usage":[27,30,30],"damage_taken":[{"damage":0.0,"enemies":"Jaw Worm","floor":1.0,"turns":1.0},{"damage":0.0,"enemies":"2 Louse","floor":5.0,"turns":1.0},{"damage":0.0,"enemies":"Lagavulin","floor":6.0,"turns":1.0},{"damage":5.0,"enemies":"Small Slimes","floor":7.0,"turns":3.0},{"damage":29.0,"enemies":"Gremlin Nob","floor":8.0,"turns":4.0},{"damage":13.0,"enemies":"Red Slaver","floor":10.0,"turns":2.0},{"damage":26.0,"enemies":"Lagavulin","floor":12.0,"turns":5.0},{"damage":2.0,"enemies":"Large Slime","floor":13.0,"turns":3.0},{"damage":11.0,"enemies":"2 Fungi Beasts","floor":14.0,"turns":3.0},{"damage":23.0,"enemies":"The Guardian","floor":16.0,"turns":15.0},{"damage":13.0,"enemies":"2 Thieves","floor":18.0,"turns":4.0},{"damage":5,"enemies":"Chosen","floor":24,"turns":8},{"damage":56,"enemies":"Slavers","floor":27,"turns":8},{"damage":71,"enemies":"Gremlin Leader","floor":30,"turns":11}],"seed_played":"1418809597823864987","potions_obtained":[{"floor":4.0,"key":"Regen Potion"},{"floor":4.0,"key":"PowerPotion"},{"floor":7.0,"key":"DistilledChaos"},{"floor":8.0,"key":"FearPotion"},{"floor":12.0,"key":"Dexterity Potion"},{"floor":18.0,"key":"Swift Potion"},{"floor":27,"key":"Energy Potion"}],"is_trial":false,"path_per_floor":["M","?","?","?","M","E","M","E","T","M","R","E","M","M","R","B",null,"M","?","?","$","?","R","M","R","T","E","?","R","E"],"character_chosen":"IRONCLAD","items_purchased":["BloodPotion","OrangePellets"],"campfire_rested":1,"item_purchase_floors":[21,21],"current_hp_per_floor":[74,74,63,63,69,75,75,52,52,45,45,25,31,28,28,13,60,65,44,44,44,23,47,55,55,55,23,23,23,0,0],"gold":75,"neow_bonus":"THREE_ENEMY_KILL","is_daily":false,"chose_seed":false,"campfire_upgraded":4,"win_rate":0.0,"timestamp":1608579454,"path_taken":["M","?","?","?","M","E","?","E","T","M","R","E","M","M","R","BOSS","M","?","?","$","?","R","M","R","T","E","?","R","E"],"items_purchased_type":["Potion","Relic"],"build_version":"2020-12-13","purchased_purges":1,"victory":false,"max_hp_per_floor":[75,75,75,75,75,75,75,75,75,75,75,75,75,75,75,75,75,75,80,80,80,80,80,80,80,80,80,80,80,80,80],"relic_stats":{"Blood Vial":14,"OrangePellets":[2],"counters":[14,67],"Kunai":[8],"Boot":[14],"obtain_stats":[{"Blood Vial":12,"OrangePellets":21,"Bottled Flame":6,"HornCleat":27,"NeowsBlessing":0,"Enchiridion":22,"Philosopher\u0027s Stone":17,"Kunai":9,"Boot":3,"Burning Blood":0,"Akabeko":26,"Mercury Hourglass":8},{"Blood Vial":7,"OrangePellets":11,"Bottled Flame":3,"HornCleat":13,"NeowsBlessing":0,"Enchiridion":11,"Philosopher\u0027s Stone":10,"Kunai":5,"Boot":1,"Burning Blood":0,"Akabeko":12,"Mercury Hourglass":5},{"Blood Vial":17,"OrangePellets":41,"Bottled Flame":3,"HornCleat":56,"NeowsBlessing":0,"Enchiridion":41,"Philosopher\u0027s Stone":37,"Kunai":10,"Boot":1,"Burning Blood":0,"Akabeko":48,"Mercury Hourglass":10}],"Burning Blood":77,"Mercury Hourglass":[225]},"card_choices":[{"not_picked":["Havoc","Shrug It Off"],"picked":"Hemokinesis","floor":1.0},{"not_picked":["Flex","Dark Embrace"],"picked":"Clothesline","floor":5.0},{"not_picked":["Double Tap","Anger","Havoc"],"picked":"SKIP","floor":6.0},{"not_picked":["Perfected Strike","Anger"],"picked":"Hemokinesis","floor":7.0},{"not_picked":["Rage","Headbutt"],"picked":"Dark Embrace","floor":8.0},{"not_picked":["Shrug It Off","Spot Weakness"],"picked":"Armaments","floor":10.0},{"not_picked":["Ghostly Armor","Juggernaut"],"picked":"Power Through","floor":12.0},{"not_picked":["Sword Boomerang","Pommel Strike","Hemokinesis"],"picked":"SKIP","floor":13.0},{"not_picked":["Flex","Carnage"],"picked":"True Grit","floor":14.0},{"not_picked":["Brutality","Limit Break"],"picked":"Reaper","floor":16.0},{"not_picked":["Combust","Bloodletting","Body Slam"],"picked":"SKIP","floor":18.0},{"not_picked":["Searing Blow","True Grit"],"picked":"Shrug It Off","floor":24},{"not_picked":["Rage","Carnage","Clash"],"picked":"SKIP","floor":27}],"player_experience":1682450,"relics_obtained":[{"floor":6.0,"key":"Bottled Flame"},{"floor":8.0,"key":"Mercury Hourglass"},{"floor":9.0,"key":"Kunai"},{"floor":12.0,"key":"Blood Vial"},{"floor":22.0,"key":"Enchiridion"},{"floor":26,"key":"Akabeko"},{"floor":27,"key":"HornCleat"}],"event_choices":[{"damage_healed":0.0,"max_hp_gain":0.0,"max_hp_loss":0.0,"gold_gain":0.0,"event_name":"Liars Game","player_choice":"Ignored","floor":2.0,"gold_loss":0.0,"damage_taken":0.0},{"damage_healed":0.0,"max_hp_gain":0.0,"max_hp_loss":0.0,"gold_gain":0.0,"event_name":"Scrap Ooze","player_choice":"Success","floor":3.0,"gold_loss":0.0,"damage_taken":11.0,"relics_obtained":["Boot"]},{"damage_healed":0.0,"max_hp_gain":0.0,"max_hp_loss":0.0,"gold_gain":0.0,"event_name":"The Woman in Blue","player_choice":"Bought 2 Potions","floor":4.0,"gold_loss":0.0,"damage_taken":0.0},{"damage_healed":0.0,"max_hp_gain":5.0,"max_hp_loss":0.0,"gold_gain":0.0,"event_name":"Forgotten Altar","player_choice":"Shed Blood","floor":19.0,"gold_loss":0.0,"damage_taken":26.0},{"damage_healed":0.0,"max_hp_gain":0.0,"max_hp_loss":0.0,"gold_gain":0.0,"cards_transformed":["Strike_R","Strike_R"],"event_name":"Drug Dealer","player_choice":"Became Test Subject","floor":20.0,"gold_loss":0.0,"damage_taken":0.0,"cards_obtained":["Havoc","Metallicize"]},{"damage_healed":0.0,"max_hp_gain":0.0,"max_hp_loss":0.0,"gold_gain":0.0,"event_name":"Cursed Tome","player_choice":"Obtained Book","floor":22.0,"gold_loss":0.0,"damage_taken":21.0},{"damage_healed":0,"gold_gain":0,"player_choice":"Ignored","damage_taken":0,"max_hp_gain":0,"max_hp_loss":0,"event_name":"Ghosts","floor":28,"gold_loss":0}],"is_beta":false,"boss_relics":[{"not_picked":["Ectoplasm","Snecko Eye"],"picked":"Philosopher\u0027s Stone"}],"items_purged_floors":[21],"is_endless":false,"potions_floor_spawned":[7,8,12,14,18,27],"killed_by":"Gremlin Leader","ascension_level":20}}