{"host":"ipcfr4ajj2jkxvg7","time":1608527878,"event":{"mods":["BaseMod","Colored Powertips","GifTheSpireLib","Marisa（F雨　魔理沙）","Minty Spire (QoL Compilation)","Quick Restart","Remilia（蕾米莉亚）","Replay The Spire","RumiaBox-露米娅的神秘盒子","StSLib"],"gold_per_floor":[117,43,118,118,17,51,66,81,105,124,124,149,165,200,200,272,272,291,309,609,622,0,32,32,32,57,57,57,83,94,106,106,180,180,200,81,97,97,116,148,148,165,165,165,193,204,217,229,229,229],"floor_reached":51,"playtime":1226,"items_purged":["Greed_TH"],"score":1286,"play_id":"9b524498-7e02-4037-8520-da91ab81cfa4","local_time":"20201221131758","is_ascension_mode":true,"campfire_choices":[{"data":"MilkyWay","floor":11.0,"key":"SMITH"},{"data":"MilkyWay","floor":15.0,"key":"SMITH"},{"floor":25.0,"key":"REST"},{"floor":28.0,"key":"REST"},{"data":"OrrerysSun","floor":32.0,"key":"SMITH"},{"data":"MilkyWay","floor":41.0,"key":"SMITH"},{"data":"MilkyWay","floor":49,"key":"SMITH"}],"circlet_count":0,"master_deck":["AscendersBane","Strike_MRS","Strike_MRS","Strike_MRS","Strike_MRS","Defend_MRS","Defend_MRS","Defend_MRS","MasterSpark","UpSweep","StarBarrage","OrrerysSun+1","PowerUp","EarthLightRay","MilkyWay+1","SuperPerseids","MilkyWay+1","EnergyFlow+1","MaximisePower","GalacticHalo","PowerUp","MilkyWay+1","EarthLightRay","MilkyWay+1","PropBag+1","Acceleration","StarBarrage","OrrerysSun+1","DeepEcoloBomb+1"],"relics":["MiniHakkero","NeowsBlessing","AddBug","SecretRecord","SecretRecord","SecretRecord","SecretRecord","SecretRecord","SecretRecord","SecretRecord","SecretRecord","SecretRecord","SecretRecord","SecretRecord"],"acts_visited":["Exordium","TheCity","TheBeyond"],"potions_floor_usage":[42],"damage_taken":[{"damage":0.0,"enemies":"2 Louse","floor":1.0,"turns":1.0},{"damage":0.0,"enemies":"3 Sentries","floor":6.0,"turns":2.0},{"damage":0.0,"enemies":"Jaw Worm","floor":7.0,"turns":1.0},{"damage":1.0,"enemies":"Cultist","floor":8.0,"turns":3.0},{"damage":16.0,"enemies":"Blue Slaver","floor":10.0,"turns":3.0},{"damage":0.0,"enemies":"Gremlin Nob","floor":12.0,"turns":2.0},{"damage":15.0,"enemies":"Gremlin Gang","floor":13.0,"turns":4.0},{"damage":15.0,"enemies":"Lagavulin","floor":14.0,"turns":6.0},{"damage":0.0,"enemies":"Slime Boss","floor":16.0,"turns":4.0},{"damage":12.0,"enemies":"2 Thieves","floor":18.0,"turns":4.0},{"damage":16.0,"enemies":"Shell Parasite","floor":19.0,"turns":4.0},{"damage":36.0,"enemies":"3 Cultists","floor":21.0,"turns":5.0},{"damage":17.0,"enemies":"Book of Stabbing","floor":23.0,"turns":4.0},{"damage":8.0,"enemies":"Slavers","floor":29.0,"turns":4.0},{"damage":19.0,"enemies":"Snake Plant","floor":30.0,"turns":3.0},{"damage":0.0,"enemies":"Snecko","floor":31.0,"turns":2.0},{"damage":13.0,"enemies":"Champ","floor":33.0,"turns":3.0},{"damage":24.0,"enemies":"3 Darklings","floor":35.0,"turns":5.0},{"damage":0.0,"enemies":"Orb Walker","floor":37.0,"turns":2.0},{"damage":0.0,"enemies":"Maw","floor":39.0,"turns":6.0},{"damage":14.0,"enemies":"Giant Head","floor":40.0,"turns":5.0},{"damage":0,"enemies":"Spire Growth","floor":42,"turns":1},{"damage":0,"enemies":"Reptomancer","floor":45,"turns":1},{"damage":0,"enemies":"Writhing Mass","floor":46,"turns":2},{"damage":19,"enemies":"4 Shapes","floor":47,"turns":4},{"damage":5,"enemies":"Sphere and 2 Shapes","floor":48,"turns":7},{"damage":25,"enemies":"Replay:Hell Engine","floor":50,"turns":4}],"seed_played":"-225896508567875786","potions_obtained":[{"floor":6.0,"key":"SteroidPotion"},{"floor":10.0,"key":"DuplicationPotion"},{"floor":14.0,"key":"Fire Potion"},{"floor":16.0,"key":"GamblersBrew"},{"floor":23.0,"key":"Swift Potion"},{"floor":35.0,"key":"Adrenaline Potion"},{"floor":45,"key":"SpeedPotion"}],"is_trial":false,"path_per_floor":["M","$","?","?","$","E","M","M","T","M","R","E","M","E","R","B",null,"M","M","?","M","$","E","?","R","T","$","R","E","M","M","R","B",null,"M","$","M","$","M","E","R","M","T","?","E","M","M","M","R","B",null],"character_chosen":"MARISA","items_purchased":["OrrerysSun","FairyPotion","MaximisePower","MilkyWay","EarthLightRay"],"campfire_rested":2,"item_purchase_floors":[2,5,22,36,36],"current_hp_per_floor":[68,68,57,57,57,57,57,61,61,50,50,56,47,38,38,44,67,62,53,53,24,14,5,5,27,27,27,49,50,40,40,40,36,65,50,50,50,50,68,74,74,74,74,74,74,74,68,71,71,75],"gold":229,"neow_bonus":"THREE_ENEMY_KILL","is_daily":false,"chose_seed":false,"campfire_upgraded":5,"win_rate":0.0,"timestamp":1608527878,"path_taken":["M","$","?","?","?","E","M","M","T","M","R","E","M","E","R","BOSS","M","M","?","M","$","E","?","R","T","$","R","E","M","M","R","BOSS","M","$","?","$","M","E","R","M","T","?","E","?","M","M","R","BOSS"],"items_purchased_type":["Card","Potion","Card","Card","Card"],"build_version":"2020-12-13","purchased_purges":1,"victory":true,"max_hp_per_floor":[75,75,75,75,75,75,75,75,75,75,75,75,75,75,75,75,75,75,75,75,75,75,75,75,75,75,75,75,75,75,75,75,75,75,75,75,75,75,75,75,75,75,75,75,75,75,75,75,75,75],"card_choices":[{"not_picked":["AsteroidBelt","SporeBomb"],"picked":"StarBarrage","floor":1.0},{"not_picked":["WitchOfGreed","6A"],"picked":"PowerUp","floor":6.0},{"not_picked":["GrandCross","DoubleSpark"],"picked":"EarthLightRay","floor":7.0},{"not_picked":["ShootingEcho","WitchLeyline"],"picked":"MilkyWay","floor":8.0},{"not_picked":["MysteriousBeam","DarkMatter","OpenUniverse"],"picked":"SKIP","floor":10.0},{"not_picked":["JA","AsteroidBelt"],"picked":"SuperPerseids","floor":12.0},{"not_picked":["GalacticHalo","GasGiant"],"picked":"MilkyWay","floor":13.0},{"not_picked":["WitchLeyline","MeteoricShower","GasGiant"],"picked":"SKIP","floor":14.0},{"not_picked":["GasGiant","MysteriousBeam","DoubleSpark"],"picked":"SKIP","floor":18.0},{"not_picked":["SporeBomb","ManaConvection+1","OpenUniverse"],"picked":"SKIP","floor":19.0},{"not_picked":["OortCloud","GalacticHalo"],"picked":"EnergyFlow+1","floor":21.0},{"not_picked":["ShootTheMoon","DC"],"picked":"GalacticHalo","floor":23.0},{"not_picked":["GravityBeat","DragonMeteor","OpenUniverse"],"picked":"SKIP","floor":29.0},{"not_picked":["6A","NonDirectionalLaser"],"picked":"PowerUp","floor":30.0},{"not_picked":["UnstableBomb","MysteriousBeam","DoubleSpark"],"picked":"SKIP","floor":31.0},{"not_picked":["GravityBeat","Occultation","MysteriousBeam"],"picked":"SKIP","floor":35.0},{"not_picked":["WitchLeyline","ShootingEcho","LuminesStrike"],"picked":"SKIP","floor":37.0},{"not_picked":["MysteriousBeam","MagicAbsorber+1"],"picked":"MilkyWay","floor":39.0},{"not_picked":["MysteriousBeam+1","GravityBeat"],"picked":"PropBag+1","floor":40.0},{"not_picked":["DC+1","BlazeAway"],"picked":"Acceleration","floor":42},{"not_picked":["GravityBeat","Occultation","ShootingEcho+1"],"picked":"SKIP","floor":45},{"not_picked":["WitchLeyline+1","DoubleSpark","LuminesStrike+1"],"picked":"SKIP","floor":46},{"not_picked":["AlicesGift","ManaConvection+1"],"picked":"OrrerysSun+1","floor":47},{"not_picked":["MagicChant","Acceleration"],"picked":"DeepEcoloBomb+1","floor":48}],"player_experience":407545,"relics_obtained":[{"floor":1.0,"key":"AddBug"},{"floor":6.0,"key":"PreservedInsect"},{"floor":9.0,"key":"Whetstone"},{"floor":10.0,"key":"SecretRecord"},{"floor":12.0,"key":"GodSword1"},{"floor":14.0,"key":"PlanX"},{"floor":16.0,"key":"SecretRecord"},{"floor":21.0,"key":"SecretRecord"},{"floor":23.0,"key":"SecretRecord"},{"floor":23.0,"key":"Onion Ring"},{"floor":29.0,"key":"Strawberry"},{"floor":39.0,"key":"SecretRecord"},{"floor":40.0,"key":"SecretRecord"},{"floor":43,"key":"MagicDraw4"},{"floor":45,"key":"SecretRecord"},{"floor":45,"key":"Iron Hammer"},{"floor":46,"key":"SecretRecord"},{"floor":47,"key":"SecretRecord"},{"floor":48,"key":"SecretRecord"}],"event_choices":[{"damage_healed":0.0,"max_hp_gain":0.0,"max_hp_loss":0.0,"gold_gain":75.0,"event_name":"World of Goop","player_choice":"Gather Gold","floor":3.0,"gold_loss":0.0,"damage_taken":11.0},{"damage_healed":0.0,"max_hp_gain":0.0,"max_hp_loss":0.0,"gold_gain":0.0,"event_name":"Scrap Ooze","player_choice":"Fled","floor":4.0,"gold_loss":0.0,"damage_taken":0.0},{"cards_removed":["Defend_MRS"],"damage_healed":0.0,"max_hp_gain":0.0,"max_hp_loss":0.0,"gold_gain":0.0,"event_name":"Purifier","player_choice":"Purged","floor":24.0,"gold_loss":0.0,"damage_taken":0.0},{"damage_healed":0,"gold_gain":0,"player_choice":"Copied","damage_taken":0,"max_hp_gain":0,"max_hp_loss":0,"event_name":"Duplicator","floor":44,"gold_loss":0,"cards_obtained":["StarBarrage"]}],"is_beta":false,"boss_relics":[{"not_picked":["Kintsugi","Replay:Grab Bag"],"picked":"Replay:Drink Me"},{"not_picked":["RampagingMagicTools","ExperimentalFamiliar"],"picked":"Black Star"}],"items_purged_floors":[22],"is_endless":false,"potions_floor_spawned":[6,10,14,16,23,31,33,35,45,46,47],"ascension_level":13}}