{"host":"512s0dw15c3jqxy4","time":1608513853,"event":{"mods":["BaseMod","Colored Powertips","Highlight Path","Minty Spire (QoL Compilation)","Quick Restart","Relic Stats"],"gold_per_floor":[113,413,688,55,75,108,128,163,163,193,1,1,1,1,1,98,98,111,11,18,18,38,67,67,96,96,112,141,160,160,22,22,117,117,132,207,246,283,283,337,30,30,54,106,106,159,159,189,189,189],"floor_reached":51,"playtime":5276,"items_purged":["Regret","Strike_P","Parasite"],"score":1038,"play_id":"c744112d-d144-4c7b-b8bf-d119dc3f69c1","local_time":"20201220152413","is_ascension_mode":true,"campfire_choices":[{"data":"Perseverance","floor":12,"key":"SMITH"},{"data":"DeceiveReality","floor":15,"key":"SMITH"},{"data":"ConjureBlade","floor":24,"key":"SMITH"},{"floor":30,"key":"REST"},{"data":"WindmillStrike","floor":32,"key":"SMITH"},{"floor":42,"key":"REST"},{"floor":47,"key":"REST"},{"floor":49,"key":"REST"}],"circlet_count":0,"master_deck":["Eruption","Vigilance","Weave","Perseverance+1","SandsOfTime","DeceiveReality+1","EmptyFist","ThirdEye+1","BattleHymn+1","ThirdEye+1","JustLucky","ConjureBlade+1","DeceiveReality+1","Swivel","Sanctity","JustLucky","WindmillStrike+1","DevaForm+1","Nirvana+1","CutThroughFate+1","WindmillStrike+1","DevaForm+1","Wish","SashWhip","Wireheading+1","Consecrate","SpiritShield","ForeignInfluence","Crescendo+1","Fasting2+1","Panache+1","Meditate+1"],"relics":["PureWater","NeowsBlessing","Old Coin","Strange Spoon","Frozen Egg 2","Question Card","Strawberry","CloakClasp","HornCleat","Lantern","Dream Catcher","Snecko Eye","Sundial","Mango","Singing Bowl","Tiny Chest","Pandora\u0027s Box","CaptainsWheel","Mercury Hourglass","PreservedInsect","Akabeko","Pen Nib","Bag of Marbles"],"acts_visited":["Exordium","TheCity","TheBeyond"],"potions_floor_usage":[25,28,28,38,46],"damage_taken":[{"damage":0,"enemies":"2 Louse","floor":1,"turns":1},{"damage":0,"enemies":"Small Slimes","floor":5,"turns":1},{"damage":0,"enemies":"Gremlin Nob","floor":6,"turns":1},{"damage":0,"enemies":"Cultist","floor":7,"turns":3},{"damage":3,"enemies":"Lagavulin","floor":8,"turns":6},{"damage":1,"enemies":"3 Sentries","floor":10,"turns":7},{"damage":13,"enemies":"Hexaghost","floor":16,"turns":9},{"damage":0,"enemies":"Chosen","floor":18,"turns":3},{"damage":0,"enemies":"2 Thieves","floor":20,"turns":4},{"damage":4,"enemies":"Snake Plant","floor":22,"turns":6},{"damage":4,"enemies":"Slavers","floor":23,"turns":8},{"damage":9,"enemies":"Gremlin Leader","floor":25,"turns":9},{"damage":2,"enemies":"Snecko","floor":27,"turns":5},{"damage":11,"enemies":"Book of Stabbing","floor":28,"turns":7},{"damage":0,"enemies":"Sentry and Sphere","floor":29,"turns":6},{"damage":12,"enemies":"Champ","floor":33,"turns":18},{"damage":9,"enemies":"Orb Walker","floor":35,"turns":7},{"damage":0,"enemies":"Mind Bloom Boss Battle","floor":36,"turns":7},{"damage":0,"enemies":"3 Shapes","floor":37,"turns":4},{"damage":0,"enemies":"Writhing Mass","floor":38,"turns":7},{"damage":21,"enemies":"Giant Head","floor":40,"turns":10},{"damage":7,"enemies":"Reptomancer","floor":44,"turns":6},{"damage":41,"enemies":"Giant Head","floor":46,"turns":8},{"damage":5,"enemies":"Nemesis","floor":48,"turns":5},{"damage":15,"enemies":"Donu and Deca","floor":50,"turns":9}],"seed_played":"9016367104857088124","potions_obtained":[{"floor":7,"key":"Dexterity Potion"},{"floor":8,"key":"SkillPotion"},{"floor":10,"key":"ColorlessPotion"},{"floor":23,"key":"LiquidBronze"},{"floor":27,"key":"AttackPotion"},{"floor":28,"key":"Ambrosia"},{"floor":33,"key":"Swift Potion"},{"floor":44,"key":"FearPotion"},{"floor":46,"key":"Explosive Potion"}],"is_trial":false,"path_per_floor":["M","?","?","$","M","E","M","E","T","E","$","R","?","?","R","B",null,"M","$","M","?","M","E","R","E","T","M","E","M","R","$","R","B",null,"M","?","M","M","?","E","$","R","T","E","$","E","R","E","R","B",null],"character_chosen":"WATCHER","items_purchased":["Strange Spoon","Frozen Egg 2","Perseverance","SandsOfTime","Lantern","JustLucky","DevaForm+1","Panache+1"],"campfire_rested":4,"item_purchase_floors":[4,4,4,4,11,11,31,41],"current_hp_per_floor":[72,65,65,65,65,65,65,69,69,68,68,68,52,52,52,39,79,79,79,79,79,75,71,71,76,76,74,63,65,93,93,93,81,95,88,90,90,90,90,69,69,98,98,93,93,54,86,83,106,91],"gold":189,"neow_bonus":"THREE_ENEMY_KILL","is_daily":false,"chose_seed":false,"campfire_upgraded":4,"win_rate":0.0,"timestamp":1608513853,"path_taken":["M","?","?","$","?","E","M","E","T","E","$","R","?","?","R","BOSS","M","?","M","?","M","E","R","E","T","M","E","M","R","$","R","BOSS","M","?","M","M","?","E","$","R","T","E","$","E","R","E","R","BOSS"],"items_purchased_type":["Relic","Relic","Card","Card","Relic","Card","Card","Card"],"build_version":"2020-12-13","purchased_purges":3,"victory":true,"max_hp_per_floor":[72,72,72,72,72,72,72,79,79,79,79,79,79,79,79,79,79,79,79,79,79,79,79,79,93,93,93,93,95,95,95,95,95,95,97,99,99,99,99,99,96,98,98,100,100,102,104,106,106,106],"relic_stats":{"Singing Bowl":16,"counters":[25,157],"PreservedInsect":230,"Pen Nib":[0],"CloakClasp":[813],"Question Card":25,"Mercury Hourglass":[101],"Strange Spoon":[73],"Dream Catcher":4,"Sundial":[14],"Snecko Eye":[176,187,185,205],"Tiny Chest":0,"Pandora\u0027s Box":["SashWhip","Wireheading","Consecrate","Adaptation","SpiritShield"],"obtain_stats":[{"Lantern":11,"NeowsBlessing":0,"Singing Bowl":26,"Mango":25,"PreservedInsect":43,"Pen Nib":46,"CloakClasp":9,"Frozen Egg 2":4,"Question Card":6,"Akabeko":44,"Old Coin":2,"Mercury Hourglass":40,"Strange Spoon":4,"Dream Catcher":14,"CaptainsWheel":36,"HornCleat":10,"Sundial":23,"Strawberry":8,"Snecko Eye":17,"Tiny Chest":28,"Pandora\u0027s Box":34,"Bag of Marbles":48,"PureWater":0},{"Lantern":6,"NeowsBlessing":0,"Singing Bowl":12,"Mango":12,"PreservedInsect":21,"Pen Nib":23,"CloakClasp":5,"Frozen Egg 2":1,"Question Card":3,"Akabeko":22,"Old Coin":1,"Mercury Hourglass":21,"Strange Spoon":1,"Dream Catcher":6,"CaptainsWheel":18,"HornCleat":6,"Sundial":11,"Strawberry":5,"Snecko Eye":7,"Tiny Chest":14,"Pandora\u0027s Box":16,"Bag of Marbles":24,"PureWater":0},{"Lantern":19,"NeowsBlessing":0,"Singing Bowl":58,"Mango":58,"PreservedInsect":129,"Pen Nib":143,"CloakClasp":12,"Frozen Egg 2":1,"Question Card":3,"Akabeko":135,"Old Coin":1,"Mercury Hourglass":129,"Strange Spoon":1,"Dream Catcher":19,"CaptainsWheel":108,"HornCleat":19,"Sundial":49,"Strawberry":12,"Snecko Eye":28,"Tiny Chest":70,"Pandora\u0027s Box":94,"Bag of Marbles":148,"PureWater":0}]},"card_choices":[{"not_picked":["Crescendo","SignatureMove"],"picked":"Weave","floor":1},{"not_picked":["Tantrum","MentalFortress+1"],"picked":"DeceiveReality","floor":5},{"not_picked":["Conclude","Halt"],"picked":"EmptyFist","floor":6},{"not_picked":["ClearTheMind","Halt","Weave"],"picked":"ThirdEye","floor":7},{"not_picked":["FlyingSleeves","Prostrate","Consecrate"],"picked":"BattleHymn+1","floor":8},{"not_picked":["EmptyBody","Tantrum","Protect"],"picked":"ThirdEye","floor":10},{"not_picked":["Ragnarok","Brilliance","SpiritShield"],"picked":"ConjureBlade","floor":16},{"not_picked":["PathToVictory+1","Crescendo","Protect"],"picked":"DeceiveReality+1","floor":18},{"not_picked":["DeceiveReality","Halt","FollowUp"],"picked":"Swivel","floor":20},{"not_picked":["WheelKick+1","Prostrate","ThirdEye+1"],"picked":"WindmillStrike+1","floor":22},{"not_picked":["Consecrate","Adaptation+1","ThirdEye"],"picked":"DevaForm+1","floor":23},{"not_picked":["Pray","EmptyBody","FollowUp","WreathOfFlame+1"],"picked":"SKIP","floor":25},{"not_picked":["Crescendo+1","Indignation","ClearTheMind+1"],"picked":"Nirvana+1","floor":27},{"not_picked":["EmptyFist","Pray","Prostrate"],"picked":"CutThroughFate+1","floor":28},{"not_picked":["ThirdEye","BowlingBash","EmptyBody","JustLucky"],"picked":"Singing Bowl","floor":29},{"not_picked":["ThirdEye","BowlingBash","Prostrate"],"picked":"WindmillStrike","floor":30},{"not_picked":["Brilliance","ConjureBlade","Ragnarok"],"picked":"Wish","floor":33},{"not_picked":["EmptyFist+1","ThirdEye","ClearTheMind+1","Protect"],"picked":"Singing Bowl","floor":35},{"not_picked":["Study+1","FlyingSleeves","ClearTheMind","CutThroughFate"],"picked":"Singing Bowl","floor":36},{"not_picked":["SashWhip+1","Prostrate","ThirdEye"],"picked":"ForeignInfluence","floor":37},{"not_picked":["Prostrate","EmptyMind+1","ThirdEye+1"],"picked":"Crescendo+1","floor":38},{"not_picked":["JustLucky+1","Prostrate+1","ThirdEye"],"picked":"Fasting2+1","floor":40},{"not_picked":["Halt+1","JustLucky","SpiritShield","SashWhip+1"],"picked":"Singing Bowl","floor":42},{"not_picked":["Crescendo+1","Vault","SashWhip","WaveOfTheHand+1"],"picked":"Singing Bowl","floor":44},{"not_picked":["Protect+1","Halt+1","FlyingSleeves+1","Prostrate+1"],"picked":"Singing Bowl","floor":46},{"not_picked":["Prostrate+1","Swivel+1","Ragnarok","InnerPeace"],"picked":"Singing Bowl","floor":47},{"not_picked":["BowlingBash+1","Indignation+1","EmptyFist+1","FlyingSleeves"],"picked":"Singing Bowl","floor":48},{"not_picked":["Halt","Vault","Fasting2+1"],"picked":"Meditate+1","floor":49}],"player_experience":208342,"relics_obtained":[{"floor":6,"key":"Question Card"},{"floor":8,"key":"Strawberry"},{"floor":9,"key":"CloakClasp"},{"floor":10,"key":"HornCleat"},{"floor":23,"key":"Sundial"},{"floor":25,"key":"Mango"},{"floor":26,"key":"Singing Bowl"},{"floor":28,"key":"Tiny Chest"},{"floor":36,"key":"CaptainsWheel"},{"floor":40,"key":"Mercury Hourglass"},{"floor":43,"key":"PreservedInsect"},{"floor":44,"key":"Akabeko"},{"floor":46,"key":"Pen Nib"},{"floor":48,"key":"Bag of Marbles"}],"event_choices":[{"damage_healed":0,"gold_gain":0,"player_choice":"Success","damage_taken":7,"relics_obtained":["Old Coin"],"max_hp_gain":0,"max_hp_loss":0,"event_name":"Scrap Ooze","floor":2,"gold_loss":0},{"damage_healed":0,"gold_gain":275,"player_choice":"Desecrate","damage_taken":0,"max_hp_gain":0,"max_hp_loss":0,"event_name":"Golden Shrine","floor":3,"gold_loss":0,"cards_obtained":["Regret"]},{"damage_healed":0,"gold_gain":0,"player_choice":"Entered Light","damage_taken":16,"max_hp_gain":0,"max_hp_loss":0,"event_name":"Shining Light","floor":13,"gold_loss":0,"cards_upgraded":["ThirdEye","ThirdEye"]},{"damage_healed":0,"gold_gain":0,"player_choice":"Gave Potion","damage_taken":0,"relics_obtained":["Dream Catcher"],"max_hp_gain":0,"max_hp_loss":0,"event_name":"WeMeetAgain","floor":14,"gold_loss":0},{"damage_healed":0,"gold_gain":0,"cards_transformed":["Strike_P","Strike_P"],"player_choice":"Became Test Subject","damage_taken":0,"max_hp_gain":0,"max_hp_loss":0,"event_name":"Drug Dealer","floor":21,"gold_loss":0,"cards_obtained":["Sanctity","JustLucky"]},{"damage_healed":0,"gold_gain":0,"player_choice":"Fight","damage_taken":0,"max_hp_gain":0,"max_hp_loss":0,"event_name":"MindBloom","floor":36,"gold_loss":0},{"cards_removed":["Adaptation"],"damage_healed":0,"gold_gain":0,"player_choice":"Removed Power","damage_taken":0,"max_hp_gain":0,"max_hp_loss":0,"event_name":"Falling","floor":39,"gold_loss":0}],"is_beta":false,"boss_relics":[{"not_picked":["Coffee Dripper","Astrolabe"],"picked":"Snecko Eye"},{"not_picked":["Runic Pyramid","SlaversCollar"],"picked":"Pandora\u0027s Box"}],"items_purged_floors":[4,19,41],"is_endless":false,"potions_floor_spawned":[7,8,10,23,27,28,33,35,44,46,48],"ascension_level":3}}