{"host":"90jl2h70xtuoeg0i","time":1608528356,"event":{"mods":["AchievementEnabler","BaseMod","Colored Map","Colored Powertips","Minty Spire (QoL Compilation)","Relic Stats","ojb\u0027s Better Paths Mod","ojb\u0027s Info Mod"],"gold_per_floor":[114,129,129,141,78,104,116,116,170,186,219,235,262,272,272,350,350,362,362,362,378,391,391,420,68,68,88,99,133,133,151,151,227,227,243,243,255,267,103,128,128,161,161,196,196,221,221,233,233,233,233,233,233,40,68,68,68],"floor_reached":56,"playtime":29353,"items_purged":["Pain","Strike_G"],"score":2069,"play_id":"b0e01c3c-2659-433b-a793-a402316dc08c","local_time":"20201221002556","is_ascension_mode":true,"campfire_choices":[{"data":"Terror","floor":8.0,"key":"SMITH"},{"data":"Predator","floor":15.0,"key":"SMITH"},{"data":"Eviscerate","floor":23.0,"key":"SMITH"},{"data":"All Out Attack","floor":30.0,"key":"SMITH"},{"data":"Malaise","floor":32.0,"key":"SMITH"},{"data":"Burst","floor":41,"key":"SMITH"},{"floor":45,"key":"REST"},{"floor":49,"key":"RECALL"},{"floor":53,"key":"REST"}],"circlet_count":0,"master_deck":["AscendersBane","Strike_G","Strike_G","Strike_G","Strike_G","Defend_G","Defend_G","Defend_G","Defend_G","Defend_G","Survivor","Neutralize","Terror+1","Underhanded Strike","Malaise+1","Noxious Fumes","Predator+1","All Out Attack+1","Blade Dance","Bullet Time","Eviscerate+1","Underhanded Strike+1","Bullet Time","Finisher","Blur+1","Well Laid Plans","PiercingWail","Blade Dance+1","Burst+1","Acrobatics","Dodge and Roll","Writhe","After Image","Backflip+1"],"relics":["Ring of the Snake","NeowsBlessing","MawBank","WarpedTongs","Boot","Bronze Scales","Darkstone Periapt","Gambling Chip","Snecko Eye","Tingsha","Turnip","DollysMirror","Question Card","Regal Pillow","Philosopher\u0027s Stone","Lee\u0027s Waffle","Pen Nib","Bottled Flame","Peace Pipe","Prayer Wheel","Bird Faced Urn"],"acts_visited":["Exordium","TheCity","TheBeyond","TheEnding"],"potions_floor_usage":[40,48,50,50,56],"damage_taken":[{"damage":0.0,"enemies":"Jaw Worm","floor":1.0,"turns":1.0},{"damage":0.0,"enemies":"Small Slimes","floor":2.0,"turns":2.0},{"damage":0.0,"enemies":"3 Sentries","floor":6.0,"turns":2.0},{"damage":0.0,"enemies":"Cultist","floor":7.0,"turns":4.0},{"damage":0.0,"enemies":"Blue Slaver","floor":10.0,"turns":4.0},{"damage":15.0,"enemies":"Lagavulin","floor":11.0,"turns":7.0},{"damage":0.0,"enemies":"Large Slime","floor":12.0,"turns":5.0},{"damage":16.0,"enemies":"3 Sentries","floor":13.0,"turns":6.0},{"damage":0.0,"enemies":"Looter","floor":14.0,"turns":1.0},{"damage":7.0,"enemies":"Hexaghost","floor":16.0,"turns":8.0},{"damage":1.0,"enemies":"Chosen","floor":18.0,"turns":3.0},{"damage":0.0,"enemies":"Shell Parasite","floor":21.0,"turns":2.0},{"damage":0.0,"enemies":"Snecko","floor":22.0,"turns":2.0},{"damage":9.0,"enemies":"Book of Stabbing","floor":24.0,"turns":3.0},{"damage":0.0,"enemies":"Sentry and Sphere","floor":27.0,"turns":2.0},{"damage":0.0,"enemies":"Centurion and Healer","floor":28.0,"turns":3.0},{"damage":0.0,"enemies":"Slavers","floor":29.0,"turns":3.0},{"damage":0.0,"enemies":"Snake Plant","floor":31.0,"turns":1.0},{"damage":18.0,"enemies":"Automaton","floor":33.0,"turns":8.0},{"damage":4.0,"enemies":"3 Darklings","floor":35.0,"turns":4.0},{"damage":10.0,"enemies":"3 Shapes","floor":37.0,"turns":5.0},{"damage":9,"enemies":"Writhing Mass","floor":38,"turns":5},{"damage":19,"enemies":"Reptomancer","floor":40,"turns":7},{"damage":14,"enemies":"Giant Head","floor":42,"turns":5},{"damage":15,"enemies":"Reptomancer","floor":44,"turns":3},{"damage":1,"enemies":"Mind Bloom Boss Battle","floor":46,"turns":7},{"damage":0,"enemies":"Spire Growth","floor":48,"turns":3},{"damage":74,"enemies":"Time Eater","floor":50,"turns":12},{"damage":9,"enemies":"Awakened One","floor":51,"turns":13},{"damage":68,"enemies":"Shield and Spear","floor":55,"turns":7},{"damage":76,"enemies":"The Heart","floor":56,"turns":5}],"seed_played":"-920033521130180515","potions_obtained":[{"floor":1.0,"key":"Fruit Juice"},{"floor":12.0,"key":"Explosive Potion"},{"floor":13.0,"key":"ColorlessPotion"},{"floor":21.0,"key":"Swift Potion"},{"floor":37.0,"key":"DuplicationPotion"},{"floor":38,"key":"Poison Potion"},{"floor":46,"key":"Fruit Juice"},{"floor":48,"key":"AttackPotion"}],"is_trial":false,"path_per_floor":["M","M","?","?","$","E","M","R","T","M","E","M","E","M","R","B",null,"M","T","?","M","M","R","E","$","T","M","M","E","R","M","R","B",null,"M","?","M","M","$","E","R","E","T","E","R","?","?","M","R","B","B",null,"R","$","E","B"],"character_chosen":"THE_SILENT","items_purchased":["DollysMirror","Finisher","Lee\u0027s Waffle","FairyPotion","DuplicationPotion"],"campfire_rested":2,"item_purchase_floors":[25,25,39,54,54],"current_hp_per_floor":[59,59,48,48,48,48,48,48,48,48,33,33,22,22,22,15,57,56,56,56,56,56,56,47,47,47,47,47,47,47,47,47,29,61,57,57,47,38,78,59,59,45,45,30,68,67,84,89,89,15,6,68,89,89,21,0,0],"gold":68,"neow_bonus":"THREE_ENEMY_KILL","is_daily":false,"chose_seed":false,"campfire_upgraded":6,"win_rate":0.0,"timestamp":1608528356,"path_taken":["M","M","?","?","$","E","M","R","T","M","E","M","E","M","R","BOSS","M","?","?","M","M","R","E","$","T","M","M","E","R","M","R","BOSS","M","?","M","M","$","E","R","E","T","E","R","?","?","M","R","BOSS","BOSS","R","$","E","BOSS"],"items_purchased_type":["Relic","Card","Relic","Potion","Potion"],"build_version":"2020-12-13","purchased_purges":2,"victory":false,"max_hp_per_floor":[66,66,66,66,66,66,66,66,66,66,66,66,71,71,71,71,71,71,71,71,71,71,71,71,71,71,71,71,71,71,71,71,71,71,71,71,71,71,78,78,78,78,78,78,78,78,84,89,89,89,89,89,89,89,89,89,89],"relic_stats":{"Darkstone Periapt":6,"Regal Pillow":15,"Lee\u0027s Waffle":40,"counters":[31,143],"Tingsha":[289],"Pen Nib":[19],"MawBank":24,"Boot":[117],"Question Card":15,"WarpedTongs":[140],"Peace Pipe":0,"Bronze Scales":[453],"Gambling Chip":[74],"Bird Faced Urn":[8],"Snecko Eye":[221,216,209,216],"Prayer Wheel":1,"Turnip":[8],"obtain_stats":[{"Darkstone Periapt":11,"Regal Pillow":29,"Lee\u0027s Waffle":39,"NeowsBlessing":0,"Tingsha":19,"Pen Nib":40,"MawBank":3,"Boot":6,"Question Card":26,"WarpedTongs":4,"Peace Pipe":44,"Bottled Flame":42,"DollysMirror":25,"Bronze Scales":9,"Gambling Chip":13,"Bird Faced Urn":55,"Snecko Eye":17,"Philosopher\u0027s Stone":34,"Prayer Wheel":46,"Turnip":24,"Ring of the Snake":0},{"Darkstone Periapt":6,"Regal Pillow":17,"Lee\u0027s Waffle":22,"NeowsBlessing":0,"Tingsha":11,"Pen Nib":23,"MawBank":2,"Boot":3,"Question Card":14,"WarpedTongs":2,"Peace Pipe":25,"Bottled Flame":24,"DollysMirror":14,"Bronze Scales":4,"Gambling Chip":8,"Bird Faced Urn":30,"Snecko Eye":10,"Philosopher\u0027s Stone":19,"Prayer Wheel":26,"Turnip":14,"Ring of the Snake":0},{"Darkstone Periapt":20,"Regal Pillow":58,"Lee\u0027s Waffle":81,"NeowsBlessing":0,"Tingsha":43,"Pen Nib":88,"MawBank":3,"Boot":5,"Question Card":50,"WarpedTongs":3,"Peace Pipe":96,"Bottled Flame":93,"DollysMirror":50,"Bronze Scales":9,"Gambling Chip":31,"Bird Faced Urn":138,"Snecko Eye":40,"Philosopher\u0027s Stone":67,"Prayer Wheel":103,"Turnip":50,"Ring of the Snake":0}],"Ring of the Snake":[62]},"card_choices":[{"not_picked":["Dagger Throw","Prepared"],"picked":"Terror","floor":1.0},{"not_picked":["Escape Plan","Deadly Poison"],"picked":"Underhanded Strike","floor":2.0},{"not_picked":["PiercingWail","Outmaneuver"],"picked":"Malaise","floor":6.0},{"not_picked":["Dodge and Roll","Dagger Spray"],"picked":"Noxious Fumes","floor":7.0},{"not_picked":["Slice","Terror"],"picked":"Predator","floor":10.0},{"not_picked":["Caltrops","Deadly Poison"],"picked":"All Out Attack","floor":11.0},{"not_picked":["Eviscerate","Terror","Slice"],"picked":"SKIP","floor":12.0},{"not_picked":["Cloak And Dagger","Finisher"],"picked":"Blade Dance","floor":13.0},{"not_picked":["Flechettes","Finisher","Crippling Poison"],"picked":"SKIP","floor":14.0},{"not_picked":["Venomology","Unload"],"picked":"Bullet Time","floor":16.0},{"not_picked":["Quick Slash","Bane","Deflect"],"picked":"SKIP","floor":18.0},{"not_picked":["Flying Knee","Dagger Throw+1"],"picked":"Eviscerate","floor":21.0},{"not_picked":["PiercingWail","Heel Hook"],"picked":"Underhanded Strike+1","floor":22.0},{"not_picked":["Underhanded Strike","Endless Agony","Slice"],"picked":"SKIP","floor":24.0},{"not_picked":["Dodge and Roll","Poisoned Stab","Acrobatics"],"picked":"Blur+1","floor":27.0},{"not_picked":["Deadly Poison+1","Concentrate+1","Terror"],"picked":"Well Laid Plans","floor":28.0},{"not_picked":["Bane","Poisoned Stab","Slice+1"],"picked":"PiercingWail","floor":29.0},{"not_picked":["Cloak And Dagger","Concentrate","Dagger Throw"],"picked":"Blade Dance+1","floor":31.0},{"not_picked":["Tools of the Trade","Malaise","Grand Finale"],"picked":"Burst","floor":33.0},{"not_picked":["Bane","Underhanded Strike","Dagger Throw"],"picked":"Acrobatics","floor":35.0},{"not_picked":["Calculated Gamble","Sucker Punch","Choke","Catalyst"],"picked":"SKIP","floor":37.0},{"not_picked":["Deadly Poison+1","Slice","Quick Slash","Endless Agony"],"picked":"SKIP","floor":38},{"not_picked":["Deadly Poison+1","Slice","Quick Slash","Endless Agony"],"picked":"SKIP","floor":38},{"not_picked":["Concentrate","All Out Attack+1","Endless Agony+1","Unload"],"picked":"SKIP","floor":40},{"not_picked":["Sucker Punch+1","Bane","Unload","Dagger Spray"],"picked":"SKIP","floor":42},{"not_picked":["Choke","Deflect+1","Underhanded Strike+1","Deadly Poison"],"picked":"SKIP","floor":44},{"not_picked":["Bane","Caltrops","Acrobatics"],"picked":"Dodge and Roll","floor":46},{"not_picked":["Deflect","Acrobatics","Tactician+1"],"picked":"After Image","floor":48},{"not_picked":["Slice","Cloak And Dagger","Acrobatics+1"],"picked":"Backflip+1","floor":48},{"not_picked":["Deadly Poison","Slice","Dodge and Roll","Heel Hook"],"picked":"SKIP","floor":55}],"player_experience":1371086,"relics_obtained":[{"floor":6.0,"key":"Boot"},{"floor":9.0,"key":"Bronze Scales"},{"floor":11.0,"key":"Darkstone Periapt"},{"floor":13.0,"key":"Gambling Chip"},{"floor":19.0,"key":"Tingsha"},{"floor":24.0,"key":"Turnip"},{"floor":26.0,"key":"Question Card"},{"floor":29.0,"key":"Regal Pillow"},{"floor":40,"key":"Pen Nib"},{"floor":42,"key":"Bottled Flame"},{"floor":44,"key":"Peace Pipe"},{"floor":46,"key":"Prayer Wheel"},{"floor":55,"key":"Bird Faced Urn"}],"event_choices":[{"damage_healed":0.0,"max_hp_gain":0.0,"max_hp_loss":0.0,"gold_gain":0.0,"event_name":"Scrap Ooze","player_choice":"Success","floor":3.0,"gold_loss":0.0,"damage_taken":11.0,"relics_obtained":["MawBank"]},{"damage_healed":0.0,"max_hp_gain":0.0,"max_hp_loss":0.0,"gold_gain":0.0,"event_name":"Accursed Blacksmith","player_choice":"Rummage","floor":4.0,"gold_loss":0.0,"damage_taken":0.0,"relics_obtained":["WarpedTongs"],"cards_obtained":["Pain"]},{"damage_healed":0.0,"max_hp_gain":0.0,"max_hp_loss":0.0,"gold_gain":0.0,"event_name":"Vampires","player_choice":"Ignored","floor":20.0,"gold_loss":0.0,"damage_taken":0.0},{"damage_healed":0.0,"max_hp_gain":0.0,"max_hp_loss":0.0,"gold_gain":0.0,"event_name":"Tomb of Lord Red Mask","player_choice":"Ignored","floor":36.0,"gold_loss":0.0,"damage_taken":0.0},{"damage_healed":0,"gold_gain":0,"player_choice":"Fight","damage_taken":0,"max_hp_gain":0,"max_hp_loss":0,"event_name":"MindBloom","floor":46,"gold_loss":0},{"damage_healed":16,"gold_gain":0,"player_choice":"Writhe","damage_taken":0,"max_hp_gain":0,"max_hp_loss":0,"event_name":"Winding Halls","floor":47,"gold_loss":0,"cards_obtained":["Writhe"]}],"is_beta":false,"boss_relics":[{"not_picked":["Ring of the Serpent","Astrolabe"],"picked":"Snecko Eye"},{"not_picked":["Velvet Choker","Tiny House"],"picked":"Philosopher\u0027s Stone"}],"items_purged_floors":[5,25],"is_endless":false,"potions_floor_spawned":[1,12,13,14,18,21,27,28,37,38,46,48],"killed_by":"The Heart","ascension_level":20}}