{"host":"0bm99rvetj3meixs","time":1608585354,"event":{"mods":["AchievementEnabler","BaseMod","BetterRewards","Colored Map","Colored Powertips","Faster Ascension Climbing","Hubris","Minty Spire (QoL Compilation)","Quick Restart","StSLib"],"gold_per_floor":[63,238,256,256,181,181,194,221,221,74,74,74,143,167,167,292,292,316,316,266,266,13,13,32,63,63,96,96,127,36,60,60,191,191,209,209,56,56,75,75,88,88,88,88,123,142,175,194,194,194,194,194,41,79,79,79],"floor_reached":55,"playtime":3137,"items_purged":[],"score":1558,"play_id":"a61d7f2d-f68f-4ea8-b2a0-ab4e65bff75b","local_time":"20201221161554","is_ascension_mode":true,"campfire_choices":[{"floor":6.0,"key":"REST"},{"data":"Eruption","floor":12.0,"key":"SMITH"},{"data":"Crescendo","floor":15.0,"key":"SMITH"},{"data":"Vigilance","floor":23.0,"key":"SMITH"},{"data":"Wireheading","floor":28.0,"key":"SMITH"},{"data":"Finesse","floor":32.0,"key":"SMITH"},{"floor":40.0,"key":"RECALL"},{"data":"Blasphemy","floor":42.0,"key":"SMITH"},{"data":"Ragnarok","floor":44.0,"key":"SMITH"},{"data":"LikeWater","floor":49.0,"key":"SMITH"},{"data":"WindmillStrike","floor":52.0,"key":"SMITH"}],"circlet_count":0,"master_deck":["Strike_P","Strike_P","Strike_P","Defend_P","Defend_P","Defend_P","Defend_P","Eruption+1","Vigilance+1","CutThroughFate","ReachHeaven","CutThroughFate","LikeWater+1","CutThroughFate","WindmillStrike+1","Crescendo+1","Evaluate","ClearTheMind","Bandage Up","Vault","Wireheading+1","Ragnarok+1","Finesse+1","Blasphemy+1","ReachHeaven","CrushJoints"],"relics":["PureWater","Letter Opener","Eternal Feather","Golden Idol","hubris:SphereOfDissonance","Coffee Dripper","hubris:Icosahedron","hubris:CrystalStatue","Bronze Scales","Gremlin Horn","PreservedInsect","Anchor","Busted Crown","Membership Card","hubris:Towel","Ice Cream","Akabeko","Orichalcum","Orrery","Bottled Tornado"],"acts_visited":["TheCity","TheBeyond","TheEnding"],"potions_floor_usage":[55],"damage_taken":[{"damage":7.0,"enemies":"Jaw Worm","floor":1.0,"turns":2.0},{"damage":5.0,"enemies":"2 Louse","floor":3.0,"turns":3.0},{"damage":0.0,"enemies":"Cultist","floor":7.0,"turns":2.0},{"damage":0.0,"enemies":"Gremlin Nob","floor":8.0,"turns":2.0},{"damage":12.0,"enemies":"3 Sentries","floor":13.0,"turns":4.0},{"damage":7.0,"enemies":"2 Fungi Beasts","floor":14.0,"turns":3.0},{"damage":6.0,"enemies":"The Guardian","floor":16.0,"turns":6.0},{"damage":9.0,"enemies":"Shell Parasite","floor":18.0,"turns":3.0},{"damage":0.0,"enemies":"Spheric Guardian","floor":24.0,"turns":3.0},{"damage":0.0,"enemies":"Book of Stabbing","floor":25.0,"turns":3.0},{"damage":0.0,"enemies":"Gremlin Leader","floor":27.0,"turns":3.0},{"damage":0.0,"enemies":"Book of Stabbing","floor":29.0,"turns":3.0},{"damage":0.0,"enemies":"Centurion and Healer","floor":31.0,"turns":3.0},{"damage":0.0,"enemies":"Collector","floor":33.0,"turns":6.0},{"damage":0.0,"enemies":"3 Shapes","floor":35.0,"turns":3.0},{"damage":0.0,"enemies":"Orb Walker","floor":39.0,"turns":1.0},{"damage":0.0,"enemies":"Spire Growth","floor":41.0,"turns":3.0},{"damage":0.0,"enemies":"Giant Head","floor":45.0,"turns":4.0},{"damage":0.0,"enemies":"Sphere and 2 Shapes","floor":46.0,"turns":2.0},{"damage":0.0,"enemies":"Nemesis","floor":47.0,"turns":1.0},{"damage":0.0,"enemies":"4 Shapes","floor":48.0,"turns":3.0},{"damage":36.0,"enemies":"hubris:GrandSnecko","floor":50.0,"turns":6.0},{"damage":33.0,"enemies":"Shield and Spear","floor":54.0,"turns":3.0},{"damage":170,"enemies":"The Heart","floor":55,"turns":3}],"seed_played":"9056355511673622040","potions_obtained":[{"floor":7.0,"key":"Weak Potion"},{"floor":8.0,"key":"FearPotion"},{"floor":14.0,"key":"Fire Potion"},{"floor":16.0,"key":"Swift Potion"},{"floor":24.0,"key":"BottledMiracle"},{"floor":27.0,"key":"LiquidBronze"},{"floor":31.0,"key":"SkillPotion"},{"floor":35.0,"key":"SpeedPotion"},{"floor":41.0,"key":"EssenceOfSteel"},{"floor":48.0,"key":"Swift Potion"}],"is_trial":false,"path_per_floor":["M","?","M","?","$","R","M","E","T","$","?","R","?","M","R","B",null,"M","?","$","?","$","R","M","E","T","E","R","E","$","M","R","B",null,"M","?","$","?","M","R","M","R","T","R","E","M","E","M","R","B",null,"R","$","E","B"],"character_chosen":"WATCHER","items_purchased":["CutThroughFate","ReachHeaven","CutThroughFate","LikeWater","CutThroughFate","WindmillStrike","DuplicationPotion","ClearTheMind","Bandage Up","Fire Potion","hubris:CrystalStatue","Finesse","Membership Card","Orichalcum","Orrery"],"campfire_rested":1,"item_purchase_floors":[0,0,0,0,0,0,5,10,10,20,22,30,37,53,53],"current_hp_per_floor":[36,36,31,31,31,52,52,52,52,52,34,46,34,31,43,41,64,59,59,59,59,59,71,72,72,72,72,72,72,72,72,72,72,72,72,72,72,72,72,72,72,72,72,72,72,72,72,72,72,36,63,72,72,39,0,0],"gold":79,"neow_bonus":"","is_daily":false,"chose_seed":false,"campfire_upgraded":9,"win_rate":0.0,"timestamp":1608585354,"path_taken":["M","?","M","?","$","R","?","E","T","$","?","R","?","M","R","BOSS","M","?","?","?","$","R","M","E","T","E","R","E","$","M","R","BOSS","M","?","$","?","M","R","?","R","T","R","E","M","E","M","R","BOSS","R","$","E","BOSS"],"items_purchased_type":["Card","Card","Card","Card","Card","Card","Potion","Card","Card","Potion","Relic","Card","Relic","Relic","Relic"],"build_version":"2020-12-13","purchased_purges":0,"victory":false,"max_hp_per_floor":[72,72,72,72,72,72,72,72,72,72,72,72,72,72,72,72,72,72,72,72,72,72,72,72,72,72,72,72,72,72,72,72,72,72,72,72,72,72,72,72,72,72,72,72,72,72,72,72,72,72,72,72,72,72,72,72],"card_choices":[{"not_picked":["FlyingSleeves","WheelKick","EmptyFist"],"picked":"SKIP","floor":1.0},{"not_picked":["FollowUp","BowlingBash"],"picked":"Crescendo","floor":3.0},{"not_picked":["EmptyFist","FollowUp"],"picked":"Evaluate","floor":7.0},{"not_picked":["SignatureMove","Adaptation","Vengeance"],"picked":"SKIP","floor":8.0},{"not_picked":["Prostrate","FlurryOfBlows","Vengeance"],"picked":"SKIP","floor":14.0},{"not_picked":["Wish","Establishment"],"picked":"Vault","floor":16.0},{"not_picked":["CutThroughFate","EmptyBody","SignatureMove+1"],"picked":"SKIP","floor":18.0},{"not_picked":["Consecrate","Worship"],"picked":"Wireheading","floor":24.0},{"not_picked":["FlurryOfBlows","Judgement","ThirdEye"],"picked":"SKIP","floor":25.0},{"not_picked":["MentalFortress","Evaluate+1"],"picked":"Ragnarok","floor":27.0},{"not_picked":["JustLucky","FlyingSleeves+1","Halt+1"],"picked":"SKIP","floor":29.0},{"not_picked":["PathToVictory","Vengeance","Consecrate"],"picked":"SKIP","floor":31.0},{"not_picked":["Vault","ConjureBlade"],"picked":"Blasphemy","floor":33.0},{"not_picked":["WindmillStrike+1"],"picked":"SKIP","floor":35.0},{"not_picked":[],"picked":"ReachHeaven","floor":39.0},{"not_picked":["EmptyBody"],"picked":"SKIP","floor":41.0},{"not_picked":["Fasting2"],"picked":"SKIP","floor":45.0},{"not_picked":["ForeignInfluence"],"picked":"SKIP","floor":46.0},{"not_picked":["SashWhip"],"picked":"SKIP","floor":47.0},{"not_picked":["Indignation+1"],"picked":"SKIP","floor":48.0},{"not_picked":[],"picked":"CrushJoints","floor":53.0},{"not_picked":["CrushJoints+1"],"picked":"SKIP","floor":54.0}],"player_experience":740787,"relics_obtained":[{"floor":8.0,"key":"Letter Opener"},{"floor":9.0,"key":"Eternal Feather"},{"floor":25.0,"key":"Bronze Scales"},{"floor":26.0,"key":"Gremlin Horn"},{"floor":27.0,"key":"PreservedInsect"},{"floor":29.0,"key":"Anchor"},{"floor":45.0,"key":"Ice Cream"},{"floor":47.0,"key":"Akabeko"},{"floor":54.0,"key":"Bottled Tornado"}],"event_choices":[{"damage_healed":0.0,"max_hp_gain":0.0,"max_hp_loss":0.0,"gold_gain":175.0,"event_name":"Liars Game","player_choice":"AGREE","floor":2.0,"gold_loss":0.0,"damage_taken":0.0,"cards_obtained":["Doubt"]},{"cards_removed":["Doubt"],"damage_healed":0.0,"max_hp_gain":0.0,"max_hp_loss":0.0,"gold_gain":0.0,"event_name":"Purifier","player_choice":"Purged","floor":4.0,"gold_loss":0.0,"damage_taken":0.0},{"damage_healed":0.0,"max_hp_gain":0.0,"max_hp_loss":0.0,"gold_gain":0.0,"event_name":"Golden Idol","player_choice":"Take Damage","floor":11.0,"gold_loss":0.0,"damage_taken":18.0,"relics_obtained":["Golden Idol"]},{"damage_healed":0.0,"max_hp_gain":0.0,"max_hp_loss":0.0,"gold_gain":0.0,"event_name":"Dead Adventurer","player_choice":"Searched \u00272\u0027 times","floor":13.0,"gold_loss":0.0,"damage_taken":0.0,"relics_obtained":["hubris:SphereOfDissonance"]},{"damage_healed":0.0,"max_hp_gain":0.0,"max_hp_loss":0.0,"gold_gain":0.0,"event_name":"Vampires","player_choice":"Ignored","floor":19.0,"gold_loss":0.0,"damage_taken":0.0},{"cards_removed":["Strike_P"],"damage_healed":0.0,"max_hp_gain":0.0,"max_hp_loss":0.0,"gold_gain":0.0,"event_name":"Falling","player_choice":"Removed Attack","floor":36.0,"gold_loss":0.0,"damage_taken":0.0}],"is_beta":false,"boss_relics":[{"not_picked":["Runic Dome","Ectoplasm"],"picked":"Coffee Dripper"},{"not_picked":["HolyWater","hubris:BlackHole"],"picked":"Busted Crown"}],"items_purged_floors":[],"is_endless":false,"potions_floor_spawned":[7,8,14,16,24,27,31,35,41,48],"killed_by":"The Heart","ascension_level":7}}