{"host":"3xls0xm49ftugio7","time":1608575043,"event":{"mods":["2.2 Compatiblity","AchievementEnabler","Act Like it!","BaseMod","Colored Powertips","Downfall","GifTheSpireLib","Minty Spire (QoL Compilation)","Quick Restart","Relic Stats","StSLib"],"gold_per_floor":[99,99,110,136,236,236,236,236,268,268,268,285,302,322,333,428,428,428,444,444,462,462,462,489,519,369,369,369,386,10,21,41,145,145,145,220,273,286,317,32,32,44,44,77,77,96,116,135,149,149],"floor_reached":51,"playtime":2931,"items_purged":["sneckomod:Unknown"],"score":965,"play_id":"05deabfb-0f22-4bee-a390-7bceb25c6bd4","local_time":"20201221202403","is_ascension_mode":true,"campfire_choices":[{"data":"sneckomod:SnekBite","floor":1,"key":"SMITH"},{"data":"sneckomod:UnknownClassGUARDIAN","floor":6,"key":"SMITH"},{"data":"sneckomod:SlitherStrike","floor":8,"key":"SMITH"},{"floor":10,"key":"REST"},{"data":"sneckomod:Unknown3Cost","floor":18,"key":"SMITH"},{"data":"sneckomod:UnknownX","floor":20,"key":"SMITH"},{"data":"sneckomod:UnknownRareAttack","floor":23,"key":"SMITH"},{"data":"sneckomod:UnknownClassGUARDIAN","floor":27,"key":"SMITH"},{"data":"sneckomod:UnknownRarePower","floor":35,"key":"SMITH"},{"data":"sneckomod:UnknownUncommonPower","floor":43,"key":"SMITH"}],"circlet_count":0,"master_deck":["sneckomod:TailWhip","sneckomod:SnekBite+1","sneckomod:Unknown+1","sneckomod:UnknownClassGUARDIAN+1","sneckomod:SlitherStrike+1","sneckomod:Unknown2Cost","sneckomod:Unknown2Cost+2","sneckomod:UnknownCommonAttack","sneckomod:UnknownX+1","sneckomod:UnknownVulnerable","sneckomod:Unknown3Cost+1","sneckomod:Unknown2Cost+1","sneckomod:SnakeSap+1","sneckomod:UnknownBlock","sneckomod:UnknownClassHEXA_GHOST_PURPLE","sneckomod:Unknown2Cost+1","sneckomod:UnknownClassGUARDIAN+1","sneckomod:UnknownRareAttack+1","sneckomod:Unknown0Cost","Ghostly","sneckomod:UnknownX","sneckomod:UnknownClassGUARDIAN","sneckomod:UnknownUncommonPower","sneckomod:CheapStock","sneckomod:UnknownUncommonPower","sneckomod:CheapStock","sneckomod:UnknownBlock","sneckomod:UnknownRarePower+1","CurseOfTheBell","sneckomod:UnknownClassHEXA_GHOST_PURPLE+1","sneckomod:TrashToTreasure+1","sneckomod:SnakeSap+1","sneckomod:UnknownUncommonPower+1","sneckomod:UnknownUncommonPower+1","sneckomod:SnekBeam+1","sneckomod:RainOfDice+1","sneckomod:SlitherStrike+1","sneckomod:Unknown3Cost","sneckomod:UnknownWeak+1","sneckomod:DefensiveFlair+1"],"relics":["sneckomod:SneckoSoul","downfall:ShatteredFragment","Boot","War Paint","The Courier","expansioncontent:StudyCardRelic","MealTicket","sneckomod:CleanMud","Calling Bell","Anchor","Molten Egg 2","Pocketwatch","Mango","Guardian:PocketSentry","Nunchaku","Lee\u0027s Waffle","HornCleat","Ice Cream","Centennial Puzzle"],"acts_visited":["Exordium","TheCity","TheBeyond"],"potions_floor_usage":[16,21,25],"damage_taken":[{"damage":0,"enemies":"Small Slimes","floor":3,"turns":2},{"damage":18,"enemies":"Gremlin Nob","floor":4,"turns":4},{"damage":9,"enemies":"Lagavulin","floor":9,"turns":6},{"damage":0,"enemies":"2 Louse","floor":12,"turns":1},{"damage":0,"enemies":"Jaw Worm","floor":13,"turns":1},{"damage":0,"enemies":"Exordium Wildlife","floor":14,"turns":2},{"damage":4,"enemies":"2 Fungi Beasts","floor":15,"turns":2},{"damage":46,"enemies":"downfall:Defect","floor":16,"turns":6},{"damage":1,"enemies":"Spheric Guardian","floor":19,"turns":3},{"damage":4,"enemies":"3 Byrds","floor":21,"turns":3},{"damage":35,"enemies":"Book of Stabbing","floor":25,"turns":3},{"damage":0,"enemies":"Sentry and Sphere","floor":29,"turns":3},{"damage":15,"enemies":"downfall:FleeingMerchant","floor":30,"turns":4},{"damage":6,"enemies":"Centurion and Healer","floor":31,"turns":2},{"damage":0,"enemies":"Snecko","floor":32,"turns":3},{"damage":41,"enemies":"downfall:Silent","floor":33,"turns":6},{"damage":57,"enemies":"Mind Bloom Boss Battle","floor":36,"turns":6},{"damage":3,"enemies":"3 Darklings","floor":38,"turns":5},{"damage":31,"enemies":"Nemesis","floor":39,"turns":7},{"damage":5,"enemies":"downfall:FleeingMerchant","floor":40,"turns":4},{"damage":0,"enemies":"3 Shapes","floor":42,"turns":1},{"damage":10,"enemies":"Reptomancer","floor":44,"turns":6},{"damage":0,"enemies":"Sphere and 2 Shapes","floor":46,"turns":3},{"damage":9,"enemies":"3 Darklings","floor":47,"turns":4},{"damage":0,"enemies":"Spire Growth","floor":48,"turns":3},{"damage":1,"enemies":"Jaw Worm Horde","floor":49,"turns":4},{"damage":15,"enemies":"downfall:Watcher","floor":50,"turns":8}],"seed_played":"8081793772674443417","potions_obtained":[{"floor":0,"key":"SpeedPotion"},{"floor":0,"key":"PowerPotion"},{"floor":0,"key":"Ancient Potion"},{"floor":9,"key":"DistilledChaos"},{"floor":12,"key":"Energy Potion"},{"floor":15,"key":"DistilledChaos"},{"floor":21,"key":"sneckomod:CheatPotion"},{"floor":29,"key":"ColorlessPotion"},{"floor":31,"key":"EssenceOfSteel"},{"floor":33,"key":"FairyPotion"}],"is_trial":false,"path_per_floor":["R","?","M","E","?","R","T","R","E","R","?","M","M","M","M","B",null,"R","M","R","M","?","R","T","E","?","R","?","M","$","M","M","B",null,"R","?","?","M","E","$","T","M","R","E","?","M","M","M","M","B",null],"character_chosen":"THE_SNECKO","items_purchased":["sneckomod:Unknown3Cost","sneckomod:UnknownClassGUARDIAN","sneckomod:UnknownUncommonPower","sneckomod:CheapStock","sneckomod:UnknownUncommonPower","Lee\u0027s Waffle","HornCleat","Ice Cream","sneckomod:UnknownUncommonPower"],"campfire_rested":1,"item_purchase_floors":[30,30,30,30,30,40,40,40,40],"current_hp_per_floor":[90,69,70,52,52,52,52,52,44,71,76,77,78,79,76,35,102,102,102,102,98,104,104,104,74,74,74,74,74,94,89,89,55,116,116,74,74,71,45,140,140,140,140,130,150,151,143,143,151,143],"gold":149,"neow_bonus":"THREE_SMALL_POTIONS","is_daily":false,"chose_seed":false,"campfire_upgraded":9,"win_rate":0.0,"timestamp":1608575043,"path_taken":["R","?","M","E","?","R","T","R","E","R","?","?","M","M","M","BOSS","R","M","R","M","?","R","T","E","?","R","?","?","?","M","M","BOSS","R","?","?","M","E","$","T","M","R","E","?","?","M","M","M","BOSS"],"items_purchased_type":["Card","Card","Card","Card","Card","Relic","Relic","Relic","Card"],"build_version":"2020-12-13","purchased_purges":1,"victory":true,"max_hp_per_floor":[90,90,91,91,91,91,91,91,92,92,97,98,99,100,101,102,102,102,103,103,103,109,109,109,109,109,109,109,109,114,115,115,116,116,116,131,131,131,131,140,140,140,140,140,150,151,152,152,152,152],"relic_stats":{"Nunchaku":[10],"Lee\u0027s Waffle":83,"Centennial Puzzle":[9],"counters":[27,99],"MealTicket":30,"War Paint":["sneckomod:Unknown","sneckomod:Defend"],"Boot":[142],"obtain_stats":[{"Ice Cream":40,"Lee\u0027s Waffle":40,"downfall:ShatteredFragment":2,"Mango":36,"The Courier":9,"sneckomod:CleanMud":25,"expansioncontent:StudyCardRelic":17,"Guardian:PocketSentry":37,"War Paint":7,"sneckomod:SneckoSoul":0,"Boot":4,"Calling Bell":34,"Anchor":34,"Nunchaku":39,"Centennial Puzzle":44,"HornCleat":40,"MealTicket":24,"Molten Egg 2":34,"Pocketwatch":34},{"Ice Cream":20,"Lee\u0027s Waffle":20,"downfall:ShatteredFragment":0,"Mango":17,"The Courier":3,"sneckomod:CleanMud":11,"expansioncontent:StudyCardRelic":8,"Guardian:PocketSentry":17,"War Paint":2,"sneckomod:SneckoSoul":0,"Boot":2,"Calling Bell":16,"Anchor":16,"Nunchaku":19,"Centennial Puzzle":22,"HornCleat":20,"MealTicket":10,"Molten Egg 2":16,"Pocketwatch":16},{"Ice Cream":72,"Lee\u0027s Waffle":72,"downfall:ShatteredFragment":0,"Mango":57,"The Courier":12,"sneckomod:CleanMud":33,"expansioncontent:StudyCardRelic":24,"Guardian:PocketSentry":57,"War Paint":6,"sneckomod:SneckoSoul":0,"Boot":6,"Calling Bell":51,"Anchor":51,"Nunchaku":68,"Centennial Puzzle":78,"HornCleat":72,"MealTicket":30,"Molten Egg 2":51,"Pocketwatch":51}],"Pocketwatch":[3]},"card_choices":[{"not_picked":["sneckomod:PureSnecko","sneckomod:UnknownClassHEXA_GHOST_PURPLE"],"picked":"sneckomod:UnknownClassGUARDIAN","floor":3},{"not_picked":["sneckomod:QuickMove","sneckomod:Cheat"],"picked":"sneckomod:SlitherStrike","floor":4},{"not_picked":["sneckomod:MixItUp","sneckomod:UnknownStrike"],"picked":"sneckomod:Unknown2Cost","floor":9},{"not_picked":["sneckomod:UnknownVulnerable","sneckomod:Nope"],"picked":"sneckomod:Unknown2Cost","floor":12},{"not_picked":["sneckomod:DiceBlock","sneckomod:Nope"],"picked":"sneckomod:UnknownCommonAttack","floor":13},{"not_picked":["sneckomod:SoulDraw","sneckomod:RainOfDice"],"picked":"sneckomod:UnknownX","floor":14},{"not_picked":["sneckomod:PureSnecko","sneckomod:MasterEye"],"picked":"sneckomod:UnknownVulnerable","floor":15},{"not_picked":["sneckomod:UnknownRareAttack","sneckomod:UnknownRareSkill"],"picked":"sneckomod:Unknown3Cost","floor":16},{"not_picked":["sneckomod:Unknown1Cost+1","sneckomod:UnknownVulnerable+1"],"picked":"sneckomod:Unknown2Cost+1","floor":19},{"not_picked":["sneckomod:WideSting","sneckomod:DiceCrush+1"],"picked":"sneckomod:SnakeSap+1","floor":21},{"not_picked":["sneckomod:UnknownClassSLIMEBOUND","sneckomod:UnknownVulnerable","sneckomod:SoulCleanse"],"picked":"SKIP","floor":25},{"not_picked":["sneckomod:Nope","sneckomod:IronFang","sneckomod:RainOfDice"],"picked":"SKIP","floor":29},{"not_picked":["sneckomod:Unknown1Cost","sneckomod:UnknownBlock"],"picked":"sneckomod:UnknownX","floor":30},{"not_picked":["sneckomod:UnknownVulnerable","sneckomod:IronFang"],"picked":"sneckomod:CheapStock","floor":31},{"not_picked":["sneckomod:ImprovisedGuard","sneckomod:UnknownCommonSkill"],"picked":"sneckomod:UnknownBlock","floor":31},{"not_picked":["sneckomod:DiceBoulder","sneckomod:UnknownCommonSkill","sneckomod:UnknownCommonAttack"],"picked":"SKIP","floor":32},{"not_picked":["sneckomod:UnknownRareSkill","sneckomod:SerpentMind"],"picked":"sneckomod:UnknownRarePower","floor":33},{"not_picked":["sneckomod:WideSting+1","sneckomod:UnknownClassGUARDIAN"],"picked":"sneckomod:UnknownClassHEXA_GHOST_PURPLE+1","floor":36},{"not_picked":["sneckomod:UnknownVulnerable+1","sneckomod:PureSnecko+1"],"picked":"sneckomod:TrashToTreasure+1","floor":38},{"not_picked":["sneckomod:QuickMove+1","sneckomod:UnknownX+1"],"picked":"sneckomod:SnakeSap+1","floor":39},{"not_picked":["sneckomod:DiceCrush+1","sneckomod:UnknownBlock"],"picked":"sneckomod:UnknownUncommonPower+1","floor":40},{"not_picked":["sneckomod:UnknownClassPURPLE+1","sneckomod:WideSting+1"],"picked":"sneckomod:SnekBeam+1","floor":42},{"not_picked":["sneckomod:WideSting+1","sneckomod:SoulDraw"],"picked":"sneckomod:RainOfDice+1","floor":44},{"not_picked":["sneckomod:IronFang+1","sneckomod:Nope+1"],"picked":"sneckomod:SlitherStrike+1","floor":44},{"not_picked":["sneckomod:UnknownCommonSkill","sneckomod:UnknownEthereal+1"],"picked":"sneckomod:Unknown3Cost","floor":46},{"not_picked":["sneckomod:UnknownCommonAttack+1","sneckomod:UnknownStrike+1"],"picked":"sneckomod:UnknownWeak+1","floor":47},{"not_picked":["sneckomod:UnknownVulnerable","sneckomod:Unknown1Cost","sneckomod:SoulDraw"],"picked":"SKIP","floor":48},{"not_picked":["sneckomod:ImprovisedAttack+1","sneckomod:QuickMove+1"],"picked":"sneckomod:DefensiveFlair+1","floor":49}],"player_experience":840418,"relics_obtained":[{"floor":4,"key":"Boot"},{"floor":7,"key":"War Paint"},{"floor":9,"key":"The Courier"},{"floor":24,"key":"MealTicket"},{"floor":25,"key":"sneckomod:CleanMud"},{"floor":34,"key":"Anchor"},{"floor":34,"key":"Molten Egg 2"},{"floor":34,"key":"Pocketwatch"},{"floor":36,"key":"Mango"},{"floor":37,"key":"Guardian:PocketSentry"},{"floor":39,"key":"Nunchaku"},{"floor":44,"key":"Centennial Puzzle"}],"event_choices":[{"damage_healed":0,"gold_gain":0,"player_choice":"Donut","damage_taken":0,"max_hp_gain":5,"max_hp_loss":0,"event_name":"Big Fish","floor":11,"gold_loss":0},{"damage_healed":0,"gold_gain":0,"player_choice":"Upgraded","damage_taken":0,"max_hp_gain":0,"max_hp_loss":0,"event_name":"Upgrade Shrine","floor":28,"gold_loss":0,"cards_upgraded":["sneckomod:Unknown2Cost"]},{"cards_removed":["sneckomod:Unknown3Cost"],"damage_healed":10,"gold_gain":0,"player_choice":"Offered Rare","damage_taken":0,"max_hp_gain":10,"max_hp_loss":0,"event_name":"Bonfire Elementals","floor":45,"gold_loss":0}],"is_beta":false,"boss_relics":[{"not_picked":["Philosopher\u0027s Stone","Sozu"],"picked":"expansioncontent:StudyCardRelic"},{"not_picked":["Black Star","Empty Cage"],"picked":"Calling Bell"}],"items_purged_floors":[30],"is_endless":false,"potions_floor_spawned":[9,12,13,14,15,21,29,31,33,36,39,47,49],"ascension_level":3}}