{"host":"zhypnm5xlgq8j242","time":1608592495,"event":{"mods":["AchievementEnabler","BaseMod","BetterRewards","Colored Powertips","Hermit","Keyboard Shortcuts","Minty Spire (QoL Compilation)","Quick Restart","Replay The Spire","Shop Mod","StSLib","The Cursed","The Hierophant","The Runesmith"],"gold_per_floor":[114,39,39,114,22,56,56,76,127,160,180,203,253,290,290,391,391,410,431,221,136,136,146,146],"floor_reached":23,"playtime":803,"items_purged":["Strike_G","Looming Evil"],"score":322,"play_id":"77555180-7df8-4939-bd72-1f64a455ae62","local_time":"20201222081455","is_ascension_mode":true,"campfire_choices":[{"data":"Bane","floor":7,"key":"SMITH"},{"floor":15,"key":"REST"}],"circlet_count":0,"master_deck":["Strike_G","Strike_G","Strike_G","Defend_G","Defend_G","Defend_G","Defend_G","Defend_G","Survivor","Neutralize","Deadly Poison","Deadly Poison","Bane+1","Quick Slash","Backflip","Footwork","Deadly Poison","Corpse Explosion","Doubt","Glass Knife","Replay:Poison Smokescreen","Outmaneuver+1","ReplayTheSpireMod:Brewmster","Neutralize","Doppelganger"],"relics":["Ring of the Snake","NeowsBlessing","Replay:WaspNest","Oddly Smooth Stone","Gambling Chip","Replay:Mystery Machine","Ring of Greed","Ring of Fangs","Replay:Bandana","The Courier","Counterbalance","Runesmith:UraniumAnvil","Replay:Rubber Ducky"],"acts_visited":["Exordium","TheCity"],"potions_floor_usage":[14,23,23,23],"damage_taken":[{"damage":0,"enemies":"Jaw Worm","floor":1,"turns":1},{"damage":0,"enemies":"Gremlin Nob","floor":6,"turns":1},{"damage":0,"enemies":"Small Slimes","floor":8,"turns":1},{"damage":6,"enemies":"Lagavulin","floor":10,"turns":7},{"damage":0,"enemies":"Cultist","floor":11,"turns":3},{"damage":20,"enemies":"Gremlin Nob","floor":14,"turns":4},{"damage":35,"enemies":"Fading Forest","floor":16,"turns":11},{"damage":0,"enemies":"3 Byrds","floor":18,"turns":3},{"damage":10,"enemies":"2 Thieves","floor":19,"turns":4},{"damage":50,"enemies":"Slavers","floor":23,"turns":4}],"seed_played":"733366249067152603","potions_obtained":[{"floor":10,"key":"AttackPotion"},{"floor":11,"key":"FearPotion"},{"floor":14,"key":"EssenceOfSteel"},{"floor":18,"key":"Strength Potion"}],"is_trial":false,"path_per_floor":["M","$","?","?","$","E","R","M","T","E","M","T","?","E","R","B",null,"M","M","$","?","?","E"],"character_chosen":"THE_SILENT","items_purchased":["Deadly Poison","Bane","ReplayTheSpireMod:Brewmster"],"campfire_rested":1,"item_purchase_floors":[5,5,20],"current_hp_per_floor":[63,63,63,52,52,52,52,52,52,46,46,46,46,26,47,28,60,60,50,50,50,50,0,0],"gold":146,"neow_bonus":"THREE_ENEMY_KILL","is_daily":false,"chose_seed":false,"campfire_upgraded":1,"win_rate":0.0,"timestamp":1608592495,"path_taken":["M","$","?","?","?","E","R","M","T","E","?","?","?","E","R","BOSS","M","M","$","?","?","E"],"items_purchased_type":["Card","Card","Card"],"build_version":"2020-12-13","purchased_purges":2,"victory":false,"max_hp_per_floor":[70,70,70,70,70,70,70,70,70,70,70,70,70,70,70,70,70,70,70,70,70,70,70,70],"card_choices":[{"not_picked":["Quick Slash","Caltrops"],"picked":"Deadly Poison","floor":1},{"not_picked":["Flying Knee","Prepared"],"picked":"Quick Slash","floor":6},{"not_picked":["Tactician","ReplayTheSpireMod:Tripwire"],"picked":"Backflip","floor":8},{"not_picked":["Predator","Underhanded Strike"],"picked":"Footwork","floor":10},{"not_picked":["Sucker Punch","Hidden Blade"],"picked":"Deadly Poison","floor":11},{"not_picked":["Tactician","Deflect"],"picked":"Corpse Explosion","floor":14},{"not_picked":["Grand Finale","Wraith Form v2"],"picked":"Glass Knife","floor":16},{"not_picked":["Quick Slash+1","Dagger Throw+1"],"picked":"Replay:Poison Smokescreen","floor":18},{"not_picked":["Bouncing Flask","Dodge and Roll+1"],"picked":"Outmaneuver+1","floor":19}],"player_experience":596832,"relics_obtained":[{"floor":6,"key":"Replay:WaspNest"},{"floor":9,"key":"Oddly Smooth Stone"},{"floor":10,"key":"Gambling Chip"},{"floor":12,"key":"Replay:Mystery Machine"},{"floor":13,"key":"Ring of Greed"},{"floor":13,"key":"Ring of Fangs"},{"floor":13,"key":"Replay:Bandana"},{"floor":13,"key":"The Courier"},{"floor":14,"key":"Counterbalance"}],"event_choices":[{"cards_removed":["Strike_G"],"damage_healed":0,"gold_gain":0,"player_choice":"Forget","damage_taken":0,"max_hp_gain":0,"max_hp_loss":0,"event_name":"Living Wall","floor":3,"gold_loss":0},{"damage_healed":0,"gold_gain":75,"player_choice":"Gather Gold","damage_taken":11,"max_hp_gain":0,"max_hp_loss":0,"event_name":"World of Goop","floor":4,"gold_loss":0},{"damage_healed":0,"gold_gain":0,"player_choice":"Obtained Relic","damage_taken":0,"relics_obtained":["Replay:Rubber Ducky"],"max_hp_gain":0,"max_hp_loss":0,"event_name":"Addict","floor":21,"gold_loss":85},{"damage_healed":0,"gold_gain":0,"player_choice":"2 cards matched","damage_taken":0,"max_hp_gain":0,"max_hp_loss":0,"event_name":"Match and Keep!","floor":22,"gold_loss":0,"cards_obtained":["Neutralize","Doppelganger"]}],"is_beta":false,"boss_relics":[{"not_picked":["Cursed Key","Snecko Eye"],"picked":"Runesmith:UraniumAnvil"}],"items_purged_floors":[2,20],"is_endless":false,"potions_floor_spawned":[10,11,14,18],"killed_by":"Slavers","ascension_level":8}}