{"host":"v4s5k3c6jywmeofl","time":1608517007,"event":{"mods":["Act Like it!","BaseMod","Colored Map","Downfall","Gensokyo","Hallownest","Hermit","Marisa????????","Minty Spire (QoL Compilation)","Quick Restart","Random Character Button","Rare Cards Sparkle","Replay The Spire","StSLib","The Animator","The Bug Knight","The Cursed","The Hierophant","The Servant 0.9.4"],"gold_per_floor":[116,116,0,0,11,44,55,67,92,118,134,134,196,206,206,206,206],"floor_reached":16,"playtime":557,"items_purged":[],"score":137,"play_id":"aa202b29-5313-4b19-a631-abc424d2c97c","local_time":"20201220211647","is_ascension_mode":false,"campfire_choices":[{"data":"Defragment","floor":15,"key":"SMITH"}],"circlet_count":0,"master_deck":["Strike_B","Strike_B","Strike_B","Strike_B","Defend_B","Defend_B","Defend_B","Defend_B","Zap","Dualcast","Skim","Ball Lightning","BootSequence","Defragment+1","Darkness","Ball Lightning","Conserve Battery"],"relics":["Cracked Core","NeowsBlessing","Potion Belt","Hallownest:DreamNailRelic","Replay:Antivirus Software","ReplayFunnel"],"acts_visited":["Hallownest:Greenpath"],"potions_floor_usage":[],"damage_taken":[{"damage":0,"enemies":"Hallownest:monsterHuskGuard","floor":1,"turns":1},{"damage":0,"enemies":"2_ Uuma","floor":5,"turns":1},{"damage":0,"enemies":"Hallownest:eliteMossKnight","floor":6,"turns":1},{"damage":0,"enemies":"Hallownest:2_MossCreeps","floor":7,"turns":4},{"damage":8,"enemies":"Hallownest:MossCreep_and_Mosskin","floor":8,"turns":6},{"damage":8,"enemies":"Hallownest:eliteVengeflyKing","floor":10,"turns":6},{"damage":8,"enemies":"Hallownest:Guard_and_Warrior","floor":11,"turns":4},{"damage":3,"enemies":"Hallownest:Wandering_and_Horned","floor":14,"turns":4},{"damage":42,"enemies":"Hallownest:BossBrokenVessel","floor":16,"turns":8}],"seed_played":"7832306191995673281","potions_obtained":[{"floor":7,"key":"Fire Potion"},{"floor":8,"key":"Guardian:BlockOnCardUsePotion"},{"floor":11,"key":"AttackPotion"},{"floor":14,"key":"sneckomod:MuddlingPotion"}],"is_trial":false,"path_per_floor":["M","?","?","?","M","E","M","M","T","E","M","$","?","M","R","B"],"character_chosen":"DEFECT","items_purchased":[],"campfire_rested":0,"item_purchase_floors":[],"current_hp_per_floor":[75,66,66,66,66,66,66,58,58,50,42,42,42,39,39,0,0],"gold":206,"neow_bonus":"THREE_ENEMY_KILL","is_daily":false,"chose_seed":false,"campfire_upgraded":1,"win_rate":0.0,"timestamp":1608517007,"path_taken":["M","?","?","?","M","E","M","?","T","E","M","?","?","M","R","BOSS"],"items_purchased_type":[],"build_version":"2020-12-13","purchased_purges":0,"victory":false,"max_hp_per_floor":[75,75,75,75,75,75,75,75,75,75,75,75,75,75,75,75,75],"card_choices":[{"not_picked":["Stack","Compile Driver"],"picked":"Skim","floor":1},{"not_picked":["ReplayTheSpireMod:GoodbyeWorld","Barrage"],"picked":"Ball Lightning","floor":5},{"not_picked":["Reboot","Leap"],"picked":"BootSequence","floor":6},{"not_picked":["Beam Cell","Hologram"],"picked":"Defragment","floor":7},{"not_picked":["Panic Button","Gash"],"picked":"Darkness","floor":8},{"not_picked":["Steam Power","Cold Snap"],"picked":"Ball Lightning","floor":10},{"not_picked":["Leap","Coolheaded"],"picked":"Conserve Battery","floor":11},{"not_picked":["Consume","ReplaySort","Compile Driver"],"picked":"SKIP","floor":14}],"player_experience":119949,"relics_obtained":[{"floor":6,"key":"Replay:Antivirus Software"},{"floor":10,"key":"ReplayFunnel"}],"event_choices":[],"is_beta":false,"boss_relics":[],"items_purged_floors":[],"is_endless":false,"potions_floor_spawned":[7,8,11,14],"killed_by":"Hallownest:BossBrokenVessel","ascension_level":0}}