{"host":"jmrtcms4w8pdo4je","time":1608527888,"event":{"mods":["AchievementEnabler","BaseMod","Colored Powertips","Gremlin Mod","Infinite Spire","Minty Spire (QoL Compilation)","Replay The Spire","StSLib","The Forsaken","The Hierophant","The Necromancer"],"gold_per_floor":[118,118,118,138,213,213,26,26,50,50,63,92,92,109,109,213,213,194,41,140,173,190,190,219,219,246,313,338,355,366,381,381,381,381],"floor_reached":33,"playtime":1767,"items_purged":[],"score":333,"play_id":"15723550-c2e5-4128-8e46-b3a052b892da","local_time":"20201220231808","is_ascension_mode":false,"campfire_choices":[{"data":"theForsaken:ShieldBash","floor":6,"key":"SMITH"},{"data":"theForsaken:Smite","floor":8,"key":"SMITH"},{"data":"theForsaken:Penitence","floor":10,"key":"SMITH"},{"floor":23,"key":"REST"},{"floor":25,"key":"REST"},{"floor":32,"key":"REST"}],"circlet_count":0,"master_deck":["theForsaken:TheForsaken_Strike","theForsaken:TheForsaken_Strike","theForsaken:TheForsaken_Strike","theForsaken:TheForsaken_Strike","theForsaken:TheForsaken_Defend","theForsaken:TheForsaken_Defend","theForsaken:TheForsaken_Defend","theForsaken:TheForsaken_Defend","theForsaken:Smite+1","theForsaken:Penitence+1","theForsaken:MagicWeapon","Replay:Hysterical Blindness","theForsaken:ShieldBash+1","theForsaken:ShieldBash+1","theForsaken:InspiringBlow","theForsaken:DefensiveStance","theForsaken:FatRoll","theForsaken:TearsOfSunlight","theForsaken:FuryStrikes+1","theForsaken:Riposte","theForsaken:HymnOfPatience","theForsaken:Thunderbolt","theForsaken:CorruptedWord","theForsaken:Preservation","theForsaken:SiphonStrike","theForsaken:Eulogy+1","theForsaken:ShieldCharge"],"relics":["theForsaken:JudgementScales","NeowsBlessing","OrangePellets","Anchor","ReplayTheSpireMod:Shallot","Dream Catcher","theForsaken:Kindling","Busted Crown","Red Mask","MealTicket","Lantern","Replay:Rubber Ducky","Replay:WaspNest"],"acts_visited":["Exordium","TheCity"],"potions_floor_usage":[12,16,21,28,28,28,30,31],"damage_taken":[{"damage":0,"enemies":"Jaw Worm","floor":1,"turns":1},{"damage":0,"enemies":"2 Louse","floor":4,"turns":1},{"damage":0,"enemies":"Small Slimes","floor":11,"turns":1},{"damage":19,"enemies":"Lagavulin","floor":12,"turns":9},{"damage":0,"enemies":"3 Louse","floor":14,"turns":5},{"damage":5,"enemies":"Fading Forest","floor":16,"turns":11},{"damage":0,"enemies":"2 Thieves","floor":18,"turns":4},{"damage":18,"enemies":"Masked Bandits","floor":21,"turns":6},{"damage":27,"enemies":"Shell Parasite","floor":22,"turns":7},{"damage":63,"enemies":"Gremlin Leader","floor":24,"turns":10},{"damage":6,"enemies":"Book of Stabbing","floor":28,"turns":6},{"damage":15,"enemies":"Centurion and Healer","floor":29,"turns":6},{"damage":18,"enemies":"Chosen and Byrds","floor":30,"turns":7},{"damage":19,"enemies":"Shelled Parasite and Fungi","floor":31,"turns":5},{"damage":87,"enemies":"Champ","floor":33,"turns":12}],"seed_played":"3151809115267797496","potions_obtained":[{"floor":4,"key":"SkillPotion"},{"floor":12,"key":"SkillPotion"},{"floor":18,"key":"LiquidMemories"},{"floor":24,"key":"Weak Potion"},{"floor":27,"key":"BlessingOfTheForge"},{"floor":27,"key":"LiquidMemories"},{"floor":29,"key":"theForsaken:FearPotion"},{"floor":30,"key":"theForsaken:FearPotion"}],"is_trial":false,"path_per_floor":["M","?","?","M","?","R","$","R","T","R","M","E","T","M","R","B",null,"M","$","?","?","M","R","E","R","T","?","E","M","M","M","R","B"],"character_chosen":"THE_FORSAKEN","items_purchased":["theForsaken:ShieldBash+1","OrangePellets","theForsaken:FuryStrikes+1","theForsaken:Riposte","theForsaken:HymnOfPatience"],"campfire_rested":3,"item_purchase_floors":[7,7,19,19,19],"current_hp_per_floor":[65,65,65,65,54,54,54,54,54,54,54,41,41,46,46,65,65,65,65,65,52,48,70,28,54,54,54,62,58,46,35,62,0,0],"gold":381,"neow_bonus":"THREE_ENEMY_KILL","is_daily":false,"chose_seed":false,"campfire_upgraded":3,"win_rate":0.0,"timestamp":1608527888,"path_taken":["M","?","?","M","?","R","$","R","T","R","M","E","?","M","R","BOSS","M","$","?","?","M","R","E","R","T","?","E","M","M","M","R","BOSS"],"items_purchased_type":["Card","Relic","Card","Card","Card"],"build_version":"2020-12-13","purchased_purges":0,"victory":false,"max_hp_per_floor":[65,65,65,65,65,65,65,65,65,65,65,65,65,65,65,65,65,65,65,65,65,65,70,70,75,75,75,75,75,75,75,80,80,80],"card_choices":[{"not_picked":["theForsaken:BlightOfFamine","theForsaken:Backlash"],"picked":"theForsaken:MagicWeapon","floor":1},{"not_picked":["theForsaken:StoreUp","theForsaken:QuickAttack"],"picked":"theForsaken:ShieldBash","floor":4},{"not_picked":["theForsaken:CreepingInfection","theForsaken:MagicWeapon"],"picked":"theForsaken:InspiringBlow","floor":11},{"not_picked":["theForsaken:Thunderbolt","theForsaken:Mantra"],"picked":"theForsaken:DefensiveStance","floor":12},{"not_picked":["theForsaken:NobleSacrifice","theForsaken:ScorchingSunlight"],"picked":"theForsaken:FatRoll","floor":14},{"not_picked":["theForsaken:Horror","theForsaken:FountainOfLife"],"picked":"theForsaken:TearsOfSunlight","floor":16},{"not_picked":["theForsaken:Parry"],"picked":"SKIP","floor":18},{"not_picked":[],"picked":"theForsaken:Thunderbolt","floor":21},{"not_picked":[],"picked":"theForsaken:CorruptedWord","floor":22},{"not_picked":[],"picked":"theForsaken:Preservation","floor":23},{"not_picked":["theForsaken:Riposte"],"picked":"SKIP","floor":24},{"not_picked":[],"picked":"theForsaken:SiphonStrike","floor":28},{"not_picked":[],"picked":"theForsaken:Eulogy+1","floor":29},{"not_picked":[],"picked":"theForsaken:ShieldCharge","floor":30},{"not_picked":["theForsaken:PanicDive+1"],"picked":"SKIP","floor":31}],"player_experience":1908,"relics_obtained":[{"floor":9,"key":"Anchor"},{"floor":12,"key":"ReplayTheSpireMod:Shallot"},{"floor":13,"key":"Dream Catcher"},{"floor":15,"key":"theForsaken:Kindling"},{"floor":21,"key":"Red Mask"},{"floor":24,"key":"MealTicket"},{"floor":26,"key":"Lantern"},{"floor":27,"key":"Replay:Rubber Ducky"},{"floor":28,"key":"Replay:WaspNest"}],"event_choices":[{"damage_healed":0,"gold_gain":75,"player_choice":"Gather Gold","damage_taken":11,"max_hp_gain":0,"max_hp_loss":0,"event_name":"World of Goop","floor":5,"gold_loss":0},{"damage_healed":0,"gold_gain":99,"player_choice":"Stole From Cult","damage_taken":0,"max_hp_gain":0,"max_hp_loss":0,"event_name":"Nest","floor":20,"gold_loss":0},{"damage_healed":0,"gold_gain":0,"player_choice":"Fought Bandits","damage_taken":0,"max_hp_gain":0,"max_hp_loss":0,"event_name":"Masked Bandits","floor":21,"gold_loss":0}],"is_beta":false,"boss_relics":[{"not_picked":["Empty Cage","Replay:Wanted Poster"],"picked":"Busted Crown"}],"items_purged_floors":[],"is_endless":false,"potions_floor_spawned":[4,12,18,24,29,30],"killed_by":"Champ","ascension_level":0}}