{"host":"gbop6m4qugddaz18","time":1608568539,"event":{"mods":["2.2 Compatiblity","BaseMod","Better Third Choice","Block Reminder","Downfall","GifTheSpireLib","Highlight Path","Minty Spire (QoL Compilation)","Replay The Spire","StSLib"],"gold_per_floor":[110,127,127,198,211,211,245,245,245,245,274,291,308,71,71,168,168,187,198,212,230,230,230],"floor_reached":22,"playtime":1047,"items_purged":[],"score":228,"play_id":"d1c239a1-e199-4011-9836-90c23a1da2e8","local_time":"20201221113539","is_ascension_mode":true,"campfire_choices":[{"data":"Seeing Red","floor":6,"key":"SMITH"},{"data":"Bash","floor":8,"key":"SMITH"},{"data":"Anger","floor":10,"key":"SMITH"},{"data":"Seeing Red","floor":15,"key":"SMITH"}],"circlet_count":0,"master_deck":["Strike_R","Strike_R","Strike_R","Strike_R","Strike_R","Defend_R","Defend_R+1","Defend_R","Bash+1","Anger+1","Dropkick","Seeing Red+1","ReplayTheSpireMod:Strike From Hell","Seeing Red+1","Shrug It Off","Run Through","Inflame","Run Through","Reaper","Thunderclap","ReplayTheSpireMod:Corrosion Curse","Armaments","Thunderclap"],"relics":["Burning Blood","Pen Nib","Garlic","Gambling Chip","Tiny Chest","Lee\u0027s Waffle","Empty Cage"],"acts_visited":["Exordium","TheCity"],"potions_floor_usage":[7,7,7,16,20,22],"damage_taken":[{"damage":0,"enemies":"Cultist","floor":1,"turns":3},{"damage":0,"enemies":"Jaw Worm","floor":2,"turns":3},{"damage":4,"enemies":"Small Slimes","floor":5,"turns":3},{"damage":12,"enemies":"Lagavulin","floor":7,"turns":5},{"damage":22,"enemies":"3 Sentries","floor":11,"turns":7},{"damage":2,"enemies":"3 Louse","floor":12,"turns":5},{"damage":0,"enemies":"Looter","floor":13,"turns":2},{"damage":45,"enemies":"The Guardian","floor":16,"turns":9},{"damage":32,"enemies":"3 Byrds","floor":18,"turns":6},{"damage":0,"enemies":"Spheric Guardian","floor":19,"turns":3},{"damage":47,"enemies":"Snake Plant","floor":20,"turns":6},{"damage":23,"enemies":"Sentry and Sphere","floor":21,"turns":4},{"damage":32,"enemies":"Snecko","floor":22,"turns":5}],"seed_played":"-7695975351700122394","potions_obtained":[{"floor":4,"key":"SkillPotion"},{"floor":4,"key":"ColorlessPotion"},{"floor":5,"key":"AttackPotion"},{"floor":7,"key":"SpeedPotion"},{"floor":11,"key":"DistilledChaos"},{"floor":18,"key":"Swift Potion"},{"floor":19,"key":"LiquidBronze"},{"floor":21,"key":"BloodPotion"}],"is_trial":false,"path_per_floor":["M","M","$","?","M","R","E","R","T","R","E","M","M","$","R","B",null,"M","M","M","M","M"],"character_chosen":"IRONCLAD","items_purchased":["Inflame","Run Through","Lee\u0027s Waffle"],"campfire_rested":0,"item_purchase_floors":[14,14,14],"current_hp_per_floor":[80,80,80,48,50,50,44,44,44,44,28,32,38,87,87,48,87,61,67,30,13,0,0],"gold":230,"neow_bonus":"RANDOM_EVENT","is_daily":false,"chose_seed":false,"campfire_upgraded":4,"win_rate":0.0,"timestamp":1608568539,"path_taken":["M","M","?","?","M","R","E","R","T","R","E","M","M","$","R","BOSS","M","M","M","M","M"],"items_purchased_type":["Card","Card","Relic"],"build_version":"2020-12-13","purchased_purges":0,"victory":false,"max_hp_per_floor":[80,80,80,80,80,80,80,80,80,80,80,80,80,87,87,87,87,87,87,87,87,87,87],"card_choices":[{"not_picked":["Perfected Strike","Headbutt"],"picked":"Anger","floor":1},{"not_picked":["Evolve","Burning Pact"],"picked":"Dropkick","floor":2},{"not_picked":["True Grit","Body Slam"],"picked":"Seeing Red","floor":4},{"not_picked":["Wild Strike","Perfected Strike"],"picked":"ReplayTheSpireMod:Strike From Hell","floor":5},{"not_picked":["Replay:Undeath\u0027s Touch","Flex"],"picked":"Seeing Red","floor":7},{"not_picked":["Exhume","Replay:Undeath\u0027s Touch"],"picked":"Shrug It Off","floor":11},{"not_picked":["Battle Trance","Heavy Blade"],"picked":"Evolve","floor":12},{"not_picked":["Havoc","Perfected Strike"],"picked":"Run Through","floor":13},{"not_picked":["Exhume","Eclipse"],"picked":"Reaper","floor":16},{"not_picked":["Warcry","Body Slam"],"picked":"Thunderclap","floor":18},{"not_picked":["Battle Trance","Reckless Charge"],"picked":"ReplayTheSpireMod:Corrosion Curse","floor":19},{"not_picked":["Dropkick+1","Sentinel"],"picked":"Armaments","floor":20},{"not_picked":["Sever Soul","Sword Boomerang"],"picked":"Thunderclap","floor":21}],"player_experience":571664,"relics_obtained":[{"floor":4,"key":"Pen Nib"},{"floor":7,"key":"Garlic"},{"floor":9,"key":"Gambling Chip"},{"floor":11,"key":"Tiny Chest"}],"event_choices":[],"is_beta":false,"boss_relics":[{"not_picked":["Runic Dome","Electric Blood"],"picked":"Empty Cage"}],"items_purged_floors":[],"is_endless":false,"potions_floor_spawned":[5,7,11,18,19,21],"killed_by":"Snecko","ascension_level":3}}