{"host":"rqd50iigewdjy74u","time":1608524898,"event":{"mods":["AchievementEnabler","BaseMod","BetterRewards","Custom Start","Minty Spire (QoL Compilation)","StSLib"],"gold_per_floor":[113,127,145,145,220,220,248,258,313,345,345,345,361,51,51,174,174,192,192,107,128,147,185,185,31,31,70,70,70,70],"floor_reached":29,"playtime":880,"items_purged":[],"score":310,"play_id":"9d509c44-9924-45f5-bde4-5feb7b8b47e3","local_time":"20201220222818","daily_mods":["Draft"],"is_ascension_mode":true,"campfire_choices":[{"data":"Static Discharge","floor":6,"key":"SMITH"},{"data":"Static Discharge","floor":11,"key":"SMITH"},{"data":"Machine Learning","floor":15,"key":"SMITH"},{"data":"White Noise","floor":24,"key":"SMITH"},{"data":"Electrodynamics","floor":28,"key":"SMITH"}],"circlet_count":0,"master_deck":["Ball Lightning","Hologram","Defragment","White Noise+1","Sweeping Beam","Static Discharge+1","Glacier","Double Energy","Stack","Cold Snap","Doom and Gloom","Darkness","Conserve Battery","Conserve Battery","Ball Lightning","Streamline","Self Repair","Self Repair","Static Discharge+1","Coolheaded","Machine Learning+1","Reinforced Body","Thunder Strike","Stack","Necronomicurse","Steam","Static Discharge","White Noise","Electrodynamics+1"],"relics":["Cracked Core","Bottled Tornado","Strawberry","Bag of Marbles","Toy Ornithopter","Golden Idol","Mango","Philosopher\u0027s Stone","Necronomicon","Sundial","Akabeko","Potion Belt","MealTicket","Tiny Chest"],"acts_visited":["Exordium","TheCity"],"potions_floor_usage":[16,16,16,29,29],"damage_taken":[{"damage":0,"enemies":"Cultist","floor":1,"turns":3},{"damage":7,"enemies":"Small Slimes","floor":2,"turns":2},{"damage":11,"enemies":"Jaw Worm","floor":3,"turns":2},{"damage":24,"enemies":"Gremlin Nob","floor":7,"turns":3},{"damage":9,"enemies":"3 Louse","floor":8,"turns":2},{"damage":18,"enemies":"Lagavulin","floor":10,"turns":4},{"damage":6,"enemies":"2 Fungi Beasts","floor":13,"turns":3},{"damage":21,"enemies":"The Guardian","floor":16,"turns":9},{"damage":25,"enemies":"Shell Parasite","floor":18,"turns":2},{"damage":5,"enemies":"3 Byrds","floor":21,"turns":2},{"damage":10,"enemies":"Centurion and Healer","floor":22,"turns":3},{"damage":27,"enemies":"Book of Stabbing","floor":23,"turns":4},{"damage":21,"enemies":"Gremlin Leader","floor":27,"turns":3},{"damage":44,"enemies":"Slavers","floor":29,"turns":3}],"seed_played":"-9219501437675326077","potions_obtained":[{"floor":1,"key":"Dexterity Potion"},{"floor":3,"key":"Fire Potion"},{"floor":8,"key":"CultistPotion"},{"floor":10,"key":"Weak Potion"},{"floor":22,"key":"CultistPotion"},{"floor":23,"key":"SpeedPotion"},{"floor":27,"key":"Block Potion"}],"is_trial":true,"path_per_floor":["M","M","M","T","?","R","E","M","T","E","R","?","M","$","R","B",null,"M","?","?","M","M","E","R","$","T","E","R","E"],"character_chosen":"DEFECT","items_purchased":["Mango","Potion Belt"],"campfire_rested":0,"item_purchase_floors":[14,25],"current_hp_per_floor":[75,68,64,64,53,53,50,48,48,37,37,17,18,32,32,40,96,85,69,69,64,54,41,41,41,41,27,27,0,0],"gold":70,"neow_bonus":"","is_daily":false,"chose_seed":false,"campfire_upgraded":5,"win_rate":0.0,"timestamp":1608524898,"path_taken":["M","M","M","?","?","R","E","M","T","E","R","?","M","$","R","BOSS","M","?","?","M","M","E","R","?","T","E","R","E"],"items_purchased_type":["Relic","Relic"],"build_version":"2020-12-13","purchased_purges":0,"victory":false,"max_hp_per_floor":[75,75,75,75,75,75,82,82,82,82,82,82,82,96,96,96,96,96,96,96,96,96,96,96,96,96,96,96,96,96],"card_choices":[{"not_picked":["Lockon","Compile Driver"],"picked":"Ball Lightning","floor":0},{"not_picked":["Compile Driver","Beam Cell"],"picked":"Hologram","floor":0},{"not_picked":["Go for the Eyes","Cold Snap"],"picked":"Defragment","floor":0},{"not_picked":["Turbo","Stack"],"picked":"White Noise","floor":0},{"not_picked":["Reprogram","Streamline"],"picked":"Sweeping Beam","floor":0},{"not_picked":["Steam Power","Compile Driver"],"picked":"Static Discharge","floor":0},{"not_picked":["Compile Driver","Rebound"],"picked":"Glacier","floor":0},{"not_picked":["Steam Power","Sweeping Beam"],"picked":"Double Energy","floor":0},{"not_picked":["Auto Shields","Rebound"],"picked":"Stack","floor":0},{"not_picked":["Conserve Battery","Stack"],"picked":"Cold Snap","floor":0},{"not_picked":["Scrape","Hello World"],"picked":"Doom and Gloom","floor":0},{"not_picked":["BootSequence","Auto Shields"],"picked":"Darkness","floor":0},{"not_picked":["Leap","Steam"],"picked":"Conserve Battery","floor":0},{"not_picked":["Cold Snap","Steam"],"picked":"Conserve Battery","floor":0},{"not_picked":["Genetic Algorithm","BootSequence"],"picked":"Ball Lightning","floor":0},{"not_picked":["Reprogram","Stack"],"picked":"Streamline","floor":1},{"not_picked":["Turbo","Hologram"],"picked":"Self Repair","floor":2},{"not_picked":["Fusion","Gash"],"picked":"Self Repair","floor":3},{"not_picked":["Go for the Eyes","Turbo"],"picked":"Static Discharge","floor":7},{"not_picked":["Hello World","Compile Driver"],"picked":"Coolheaded","floor":8},{"not_picked":["Rebound","Doom and Gloom"],"picked":"Machine Learning","floor":10},{"not_picked":["Undo","Fusion"],"picked":"Reinforced Body","floor":13},{"not_picked":["Buffer","Fission"],"picked":"Thunder Strike","floor":16},{"not_picked":["Reprogram","Fusion"],"picked":"Stack","floor":18},{"not_picked":["Go for the Eyes","Rebound"],"picked":"Steam","floor":21},{"not_picked":["Cold Snap+1","Fusion"],"picked":"Static Discharge","floor":22},{"not_picked":["Recycle","Barrage"],"picked":"White Noise","floor":23},{"not_picked":["Chaos","Stack"],"picked":"Electrodynamics","floor":27}],"player_experience":96192,"relics_obtained":[{"floor":4,"key":"Bottled Tornado"},{"floor":7,"key":"Strawberry"},{"floor":9,"key":"Bag of Marbles"},{"floor":10,"key":"Toy Ornithopter"},{"floor":19,"key":"Necronomicon"},{"floor":23,"key":"Akabeko"},{"floor":26,"key":"MealTicket"},{"floor":27,"key":"Tiny Chest"}],"event_choices":[{"damage_healed":0,"gold_gain":75,"player_choice":"Gather Gold","damage_taken":11,"max_hp_gain":0,"max_hp_loss":0,"event_name":"World of Goop","floor":5,"gold_loss":0},{"damage_healed":0,"gold_gain":0,"player_choice":"Take Damage","damage_taken":20,"relics_obtained":["Golden Idol"],"max_hp_gain":0,"max_hp_loss":0,"event_name":"Golden Idol","floor":12,"gold_loss":0},{"damage_healed":0,"gold_gain":0,"player_choice":"Obtained Book","damage_taken":16,"max_hp_gain":0,"max_hp_loss":0,"event_name":"Cursed Tome","floor":19,"gold_loss":0},{"damage_healed":0,"gold_gain":0,"player_choice":"Obtained Relic","damage_taken":0,"relics_obtained":["Sundial"],"max_hp_gain":0,"max_hp_loss":0,"event_name":"Addict","floor":20,"gold_loss":85}],"is_beta":false,"boss_relics":[{"not_picked":["SacredBark","Coffee Dripper"],"picked":"Philosopher\u0027s Stone"}],"items_purged_floors":[],"is_endless":true,"potions_floor_spawned":[1,3,8,10,22,23,27],"killed_by":"Slavers","ascension_level":1}}