{"host":"8g0y046lq89z3gxm","time":1608540034,"event":{"mods":["2.2 Compatiblity","A Magickal Journey","Abigail Mod","AchievementEnabler","Act Like it!","Aspiration","Astrologer","BaseMod","Better Note","Better Sensory Stone","Better Third Choice","Better Vampires","BetterRewards","CapriCore","Colored Powertips","Conspire","Custom Start","DeckTracker","Defuse TimeMaze Blight","Dota2Spire","Downfall","Energized Spire","Friendly Minions","Gensokyo","GifTheSpireLib","GungeonMod","Halation","Hallownest","Hermit","HololiveMod","Hubris","Infinite Spire","KiyohimeÅiê¥?Åj","Koishi","KomeijiMod","Lobotomy","LobotomyExtend","MarisaÅiñ∂âJÅ@ñÇóùçπÅj","Minty Spire (QoL Compilation)","MostiFishMod","Permanent Neow","Prisma Mod","Quarter Circle Forward PUNCH!","Railgun Mod","Rare Cards Sparkle","Relic Stats","Replay The Spire","RumiaBox-òIïƒ?ìIê_îÈ·¥éq","Shade Mod","Shop Mod","Small Relic Pack","Spicy Shops","Spire Birthday Party","StSLib","Stuff the Spire","TestMod","The Alterego","The Animator","The Blue Laboratory","The Cursed","The Forsaken","The Gatherer","The Hierophant","The Wild Card","TheSwordswoman","Uncapped","Unceasing Turn Reminder","Wandering Minibosses","WarShipGirlsR/??è≠èóR mod","Yohane!","vexMod","Åy?ï˚ìÒéü?çÏÅzî™â]éámod","Åy?ï®?îvÅzREMEMod"],"gold_per_floor":[118,118,12,12,12,12,12,27,27,42,60,75,75,93,186,284,234,234,234],"floor_reached":18,"playtime":1713,"items_purged":[],"score":202,"play_id":"31822cd1-7f90-4394-b5c9-b45f73082ee9","local_time":"20201221004034","is_ascension_mode":false,"campfire_choices":[{"data":"alterego_mod:IndependentAction","floor":6,"key":"SMITH"},{"data":"alterego_mod:Palingenesis","floor":13,"key":"SMITH"}],"circlet_count":0,"master_deck":["alterego_mod:Strike","alterego_mod:Strike","alterego_mod:Strike","alterego_mod:Strike","alterego_mod:Defend","alterego_mod:Defend","alterego_mod:Defend","alterego_mod:Defend","alterego_mod:Impale","alterego_mod:BigMeatyClaws","alterego_mod:BrynhildrsRune","MostiFishMod:Overload","alterego_mod:Complex","BigBadWolf","alterego_mod:IndependentAction+1","alterego_mod:Belts","BeautyBeast","alterego_mod:Rake","Scorched","alterego_mod:Mirror","NothingThere","alterego_mod:Skirt","LongBird","alterego_mod:BiFurious","Freischutz","alterego_mod:Valkyrie","alterego_mod:Strike","alterego_mod:BoobPocket"],"relics":["StuffTheSpire:OccultApparatus","testmod-TestBox","DaveBox","REME_ComplimentaryCards","testmod-GiftOfSatan","Civilization","CogitoBucket","Question Card","LetterFromLob","infinitespire:ShieldingShard","ThirstyCross","Letter Opener","SkinProphecy","DemoMod:GlassGuonStoneRelic","ImportantClient","energizedSpire:HugeHouse","InspiredRelic"],"acts_visited":["Exordium","TheCity"],"potions_floor_usage":[16],"damage_taken":[{"damage":1,"enemies":"Jaw Worm","floor":1,"turns":4},{"damage":0,"enemies":"Small Slimes","floor":8,"turns":1},{"damage":0,"enemies":"2 Louse","floor":10,"turns":2},{"damage":0,"enemies":"Exordium Thugs","floor":11,"turns":1},{"damage":0,"enemies":"Exordium Wildlife","floor":12,"turns":1},{"damage":5,"enemies":"Looter","floor":14,"turns":4},{"damage":39,"enemies":"Fading Forest","floor":16,"turns":11}],"seed_played":"8254425544203477637","potions_obtained":[{"floor":8,"key":"blueLaboratory:StoneskinPotion"}],"is_trial":false,"path_per_floor":["M","?","$","?","?","R","$","M","T","M","M","M","R","M","R","B",null,"M"],"character_chosen":"The_Alterego","items_purchased":["alterego_mod:IndependentAction","alterego_mod:Belts"],"campfire_rested":0,"item_purchase_floors":[3,3],"current_hp_per_floor":[71,71,71,71,71,71,71,74,74,79,86,96,96,107,107,128,123,0,0],"gold":234,"neow_bonus":"","is_daily":false,"chose_seed":false,"campfire_upgraded":2,"win_rate":0.0,"timestamp":1608540034,"path_taken":["M","?","$","?","?","R","?","M","T","M","M","M","R","M","R","BOSS","M"],"items_purchased_type":["Card","Card"],"build_version":"2020-12-13","purchased_purges":0,"victory":false,"max_hp_per_floor":[72,72,72,72,72,72,72,75,75,80,87,96,96,107,107,128,123,123,123],"relic_stats":{"counters":[8,25],"Letter Opener":[21],"Question Card":24,"obtain_stats":[{"ThirstyCross":4,"alterego_mod:MasochisticConstitution":0,"testmod-TestBox":0,"DaveBox":0,"DemoMod:GlassGuonStoneRelic":10,"Letter Opener":9,"SkinProphecy":14,"Question Card":1,"StuffTheSpire:OccultApparatus":5,"Civilization":0,"CogitoBucket":0,"testmod-GiftOfSatan":0,"infinitespire:ShieldingShard":2,"LetterFromLob":1,"energizedSpire:HugeHouse":17,"InspiredRelic":18,"REME_ComplimentaryCards":0,"ImportantClient":16},{"ThirstyCross":1,"alterego_mod:MasochisticConstitution":0,"testmod-TestBox":0,"DaveBox":0,"DemoMod:GlassGuonStoneRelic":3,"Letter Opener":2,"SkinProphecy":7,"Question Card":1,"StuffTheSpire:OccultApparatus":1,"Civilization":0,"CogitoBucket":0,"testmod-GiftOfSatan":0,"infinitespire:ShieldingShard":1,"LetterFromLob":1,"energizedSpire:HugeHouse":8,"InspiredRelic":8,"REME_ComplimentaryCards":0,"ImportantClient":8},{"ThirstyCross":4,"alterego_mod:MasochisticConstitution":0,"testmod-TestBox":0,"DaveBox":0,"DemoMod:GlassGuonStoneRelic":7,"Letter Opener":5,"SkinProphecy":14,"Question Card":4,"StuffTheSpire:OccultApparatus":4,"Civilization":0,"CogitoBucket":0,"testmod-GiftOfSatan":0,"infinitespire:ShieldingShard":4,"LetterFromLob":4,"energizedSpire:HugeHouse":25,"InspiredRelic":25,"REME_ComplimentaryCards":0,"ImportantClient":25}]},"card_choices":[{"not_picked":["alterego_mod:SakuraPetals","alterego_mod:Belts"],"picked":"alterego_mod:Complex","floor":1},{"not_picked":["Yin","ShyLook","WallGazer"],"picked":"Singing Bowl","floor":1},{"not_picked":["CrumblingArmor","PunishingBird"],"picked":"BigBadWolf","floor":1},{"not_picked":["FairyFestival","WallGazer","LaLuna"],"picked":"Singing Bowl","floor":8},{"not_picked":["GalaxyChild","OSAHOGD"],"picked":"BeautyBeast","floor":8},{"not_picked":["alterego_mod:Birthday","alterego_mod:Cycle","alterego_mod:PerceptionDisorder"],"picked":"alterego_mod:Rake","floor":8},{"not_picked":["Murderer","MHz"],"picked":"Scorched","floor":10},{"not_picked":["alterego_mod:Cycle","alterego_mod:Stockings","alterego_mod:Cooking"],"picked":"alterego_mod:Mirror","floor":10},{"not_picked":["CrumblingArmor","OSAHOGD"],"picked":"NothingThere","floor":11},{"not_picked":["alterego_mod:Belle","alterego_mod:HighServant","alterego_mod:MaintainEyeContact"],"picked":"alterego_mod:Palingenesis","floor":11},{"not_picked":["alterego_mod:GoddessCore","alterego_mod:Cooking","alterego_mod:Complex"],"picked":"alterego_mod:Skirt","floor":12},{"not_picked":["WallGazer","LaLuna","MHz"],"picked":"Singing Bowl","floor":12},{"not_picked":["Wellcheers","VoidDream"],"picked":"LongBird","floor":12},{"not_picked":["alterego_mod:PerceptionDisorder","alterego_mod:Cycle","alterego_mod:Clones"],"picked":"alterego_mod:BiFurious","floor":14},{"not_picked":["CrumblingArmor","PunishingBird","LaLuna"],"picked":"Singing Bowl","floor":14},{"not_picked":["Rudolta","LittleHelper","PunishingBird"],"picked":"Singing Bowl","floor":16},{"not_picked":["Mercenary","Variant"],"picked":"Freischutz","floor":16},{"not_picked":["alterego_mod:SideboobHour","alterego_mod:IdEs","alterego_mod:Vow"],"picked":"alterego_mod:Valkyrie","floor":16}],"player_experience":214213,"relics_obtained":[{"floor":1,"key":"Question Card"},{"floor":1,"key":"LetterFromLob"},{"floor":2,"key":"infinitespire:ShieldingShard"},{"floor":9,"key":"Letter Opener"},{"floor":16,"key":"ImportantClient"}],"event_choices":[],"is_beta":false,"boss_relics":[{"not_picked":["halation:PinkAlligatorPlush","halation:Yufonium"],"picked":"energizedSpire:HugeHouse"}],"items_purged_floors":[],"is_endless":false,"potions_floor_spawned":[8],"ascension_level":0}}