{"host":"ur3jhul21nnc6809","time":1608550113,"event":{"mods":["ATMod(∞¢Ë™Mod)","Act Like it!","BaseMod","Better Vampires","Dota2Spire","Downfall","Friendly Minions","Gensokyo","KinomotoSakuraMod(ƒæ÷Æ±æ”£)","Marisa£®ÏF”Í°°ƒß¿Ì…≥£©","Minty Spire (QoL Compilation)","Reimu£®≤©¿ˆ¡È√Œ£©","Remilia£®¿Ÿ√◊¿Ú—«£©","Replay The Spire","StSLib","The Servant 0.9.4","[IsaacMod]“‘»ˆº‚À˛","°æ“≈ŒÔø®≈∆°øREMEMod"],"gold_per_floor":[109,127,52,64,64,98,113,113,138,179,2,2,2,67,67,163,163,176,51,51,63,22,55,55,87,139,55,55,70,70,96,96,194,194,205,0,0,11,21,21,52,68,68,68,88,104,104,104,104,4],"floor_reached":51,"playtime":2489,"items_purged":["Defend_S","Defend_S","Strike_S","Envy_TH"],"score":1103,"play_id":"ff6d4249-8d2e-463f-ae24-f0124eaa70d2","local_time":"20201221192833","is_ascension_mode":true,"campfire_choices":[{"data":"REME_Flogging","floor":8,"key":"SMITH"},{"floor":13,"key":"REST"},{"data":"Revamp","floor":15,"key":"SMITH"},{"floor":40,"key":"DIG"},{"data":"Amnesia","floor":47,"key":"PURGE"}],"circlet_count":0,"master_deck":["Strike_S","Strike_S","Defend_S","KidneyShot","Exchange","champ:Defend","sneckomod:Defend","REME_Flogging+1","AT_HeatAcrobatics","FastForward","Rearm+1","BottledTime","Gensokyo:CrescentMoonSlash","Defy","Revamp+1","ShatteredReality","AT_HeatAcrobatics+1","SoulSculpture","Shuttle+1","ReplayTheSpireMod:IOU","Foresight+1","DancingSilver","Sabotage+1","Potential","TheWorld","ShiftingGears+1","ReplayTheSpireMod:Brewmster","SilverBlades+1","expansioncontent:DefensiveStance"],"relics":["Uniform","HushsDoor","REME_ComplimentaryCards","AT_ATBox","BookOfRevelations","AT_SunfireAegis","Bag of Marbles","Replay:Wax Seal","Pantograph","AT_TrinityForce","SteamSale","Replay:Multitool","TheBean","AT_ChloranthyRing","REME_HourglassOfDeath","Enchiridion","MoneyPower","Dota2Spire:Bloodstone","Dota2Spire:AghanimScepter","ReplayTheSpireMod:Ring of Collecting","Ring of Panic","Singing Bowl","RuthlessExorcism:ReiMu"],"acts_visited":["Gensokyo:Gensokyo","TheCity","TheBeyond"],"potions_floor_usage":[16,33,33,33,41,41,46,50,50,50],"damage_taken":[{"damage":11,"enemies":"Gensokyo:2_Kodama","floor":1,"turns":4},{"damage":0,"enemies":"Gensokyo:Gryphon","floor":2,"turns":1},{"damage":0,"enemies":"Gensokyo:Python","floor":4,"turns":3},{"damage":0,"enemies":"Gensokyo:Cirno","floor":6,"turns":5},{"damage":1,"enemies":"Gensokyo:2_Rabbits","floor":7,"turns":3},{"damage":8,"enemies":"Gensokyo:Kokoro","floor":16,"turns":7},{"damage":0,"enemies":"3 Byrds","floor":18,"turns":2},{"damage":0,"enemies":"Shell Parasite","floor":21,"turns":2},{"damage":18,"enemies":"Slavers","floor":23,"turns":2},{"damage":6,"enemies":"Replay:Snechameleon","floor":25,"turns":3},{"damage":12,"enemies":"Snake Plant","floor":27,"turns":2},{"damage":0,"enemies":"Cultist and Chosen","floor":29,"turns":1},{"damage":0,"enemies":"Slavers","floor":31,"turns":2},{"damage":0,"enemies":"Champ","floor":33,"turns":5},{"damage":2,"enemies":"3 Shapes","floor":35,"turns":1},{"damage":0,"enemies":"3 Darklings","floor":38,"turns":2},{"damage":8,"enemies":"4 Shapes","floor":39,"turns":1},{"damage":31,"enemies":"Nemesis","floor":41,"turns":3},{"damage":0,"enemies":"Maw","floor":42,"turns":4},{"damage":0,"enemies":"3 Darklings","floor":45,"turns":1},{"damage":1,"enemies":"Spire Growth","floor":46,"turns":3},{"damage":0,"enemies":"Time Eater","floor":50,"turns":4}],"seed_played":"6228946547074036059","potions_obtained":[{"floor":1,"key":"Adrenaline Potion"},{"floor":6,"key":"Languid Potion"},{"floor":7,"key":"ZuzhouPotion:ReiMu"},{"floor":16,"key":"Regen Potion"},{"floor":18,"key":"hexamod:EctoCoolerPotion"},{"floor":35,"key":"Weak Potion"},{"floor":42,"key":"champ:CounterPotion"}],"is_trial":false,"path_per_floor":["M","M","$","M","?","E","M","R","T","?","$","$","R","?","R","B",null,"M","$","?","M","$","E","R","E","T","M","?","M","?","E","R","B",null,"M","$","?","M","M","R","E","M","T","?","M","M","R","?","R","B",null],"character_chosen":"THE_SERVANT","items_purchased":["Replay:Wax Seal","SteamSale","Foresight","TheWorld","Dota2Spire:AghanimScepter","ReplayTheSpireMod:Brewmster"],"campfire_rested":1,"item_purchase_floors":[11,22,22,34,36,36],"current_hp_per_floor":[54,54,54,54,48,48,47,47,47,32,32,32,51,51,51,57,65,65,65,65,65,65,47,65,59,59,47,47,47,31,31,50,65,62,60,60,60,60,52,52,23,23,23,23,25,26,26,26,26,65],"gold":4,"neow_bonus":"RANDOM_COLORLESS_2","is_daily":false,"chose_seed":false,"campfire_upgraded":2,"win_rate":0.0,"timestamp":1608550113,"path_taken":["M","M","$","M","?","E","?","R","T","?","?","$","R","?","R","BOSS","M","?","?","?","$","E","R","E","T","M","?","M","?","E","R","BOSS","M","$","?","M","M","R","E","M","T","?","?","M","R","?","R","BOSS"],"items_purchased_type":["Relic","Relic","Card","Card","Relic","Card"],"build_version":"2020-12-13","purchased_purges":4,"victory":true,"max_hp_per_floor":[65,65,65,65,65,65,65,65,65,65,65,65,65,65,65,65,65,65,65,65,65,65,65,65,65,65,65,65,65,65,65,65,65,62,62,62,62,62,62,62,64,64,64,64,66,68,68,65,65,65],"card_choices":[{"not_picked":[],"picked":"Bomb","floor":0},{"not_picked":["Mayhem","ReplayTheSpireMod:Necrogeddon"],"picked":"REME_Flogging","floor":0},{"not_picked":["FanOfKnives","Shuttle"],"picked":"FastForward","floor":1},{"not_picked":["Barrier","RealityMarble"],"picked":"Rearm","floor":2},{"not_picked":["Defy","Rewind"],"picked":"BottledTime","floor":4},{"not_picked":["Replace","Alleviate","Rearm"],"picked":"SKIP","floor":6},{"not_picked":["ShatteredReality","ShiftingGears"],"picked":"Defy","floor":7},{"not_picked":["FastForward","Manipulate"],"picked":"Revamp","floor":14},{"not_picked":["Unruled","TimeWarp"],"picked":"ShatteredReality","floor":14},{"not_picked":["Deny","SilverMatrix"],"picked":"SoulSculpture","floor":16},{"not_picked":["SurpressingFire","Shuttle","Defy"],"picked":"SKIP","floor":18},{"not_picked":["Potential","DancingSilver"],"picked":"Shuttle+1","floor":21},{"not_picked":["Alleviate","ShatteredReality"],"picked":"DancingSilver","floor":23},{"not_picked":["DoubleEdge","Ricochet"],"picked":"Sabotage+1","floor":25},{"not_picked":["DoubleEdge","Misdirection"],"picked":"Potential","floor":27},{"not_picked":["DoubleEdge","BottledTime","Replace+1"],"picked":"SKIP","floor":29},{"not_picked":["Orbit+1","TimeWarp","Unruled+1"],"picked":"SKIP","floor":31},{"not_picked":["Replace+1","BottledTime"],"picked":"ShiftingGears+1","floor":35},{"not_picked":["WasteNot","Manipulate+1","Starlight"],"picked":"SKIP","floor":38},{"not_picked":["Snipe","Sabotage","Rewind"],"picked":"SKIP","floor":39},{"not_picked":["Snipe+1","Revamp","Collapse"],"picked":"Singing Bowl","floor":41},{"not_picked":["Ricochet","Spin"],"picked":"SilverBlades+1","floor":42},{"not_picked":["Replay:Parry","Madness"],"picked":"expansioncontent:DefensiveStance","floor":44},{"not_picked":["TimeWarp+1","Rearm","Revamp+1"],"picked":"Singing Bowl","floor":45},{"not_picked":["TimeWarp+1","TimeTheft+1","Desolation+1"],"picked":"Singing Bowl","floor":46}],"player_experience":596207,"relics_obtained":[{"floor":6,"key":"AT_SunfireAegis"},{"floor":9,"key":"Bag of Marbles"},{"floor":14,"key":"Pantograph"},{"floor":23,"key":"Replay:Multitool"},{"floor":25,"key":"TheBean"},{"floor":26,"key":"AT_ChloranthyRing"},{"floor":30,"key":"Enchiridion"},{"floor":31,"key":"MoneyPower"},{"floor":37,"key":"ReplayTheSpireMod:Ring of Collecting"},{"floor":37,"key":"Ring of Panic"},{"floor":40,"key":"Singing Bowl"},{"floor":41,"key":"RuthlessExorcism:ReiMu"}],"event_choices":[{"damage_healed":0,"gold_gain":0,"player_choice":"Obtained Book","damage_taken":16,"max_hp_gain":0,"max_hp_loss":0,"event_name":"Cursed Tome","floor":30,"gold_loss":0},{"damage_healed":0,"gold_gain":0,"player_choice":"Memory 1","damage_taken":0,"max_hp_gain":0,"max_hp_loss":0,"event_name":"SensoryStone","floor":44,"gold_loss":0},{"damage_healed":0,"gold_gain":0,"player_choice":"Max HP","damage_taken":0,"max_hp_gain":0,"max_hp_loss":3,"event_name":"Winding Halls","floor":48,"gold_loss":0},{"damage_healed":0,"gold_gain":0,"player_choice":"Ignored","damage_taken":0,"max_hp_gain":0,"max_hp_loss":0,"event_name":"Tomb of Lord Red Mask","floor":49,"gold_loss":0}],"is_beta":false,"boss_relics":[{"not_picked":["Sozu","Kintsugi"],"picked":"AT_TrinityForce"},{"not_picked":[]},{"not_picked":["REME_DemonsWealth","SacredBark"],"picked":"Dota2Spire:Bloodstone"},{"not_picked":[]}],"items_purged_floors":[3,11,19,22],"is_endless":false,"potions_floor_spawned":[1,6,7,16,18,21,25,29,31,35,42],"ascension_level":4}}