{"host":"pew4fjlaqz7m1maf","time":1608571803,"event":{"mods":["AchievementEnabler","Act Like it!","Bartender","BaseMod","Bestiary","Better Match","Better Note","Block Reminder","Booster Modes","Colored Map","Colored Powertips","Curses Come First","DeckTracker","Downfall","Duelist Mod","GifTheSpireLib","GungeonMod","Hallownest","Hero for Fun","Hyrulean Relics","Jedi Mod","LagranYue(ùfäiòNÅEåé)","Magitek Elite","MarisaÅiñ∂âJÅ@ñÇóùçπÅj","Melee Mod","Minty Spire (QoL Compilation)","Prisma Mod","Quick Restart","Random Character Button","Rare Cards Sparkle","Relic Stats","Replay The Spire","SOSÅiézîb?îVéqÅj","StSLib","Td1madao Mod","The Animator","The Blue Laboratory","The Bug Knight","The Mystic","The Servant 0.9.4","The Wild Card","TheHero","TheWitcher","Uncapped","Waifu the Spire","Åyå˜î\ModÅz?ñæìIç≈?Boss"],"gold_per_floor":[116,116,148,148,161,192,192,192,215,230,246,265,281,356,356,451,451,461,485,485,485],"floor_reached":20,"playtime":2578,"items_purged":[],"score":176,"play_id":"ce3cb5c8-9a5d-43b2-948a-ec55f1776e1d","local_time":"20201221103003","is_ascension_mode":false,"campfire_choices":[{"floor":8.0,"key":"REST"},{"data":"theWildCard:Odin","floor":15,"key":"SMITH"}],"circlet_count":0,"master_deck":["DemoMod:Defend_Huntress","DemoMod:Defend_Huntress","DemoMod:Defend_Huntress","DemoMod:Roll+1","DemoMod:ManualReload","DemoMod:RustySidearm+1","DemoMod:CrossBow","DemoMod:ProbeStrike","theWildCard:Odin+1","DemoMod:HuntsMan","theDuelist:ArmorBreaker","Dark Shackles","animator:LizardPriest+1","theDuelist:PhantomGhost","Orbital","animator:Shuna","animator:SwordMaiden","jedi:bloodyhammer","DemoMod:CombinedRifle+1","DemoMod:BlankBullets+1","DemoMod:FightSabre+1","DemoMod:StickyCrossBow","theDuelist:CorrodingShark+1"],"relics":["DemoMod:Dog","LagranYue:RandomDrawCardRelic","NeowsBlessing","Orichalcum","PrismaticShard","Bronze Scales","DemoMod:PoisonVial","Astrolabe"],"acts_visited":["Exordium","TheCity"],"potions_floor_usage":[16,16,16],"damage_taken":[{"damage":0.0,"enemies":"2 Louse","floor":1.0,"turns":1.0},{"damage":0.0,"enemies":"Small Slimes","floor":3.0,"turns":2.0},{"damage":0.0,"enemies":"Small Slimes","floor":5.0,"turns":2.0},{"damage":5.0,"enemies":"HollowMod:MossKnight","floor":6.0,"turns":11.0},{"damage":0.0,"enemies":"Jaw Worm","floor":10.0,"turns":2.0},{"damage":0.0,"enemies":"2 Fungi Beasts","floor":11.0,"turns":3.0},{"damage":0.0,"enemies":"Gremlin Gang","floor":12.0,"turns":3.0},{"damage":0,"enemies":"Exordium Thugs","floor":13,"turns":6},{"damage":35,"enemies":"Fading Forest","floor":16,"turns":11},{"damage":6,"enemies":"Spheric Guardian","floor":18,"turns":3},{"damage":26,"enemies":"3 Byrds","floor":19,"turns":4},{"damage":40,"enemies":"3 Cultists","floor":20,"turns":5}],"seed_played":"6685904244657935215","potions_obtained":[{"floor":1.0,"key":"blueLaboratory:BubblePotion"},{"floor":6.0,"key":"AttackPotion"},{"floor":11.0,"key":"Adrenaline Potion"},{"floor":13,"key":"Toxic Potion"},{"floor":18,"key":"blueLaboratory:HummingbirdPotion"},{"floor":19,"key":"Swift Potion"}],"is_trial":false,"path_per_floor":["M","?","?","?","M","E","?","R","T","M","M","M","M","?","R","B",null,"M","M","M"],"character_chosen":"HUNTRESS","items_purchased":[],"campfire_rested":1,"item_purchase_floors":[],"current_hp_per_floor":[70,70,70,70,70,65,58,70,70,70,70,70,70,63,63,38,70,64,38,0,0],"gold":485,"neow_bonus":"THREE_ENEMY_KILL","is_daily":false,"chose_seed":false,"campfire_upgraded":1,"win_rate":0.0,"timestamp":1608571803,"path_taken":["M","?","?","?","M","E","?","R","T","?","?","M","M","?","R","BOSS","M","M","?"],"items_purchased_type":[],"build_version":"2020-12-13","purchased_purges":0,"victory":false,"max_hp_per_floor":[70,70,70,70,70,70,70,70,70,70,70,70,70,70,70,70,70,70,70,70,70],"relic_stats":{"counters":[12,53],"Bronze Scales":[141],"Astrolabe":["DemoMod:CombinedRifle","DemoMod:BlankBullets","DemoMod:FightSabre"],"Orichalcum":[30],"obtain_stats":[{"DemoMod:Dog":0,"LagranYue:RandomDrawCardRelic":0,"NeowsBlessing":0,"DemoMod:PoisonVial":9,"Bronze Scales":6,"Astrolabe":17,"DemoMod:GlassGuonStoneRelic":1,"Orichalcum":3,"PrismaticShard":4},{"DemoMod:Dog":0,"LagranYue:RandomDrawCardRelic":0,"NeowsBlessing":0,"DemoMod:PoisonVial":4,"Bronze Scales":4,"Astrolabe":9,"DemoMod:GlassGuonStoneRelic":1,"Orichalcum":2,"PrismaticShard":2},{"DemoMod:Dog":0,"LagranYue:RandomDrawCardRelic":0,"NeowsBlessing":0,"DemoMod:PoisonVial":16,"Bronze Scales":16,"Astrolabe":41,"DemoMod:GlassGuonStoneRelic":1,"Orichalcum":3,"PrismaticShard":3}]},"card_choices":[{"not_picked":["DemoMod:HighKaliber","DemoMod:StickyCrossBow"],"picked":"DemoMod:ProbeStrike","floor":1.0},{"not_picked":["DemoMod:HardPowerCard","DemoMod:MachoBrace"],"picked":"DemoMod:HuntsMan","floor":3.0},{"not_picked":["Guardian:TemporalShield","animeID:Mina"],"picked":"theDuelist:ArmorBreaker","floor":5.0},{"not_picked":["theDuelist:IronCall","theDuelist:Nameless:War:FortressWarrior"],"picked":"Dark Shackles","floor":6.0},{"not_picked":["theDuelist:BerserkerSoul","expansioncontent:DefensiveStance"],"picked":"animator:LizardPriest","floor":10.0},{"not_picked":["hexamod:HeatMetal","animator:MaesHughes"],"picked":"theDuelist:PhantomGhost","floor":11.0},{"not_picked":["SnafuTest:SpellBlindFury","theDuelist:CyberDragonNachster"],"picked":"Orbital","floor":11.0},{"not_picked":["hexamod:SecondSeal","theDuelist:EyeTimaeus"],"picked":"animator:Shuna","floor":12},{"not_picked":["PrismaMod:IllyaCheapChannelAttack","theDuelist:Dorover"],"picked":"animator:SwordMaiden","floor":13},{"not_picked":["animator:Greed","MurderousAura"],"picked":"jedi:bloodyhammer","floor":16},{"not_picked":["PrismaMod:IllyaSaphire","SnafuTest:WeddingDance+1"],"picked":"DemoMod:StickyCrossBow","floor":18},{"not_picked":["jedi:BurstLightning","theDuelist:NimbleSunfish"],"picked":"theDuelist:CorrodingShark+1","floor":19}],"player_experience":73547,"relics_obtained":[{"floor":3.0,"key":"Orichalcum"},{"floor":6.0,"key":"Bronze Scales"},{"floor":9.0,"key":"DemoMod:PoisonVial"}],"event_choices":[{"cards_removed":["DemoMod:Strike_Huntress"],"damage_healed":0.0,"max_hp_gain":0.0,"max_hp_loss":0.0,"gold_gain":0.0,"event_name":"Golden Wing","player_choice":"Card Removal","floor":7.0,"gold_loss":0.0,"damage_taken":7.0},{"damage_healed":0,"gold_gain":75,"player_choice":"Touch","damage_taken":7,"max_hp_gain":0,"max_hp_loss":0,"event_name":"FaceTrader","floor":14,"gold_loss":0}],"is_beta":false,"boss_relics":[{"not_picked":["Runic Dome","DemoMod:Wolf"],"picked":"Astrolabe"}],"items_purged_floors":[],"is_endless":false,"potions_floor_spawned":[1,6,11,13,18,19],"killed_by":"3 Cultists","ascension_level":0}}