{"host":"dbzukadmkvvxpu74","time":1608591496,"event":{"mods":["2.2 Compatiblity","AchievementEnabler","Act Like it!","BaseMod","Better Altar","Better Match","Colored Powertips","Googly Eyes","Hallownest","Highlight Path","Minty Spire (QoL Compilation)","StSLib","The Bug Knight"],"gold_per_floor":[109,109,122,47,64,90,15,50,50,0,0,0,0,12,12,109,109,119,137,153,153,183,183,183,200,272,299,35,35,48,63,63,63,63],"floor_reached":33,"playtime":4111,"items_purged":[],"score":277,"play_id":"af4e3af2-ca52-4687-8b23-29305b1b188f","local_time":"20201221155816","is_ascension_mode":false,"campfire_choices":[{"data":"HollowMod:FocusHealStart","floor":15,"key":"SMITH"},{"floor":23,"key":"REST"},{"floor":29,"key":"REST"},{"floor":32,"key":"REST"}],"circlet_count":0,"master_deck":["HollowMod:NailStrikeStart+1","HollowMod:NailStrikeStart","HollowMod:NailStrikeStart","HollowMod:NailStrikeStart","HollowMod:QuickDashStart","HollowMod:QuickDashStart","HollowMod:QuickDashStart","HollowMod:QuickDashStart","HollowMod:FocusHealStart+1","HollowMod:PogoStrike","HollowMod:RecoilStrike+1","HollowMod:CoiledNail","HollowMod:CycloneSlash","HollowMod:FastStrike","Hallownest:skillGreenpathMap","HollowMod:SoulVessel","HollowMod:RecoilStrike","HollowMod:ChannelNail","HollowMod:theNailsmith","HollowMod:QuirrelsAssistance","HollowMod:CornifersMapStart+1","HollowMod:SlysStrikes+1","HollowMod:SoulStrike","Hallownest:pwrSporeShroom","HollowMod:CloakDash","HollowMod:SoulStrike+1","Apotheosis","HollowMod:ZotesMagnificence","HollowMod:HeavyBlow+1","HollowMod:SoulEater"],"relics":["HollowMod:VesselMask","NeowsBlessing","MealTicket","Calipers","Sundial","Bag of Marbles","InkBottle","Black Star","Bottled Tornado","Darkstone Periapt","Centennial Puzzle"],"acts_visited":["Exordium","Hallownest:Greenpath"],"potions_floor_usage":[6,16,16,22,25,33,33],"damage_taken":[{"damage":1,"enemies":"Hallownest:2_Tiktiks_and_1_Crawlid","floor":1,"turns":2},{"damage":0,"enemies":"Hallownest:2_MossCreeps","floor":3,"turns":1},{"damage":0,"enemies":"Hallownest:2_Baldur","floor":5,"turns":1},{"damage":30,"enemies":"Hallownest:eliteMossKnight","floor":6,"turns":12},{"damage":3,"enemies":"Hallownest:eliteVengeflyKing","floor":8,"turns":10},{"damage":0,"enemies":"Hallownest:monsterAspidMother","floor":11,"turns":2},{"damage":2,"enemies":"Hallownest:MossCreep_and_Mosskin","floor":14,"turns":4},{"damage":25,"enemies":"Hallownest:BossBrokenVessel","floor":16,"turns":7},{"damage":20,"enemies":"Hallownest:2_Mistakes","floor":18,"turns":5},{"damage":17,"enemies":"Hallownest:Flukemon_and_Top","floor":19,"turns":6},{"damage":17,"enemies":"Hallownest:Warrior_and_Youth","floor":20,"turns":6},{"damage":19,"enemies":"Hallownest:Glutton_and_Coward","floor":22,"turns":4},{"damage":26,"enemies":"Hallownest:monsterMisterMushroom","floor":25,"turns":8},{"damage":14,"enemies":"Hallownest:Nosk","floor":27,"turns":6},{"damage":17,"enemies":"Hallownest:monsterShrumalOgre","floor":30,"turns":4},{"damage":15,"enemies":"Hallownest:Master_and_Novice","floor":31,"turns":4},{"damage":90,"enemies":"Hallownest:BossMantisLord","floor":33,"turns":6}],"seed_played":"7046920134757748081","potions_obtained":[{"floor":1,"key":"AttackPotion"},{"floor":5,"key":"Fire Potion"},{"floor":6,"key":"Explosive Potion"},{"floor":14,"key":"DistilledChaos"},{"floor":16,"key":"FairyPotion"},{"floor":20,"key":"Block Potion"},{"floor":25,"key":"Explosive Potion"},{"floor":27,"key":"Weak Potion"},{"floor":30,"key":"AttackPotion"}],"is_trial":false,"path_per_floor":["M","?","M","?","M","E","?","E","T","?","M","$","T","M","R","B",null,"M","M","M","?","M","R","?","M","T","E","$","R","M","M","R","B"],"character_chosen":"THE_BUGKNIGHT","items_purchased":["Apotheosis","HollowMod:ZotesMagnificence"],"campfire_rested":3,"item_purchase_floors":[28,28],"current_hp_per_floor":[74,74,74,79,79,59,59,68,68,68,68,80,80,78,78,59,80,66,55,38,38,25,49,45,29,29,17,32,56,49,34,58,0,0],"gold":63,"neow_bonus":"THREE_ENEMY_KILL","is_daily":false,"chose_seed":false,"campfire_upgraded":1,"win_rate":0.0,"timestamp":1608591496,"path_taken":["M","?","M","?","M","E","?","E","T","?","M","$","?","M","R","BOSS","M","?","M","?","M","R","?","M","T","E","$","R","M","M","R","BOSS"],"items_purchased_type":["Card","Card"],"build_version":"2020-12-13","purchased_purges":0,"victory":false,"max_hp_per_floor":[75,75,75,80,80,80,80,80,80,80,80,80,80,80,80,80,80,80,80,80,80,80,80,80,80,80,80,80,80,80,80,80,80,80],"card_choices":[{"not_picked":["HollowMod:TaintedHusks","HollowMod:FallenFury"],"picked":"HollowMod:RecoilStrike","floor":1},{"not_picked":["HollowMod:InfectedCysts","HollowMod:InfectionAssault"],"picked":"HollowMod:CoiledNail","floor":3},{"not_picked":["HollowMod:ChannelNail","HollowMod:GoodIntentions"],"picked":"HollowMod:CycloneSlash","floor":5},{"not_picked":["HollowMod:HowlingWraiths","HollowMod:CrystalDash"],"picked":"HollowMod:FastStrike","floor":6},{"not_picked":["HollowMod:FastStrike","HollowMod:ElderbugsWisdom"],"picked":"HollowMod:SoulVessel","floor":8},{"not_picked":["HollowMod:ShadowDash","HollowMod:CycloneSlash"],"picked":"HollowMod:RecoilStrike","floor":11},{"not_picked":["HollowMod:DoubleDash","HollowMod:PerfectDash"],"picked":"HollowMod:ChannelNail","floor":14},{"not_picked":["HollowMod:AwokenDreamNail","HollowMod:SoulMaster"],"picked":"HollowMod:theNailsmith","floor":16},{"not_picked":["HollowMod:DoubleDash","HollowMod:LifebloodCocoon+1"],"picked":"HollowMod:QuirrelsAssistance","floor":18},{"not_picked":["HollowMod:HeavyBlow","HollowMod:NewJinnsSoul"],"picked":"HollowMod:CornifersMapStart+1","floor":19},{"not_picked":["HollowMod:InfectedCysts","HollowMod:AbyssShriek+1"],"picked":"HollowMod:SlysStrikes","floor":20},{"not_picked":["HollowMod:ShadowDash","HollowMod:ChannelNail"],"picked":"HollowMod:SoulStrike","floor":22},{"not_picked":["HollowMod:TaintedHusks","HollowMod:MonarchWings"],"picked":"HollowMod:CloakDash","floor":25},{"not_picked":["HollowMod:CycloneSlash","HollowMod:SiblingsSouls"],"picked":"HollowMod:SoulStrike+1","floor":27},{"not_picked":["HollowMod:InfectedAttack","HollowMod:SiblingsShadow"],"picked":"HollowMod:HeavyBlow+1","floor":30},{"not_picked":["HollowMod:TaintedHusks","HollowMod:InfectedAttack"],"picked":"HollowMod:SoulEater","floor":31}],"player_experience":41379,"relics_obtained":[{"floor":6,"key":"MealTicket"},{"floor":8,"key":"Calipers"},{"floor":9,"key":"Sundial"},{"floor":13,"key":"InkBottle"},{"floor":26,"key":"Bottled Tornado"},{"floor":27,"key":"Darkstone Periapt"},{"floor":27,"key":"Centennial Puzzle"}],"event_choices":[],"is_beta":false,"boss_relics":[{"not_picked":["Empty Cage","Runic Dome"],"picked":"Black Star"}],"items_purged_floors":[],"is_endless":false,"potions_floor_spawned":[1,5,6,14,16,20,25,27,30,31],"killed_by":"Hallownest:BossMantisLord","ascension_level":0}}