{"host":"vhvm1b4sel61ztfv","time":1608569502,"event":{"mods":["BaseMod","Minty Spire (QoL Compilation)","Replay The Spire","StSLib"],"gold_per_floor":[110,121,136,147,142,170,1,1,1,12,27,27,27,47,47,149,149,165,175,175,175],"floor_reached":20,"playtime":1562,"items_purged":[],"score":178,"play_id":"a452b482-d78d-4202-94e1-38ec0e919f5f","local_time":"20201221115142","is_ascension_mode":false,"campfire_choices":[{"floor":12,"key":"REST"},{"data":"ReplayTheSpireMod:Corrosion Curse","floor":15,"key":"SMITH"}],"circlet_count":0,"master_deck":["Strike_R","Strike_R","Strike_R","Strike_R","Strike_R","Defend_R","Defend_R","Defend_R","Defend_R","Bash","Cleave","Wild Strike","Life Link+1","Rage","Clumsy","Pot Of Greed","Pot Of Greed","Replay:Many Hands","Replay:Undeath\u0027s Touch","Twin Strike","ReplayTheSpireMod:Corrosion Curse+1","Bludgeon","ReplayReversal"],"relics":["Burning Blood","NeowsBlessing","ReplayTheSpireMod:CursedCoin","Grinning Jar","InkBottle","Blood Vial","Divine Protection","Replay:Bronze Core"],"acts_visited":["Exordium","TheCity"],"potions_floor_usage":[4,11,14,16,18],"damage_taken":[{"damage":0,"enemies":"Jaw Worm","floor":1,"turns":1},{"damage":0,"enemies":"Small Slimes","floor":2,"turns":1},{"damage":0,"enemies":"2 Louse","floor":3,"turns":1},{"damage":36,"enemies":"Large Slime","floor":4,"turns":7},{"damage":39,"enemies":"Lagavulin","floor":6,"turns":6},{"damage":13,"enemies":"Looter","floor":10,"turns":3},{"damage":3,"enemies":"Exordium Wildlife","floor":11,"turns":2},{"damage":0,"enemies":"Large Slime","floor":14,"turns":5},{"damage":61,"enemies":"Fading Forest","floor":16,"turns":11},{"damage":25,"enemies":"Spheric Guardian","floor":18,"turns":7},{"damage":18,"enemies":"Shell Parasite","floor":19,"turns":5},{"damage":0,"enemies":"Snake Plant","floor":20,"turns":2}],"seed_played":"-9117662490065058364","potions_obtained":[{"floor":2,"key":"AttackPotion"},{"floor":10,"key":"Explosive Potion"},{"floor":11,"key":"Fire Potion"},{"floor":14,"key":"Reflective Coating"},{"floor":16,"key":"EssenceOfSteel"},{"floor":18,"key":"Elixir"}],"is_trial":false,"path_per_floor":["M","M","M","M","$","E","$","?","T","M","M","R","?","M","R","B",null,"M","M","M"],"character_chosen":"IRONCLAD","items_purchased":["ReplayTheSpireMod:CursedCoin","Grinning Jar","Replay:Undeath\u0027s Touch","Blood Vial"],"campfire_rested":1,"item_purchase_floors":[5,5,7,7],"current_hp_per_floor":[80,80,80,50,50,17,17,17,17,12,17,41,67,75,75,22,80,61,51,53,53],"gold":175,"neow_bonus":"THREE_ENEMY_KILL","is_daily":false,"chose_seed":false,"campfire_upgraded":1,"win_rate":0.0,"timestamp":1608569502,"path_taken":["M","M","M","M","$","E","$","?","T","M","M","R","?","M","R","BOSS","M","M","M"],"items_purchased_type":["Relic","Relic","Card","Relic"],"build_version":"2020-12-13","purchased_purges":0,"victory":false,"max_hp_per_floor":[80,80,80,80,80,80,80,80,80,80,80,80,80,80,80,80,80,80,80,80,80],"card_choices":[{"not_picked":["Abandon","Clash"],"picked":"Cleave","floor":1},{"not_picked":["Abandon","Shrug It Off"],"picked":"Wild Strike","floor":2},{"not_picked":["Flame Barrier","Warcry"],"picked":"Life Link","floor":3},{"not_picked":["Warcry","Clothesline"],"picked":"Rage","floor":4},{"not_picked":["Run Through","Perfected Strike"],"picked":"Replay:Many Hands","floor":6},{"not_picked":["True Grit","Body Slam"],"picked":"Twin Strike","floor":10},{"not_picked":["Run Through","Rupture","Clothesline"],"picked":"SKIP","floor":11},{"not_picked":["Flex","Replay:Undeath\u0027s Touch"],"picked":"ReplayTheSpireMod:Corrosion Curse","floor":14},{"not_picked":["Impervious","Berserk"],"picked":"Bludgeon","floor":16},{"not_picked":["Cleave+1","Body Slam","ReplayTheSpireMod:Strike From Hell"],"picked":"SKIP","floor":18},{"not_picked":["Iron Wave","Wild Strike"],"picked":"ReplayReversal","floor":19}],"player_experience":40839,"relics_obtained":[{"floor":6,"key":"InkBottle"},{"floor":9,"key":"Divine Protection"}],"event_choices":[{"damage_healed":0,"gold_gain":0,"player_choice":"Grow","damage_taken":0,"max_hp_gain":0,"max_hp_loss":0,"event_name":"Living Wall","floor":8,"gold_loss":0,"cards_upgraded":["Life Link"]},{"damage_healed":26,"gold_gain":0,"player_choice":"Banana","damage_taken":0,"max_hp_gain":0,"max_hp_loss":0,"event_name":"Big Fish","floor":13,"gold_loss":0}],"is_beta":false,"boss_relics":[{"not_picked":["Fusion Hammer","Cursed Key"],"picked":"Replay:Bronze Core"}],"items_purged_floors":[],"is_endless":false,"potions_floor_spawned":[2,10,11,14,16,18],"killed_by":"Snake Plant","ascension_level":0}}