{"host":"ccz","time":1608563098,"event":{"mods":["Aspiration","BaseMod","Conspire","Minty Spire (QoL Compilation)","Reimu£®≤©¿ˆ¡È√Œ£©","StSLib","°æπ¶ƒ‹Mod°øªÏ„Á÷Æª∑–ﬁ∏¥≤π∂°","ÛÙª÷∏ƒœ"],"gold_per_floor":[113,113,42,55,70,99,110,110,110,35,46,56,56,85,85,180,180,190,90,90,68,85,85,114,114,168,182,193,68,94,114,114,216,216,228,244,244,94,106,106,106,106],"floor_reached":41,"playtime":1506,"items_purged":["Strike_Lin:ReiMu","NB:ReiMu","SubAcupoint:ReiMu","SpringWay:ReiMu+1"],"score":518,"play_id":"23ae3878-9a38-463a-8392-82174f48c7fe","local_time":"20201221230458","is_ascension_mode":false,"campfire_choices":[{"data":"SpreadBorder2:ReiMu","floor":15.0,"key":"SMITH"},{"data":"SpreadBorder2:ReiMu","floor":23,"key":"SMITH"},{"data":"PrayRite:ReiMu","floor":25,"key":"SMITH"},{"data":"TakeOff:ReiMu","floor":32,"key":"SMITH"}],"circlet_count":0,"master_deck":["conspire:GhostlyStrike","conspire:GhostlyStrike","conspire:GhostlyStrike","conspire:GhostlyDefend","conspire:GhostlyDefend","conspire:GhostlyDefend","conspire:GhostlyDefend","Stagnation:ReiMu","YinYang:ReiMu","AirStrike:ReiMu","EmergencyTakeOff:ReiMu","YinYang:ReiMu","AirManeuver:ReiMu","SpreadBorder2:ReiMu+1","PrayRite:ReiMu+1","SpreadBorder2:ReiMu+1","ManaGlint:ReiMu+1","TakeOff:ReiMu+1","DependentForm:ReiMu","EmergencyTakeOff:ReiMu+1"],"relics":["FlyPower:ReiMu","Shuriken","Regal Pillow","conspire:TopHat","Busted Crown","aspiration:SeaSaltIceCream","aspiration:Nostalgia","PureWater","KaguraBell:ReiMu","RuthlessExorcism:ReiMu","Pen Nib","Fusion Hammer"],"acts_visited":["Exordium","TheCity","TheBeyond"],"potions_floor_usage":[28,28,41],"damage_taken":[{"damage":0.0,"enemies":"Small Slimes","floor":1.0,"turns":4.0},{"damage":0.0,"enemies":"Cultist","floor":4.0,"turns":4.0},{"damage":0.0,"enemies":"2 Louse","floor":5.0,"turns":3.0},{"damage":15.0,"enemies":"Gremlin Nob","floor":6.0,"turns":4.0},{"damage":0.0,"enemies":"Red Slaver","floor":7.0,"turns":3.0},{"damage":4.0,"enemies":"2 Fungi Beasts","floor":11.0,"turns":5.0},{"damage":2.0,"enemies":"Exordium Wildlife","floor":12.0,"turns":5.0},{"damage":14.0,"enemies":"Lagavulin","floor":14.0,"turns":8.0},{"damage":29.0,"enemies":"Slime Boss","floor":16.0,"turns":13.0},{"damage":0.0,"enemies":"Chosen","floor":18.0,"turns":6.0},{"damage":3,"enemies":"Spheric Guardian","floor":22,"turns":5},{"damage":2,"enemies":"Book of Stabbing","floor":24,"turns":8},{"damage":0,"enemies":"Centurion and Healer","floor":27,"turns":7},{"damage":0,"enemies":"Snake Plant","floor":28,"turns":5},{"damage":4,"enemies":"conspire:SneckoGhost","floor":30,"turns":8},{"damage":0,"enemies":"3 Cultists","floor":31,"turns":5},{"damage":0,"enemies":"Automaton","floor":33,"turns":9},{"damage":12,"enemies":"Orb Walker","floor":35,"turns":6},{"damage":2,"enemies":"3 Darklings","floor":36,"turns":5},{"damage":25,"enemies":"Jaw Worm Horde","floor":39,"turns":3},{"damage":34,"enemies":"Reptomancer","floor":41,"turns":2}],"seed_played":"-3584134053149310102","potions_obtained":[{"floor":2.0,"key":"GrandPatriotsElixir:ReiMu"},{"floor":2.0,"key":"conspire:TimeTravelPotion"},{"floor":2.0,"key":"CultistPotion"},{"floor":6.0,"key":"PowerPotion"},{"floor":7.0,"key":"Block Potion"},{"floor":12.0,"key":"CultistPotion"},{"floor":16.0,"key":"PowerPotion"},{"floor":27,"key":"SkillPotion"},{"floor":30,"key":"SteroidPotion"},{"floor":31,"key":"Regen Potion"},{"floor":33,"key":"Energy Potion"},{"floor":36,"key":"PinkPotion:ReiMu"}],"is_trial":false,"path_per_floor":["M","?","$","M","M","E","M","?","T","$","M","M","?","E","R","B",null,"M","$","?","$","M","R","E","R","T","M","M","$","E","M","R","B",null,"M","M","?","$","M","R","E"],"character_chosen":"REIMU","items_purchased":["SpringWay:ReiMu","SubAcupoint:ReiMu","SpreadBorder2:ReiMu"],"campfire_rested":0,"item_purchase_floors":[3,3,21],"current_hp_per_floor":[65,65,65,65,65,50,50,50,50,50,46,44,44,30,30,1,65,65,65,65,65,62,62,60,60,60,60,60,60,56,56,56,56,65,53,51,58,58,33,33,0,0],"gold":106,"neow_bonus":"ONE_RANDOM_RARE_CARD","is_daily":false,"chose_seed":false,"campfire_upgraded":4,"win_rate":0.0,"timestamp":1608563098,"path_taken":["M","?","$","M","?","E","M","?","T","$","?","M","?","E","R","BOSS","M","$","?","$","M","R","E","R","T","M","M","$","E","M","R","BOSS","M","M","?","$","M","R","E"],"items_purchased_type":["Card","Card","Card"],"build_version":"2020-12-18","purchased_purges":4,"victory":false,"max_hp_per_floor":[65,65,65,65,65,65,65,65,65,65,65,65,65,65,65,65,65,65,65,65,65,65,65,65,65,65,65,65,65,65,65,65,65,65,65,65,65,65,65,65,65,65],"card_choices":[{"not_picked":["YinYangSign:ReiMu","Revelation:ReiMu"],"picked":"AirStrike:ReiMu","floor":1.0},{"not_picked":["Enchanting:ReiMu","FantasyMoon:ReiMu"],"picked":"EmergencyTakeOff:ReiMu","floor":4.0},{"not_picked":["Meditation:ReiMu","Intuition:ReiMu","KamiSacrifice:ReiMu"],"picked":"SKIP","floor":5.0},{"not_picked":["NineCharacters:ReiMu","FantasyMoon:ReiMu"],"picked":"YinYang:ReiMu","floor":6.0},{"not_picked":["LovePray:ReiMu","Amulet:ReiMu","CareerPray:ReiMu"],"picked":"SKIP","floor":7.0},{"not_picked":["CollectionFlower2:ReiMu","SubAcupoint:ReiMu","SafetyPray:ReiMu"],"picked":"SKIP","floor":11.0},{"not_picked":["EmergencyTakeOff:ReiMu","SubcavityInstant:ReiMu"],"picked":"AirManeuver:ReiMu","floor":12.0},{"not_picked":["CeremonyResonance:ReiMu","DoubleButterfly:ReiMu"],"picked":"SpreadBorder2:ReiMu","floor":14.0},{"not_picked":["HakureiPhantom:ReiMu","YinYang:ReiMu"],"picked":"PrayRite:ReiMu","floor":16.0},{"not_picked":["NineCharacters:ReiMu"],"picked":"SKIP","floor":18.0},{"not_picked":["OrbThrow:ReiMu"],"picked":"SKIP","floor":22},{"not_picked":["SubAcupoint:ReiMu+1"],"picked":"SKIP","floor":24},{"not_picked":["FantasyBorder:ReiMu"],"picked":"SKIP","floor":27},{"not_picked":[],"picked":"ManaGlint:ReiMu+1","floor":28},{"not_picked":["NineCharacters:ReiMu"],"picked":"SKIP","floor":30},{"not_picked":[],"picked":"TakeOff:ReiMu","floor":31},{"not_picked":[],"picked":"DependentForm:ReiMu","floor":33},{"not_picked":["Conquer:ReiMu"],"picked":"SKIP","floor":35},{"not_picked":["Amulet:ReiMu+1"],"picked":"SKIP","floor":36},{"not_picked":[],"picked":"EmergencyTakeOff:ReiMu+1","floor":39}],"player_experience":101598,"relics_obtained":[{"floor":6.0,"key":"Shuriken"},{"floor":9.0,"key":"Regal Pillow"},{"floor":14.0,"key":"conspire:TopHat"},{"floor":24,"key":"KaguraBell:ReiMu"},{"floor":26,"key":"RuthlessExorcism:ReiMu"},{"floor":30,"key":"Pen Nib"}],"event_choices":[{"damage_healed":0.0,"max_hp_gain":0.0,"max_hp_loss":0.0,"gold_gain":0.0,"event_name":"Lab","player_choice":"Got Potions","floor":2.0,"gold_loss":0.0,"damage_taken":0.0},{"damage_healed":0.0,"max_hp_gain":0.0,"max_hp_loss":0.0,"gold_gain":0.0,"event_name":"Accursed Blacksmith","player_choice":"Forge","floor":8.0,"gold_loss":0.0,"damage_taken":0.0,"cards_upgraded":["SpringWay:ReiMu"]},{"damage_healed":0.0,"max_hp_gain":0.0,"max_hp_loss":0.0,"gold_gain":0.0,"event_name":"conspire:LoneGhost","player_choice":"Agree","floor":13.0,"gold_loss":0.0,"damage_taken":0.0},{"damage_healed":0,"gold_gain":0,"player_choice":"Opened","damage_taken":0,"relics_obtained":["aspiration:SeaSaltIceCream"],"max_hp_gain":0,"max_hp_loss":0,"event_name":"The Mausoleum","floor":20,"gold_loss":0}],"is_beta":true,"boss_relics":[{"not_picked":["aspiration:IroncladSkillbook","conspire:RunicOctahedron"],"picked":"Busted Crown"},{"not_picked":["SlaversCollar","Philosopher\u0027s Stone"],"picked":"Fusion Hammer"}],"items_purged_floors":[10,19,29,38],"is_endless":false,"potions_floor_spawned":[6,7,12,16,27,30,31,33,36],"killed_by":"Reptomancer","ascension_level":0}}