{"host":"abdxwahegzejqccj","time":1608520923,"event":{"mods":["BaseMod","Better Note","BetterRewards","Colored Powertips","Downfall","Hermit","Minty Spire (QoL Compilation)","Replay The Spire","StSLib","The Cursed","The Hierophant"],"gold_per_floor":[109,123,140,153,103,120,295,312,312,340,340,340,354,367,431,531,531,548,561,561,122,134,134,134],"floor_reached":23,"playtime":1184,"items_purged":["hermit:Defend_Hermit"],"score":297,"play_id":"fc31fc0b-3b3b-4db6-839e-3c81b376ef3b","local_time":"20201221142203","is_ascension_mode":false,"campfire_choices":[{"floor":12,"key":"REST"}],"circlet_count":0,"master_deck":["hermit:Strike_Hermit","hermit:Strike_Hermit+1","hermit:Strike_Hermit+1","hermit:Defend_Hermit","hermit:Defend_Hermit","hermit:Snapshot","hermit:Covet","hermit:Brawl","hermit:Dive","hermit:Misfire","hermit:ShadowCloak","hermit:Misfire","hermit:Vantage","hermit:Horror","Doubt","hermit:Dive","hermit:Showdown","hermit:WideOpen","hermit:FatalDesire","hermit:Dive+1","hermit:WideOpen","Pain","hermit:Determination"],"relics":["hermit:Momento","Shuriken","Whetstone","ReplayFunnel","WarpedTongs","TheAbacus","Boot"],"acts_visited":["Exordium","TheCity"],"potions_floor_usage":[10,18,19],"damage_taken":[{"damage":0,"enemies":"Small Slimes","floor":1,"turns":3},{"damage":5,"enemies":"2 Louse","floor":2,"turns":3},{"damage":0,"enemies":"Cultist","floor":3,"turns":3},{"damage":5,"enemies":"3 Louse","floor":4,"turns":5},{"damage":16,"enemies":"Lots of Slimes","floor":6,"turns":5},{"damage":0,"enemies":"Looter","floor":8,"turns":2},{"damage":2,"enemies":"Replay:BlueRogue","floor":10,"turns":6},{"damage":0,"enemies":"3 Louse","floor":13,"turns":3},{"damage":10,"enemies":"2 Fungi Beasts","floor":14,"turns":5},{"damage":23,"enemies":"The Guardian","floor":16,"turns":10},{"damage":22,"enemies":"3 Byrds","floor":18,"turns":6},{"damage":9,"enemies":"Shell Parasite","floor":19,"turns":6},{"damage":34,"enemies":"Snake Plant","floor":22,"turns":6},{"damage":17,"enemies":"Slavers","floor":23,"turns":1}],"seed_played":"-3760223352493264196","potions_obtained":[{"floor":1,"key":"Flashbang"},{"floor":3,"key":"SteroidPotion"},{"floor":6,"key":"PowerPotion"},{"floor":16,"key":"Explosive Potion"},{"floor":19,"key":"Milkshake"}],"is_trial":false,"path_per_floor":["M","M","M","M","?","M","?","M","T","E","?","R","M","M","R","B",null,"M","M","?","$","M","E"],"character_chosen":"HERMIT","items_purchased":["Shuriken","hermit:Brawl","hermit:Dive","hermit:Misfire","hermit:Determination","TheAbacus","Boot"],"campfire_rested":1,"item_purchase_floors":[0,0,0,0,21,21,21],"current_hp_per_floor":[61,56,56,51,51,35,35,35,35,33,33,55,55,45,45,22,75,53,44,44,44,10,0,0],"gold":134,"neow_bonus":"","is_daily":false,"chose_seed":false,"campfire_upgraded":0,"win_rate":0.0,"timestamp":1608520923,"path_taken":["M","M","M","M","?","M","?","M","T","E","?","R","M","M","R","BOSS","M","M","?","$","M","E"],"items_purchased_type":["Relic","Card","Card","Card","Card","Relic","Relic"],"build_version":"2020-12-13","purchased_purges":1,"victory":false,"max_hp_per_floor":[75,75,75,75,75,75,75,75,75,75,75,75,75,75,75,75,75,75,75,75,75,75,75,75],"card_choices":[{"not_picked":["hermit:GoldenBullet","hermit:Manifest"],"picked":"hermit:ShadowCloak","floor":1},{"not_picked":["hermit:TrackingShot","hermit:LuckOfTheDraw"],"picked":"hermit:Misfire","floor":2},{"not_picked":["hermit:Combo","hermit:TakeCover"],"picked":"hermit:Vantage","floor":3},{"not_picked":["hermit:Desperado","hermit:Misfire"],"picked":"hermit:Horror","floor":4},{"not_picked":["hermit:Coalescence","hermit:Snipe","hermit:Feint"],"picked":"SKIP","floor":6},{"not_picked":["hermit:BodyArmor","hermit:Gambit"],"picked":"hermit:Dive","floor":8},{"not_picked":["hermit:FlashPowder","hermit:TakeCover"],"picked":"hermit:Showdown","floor":10},{"not_picked":["hermit:HoleUp","hermit:CalledShot","hermit:TrackingShot"],"picked":"SKIP","floor":13},{"not_picked":["hermit:Coalescence","hermit:Roulette"],"picked":"hermit:WideOpen","floor":14},{"not_picked":["hermit:FinalCanter","hermit:Dissolve"],"picked":"hermit:FatalDesire","floor":16},{"not_picked":["hermit:Misfire","hermit:Ricochet"],"picked":"hermit:Dive+1","floor":18},{"not_picked":["hermit:CalledShot+1","hermit:HoleUp+1"],"picked":"hermit:WideOpen","floor":19},{"not_picked":["hermit:Combo","hermit:DeadMansHand","hermit:NoHoldsBarred"],"picked":"SKIP","floor":22}],"player_experience":382756,"relics_obtained":[{"floor":9,"key":"Whetstone"},{"floor":10,"key":"ReplayFunnel"}],"event_choices":[{"cards_removed":["hermit:Strike_Hermit"],"damage_healed":0,"gold_gain":0,"player_choice":"Card Removal","damage_taken":0,"max_hp_gain":0,"max_hp_loss":0,"event_name":"The Cleric","floor":5,"gold_loss":50},{"damage_healed":0,"gold_gain":175,"player_choice":"AGREE","damage_taken":0,"max_hp_gain":0,"max_hp_loss":0,"event_name":"Liars Game","floor":7,"gold_loss":0,"cards_obtained":["Doubt"]},{"damage_healed":0,"gold_gain":0,"player_choice":"Rummage","damage_taken":0,"relics_obtained":["WarpedTongs"],"max_hp_gain":0,"max_hp_loss":0,"event_name":"Accursed Blacksmith","floor":20,"gold_loss":0,"cards_obtained":["Pain"]}],"is_beta":false,"boss_relics":[{"not_picked":["Coffee Dripper","Honey Jar","Astrolabe"]}],"items_purged_floors":[21],"is_endless":false,"potions_floor_spawned":[1,3,6,16,19],"killed_by":"Slavers","ascension_level":0}}