{"host":"s2jwg59yskzk2eda","time":1608577134,"event":{"mods":["Act Like it!","Bard","BaseMod","Beaked The Cultist","Better Match","Better Note","Better Sensory Stone","CCEM","Colored Powertips","Conspire","Downfall","Fiend Mod","Halation","Infinite Spire","Menagerie","Minty Spire (QoL Compilation)","Replay The Spire","Spicy Shops","StSLib","The Construct","The Disciple","The Druid","The Factory","The Jungle","The Runesmith"],"gold_per_floor":[99,117,117,143,143,175,199,220,220,220,239,10,1,1,21,37,37,37],"floor_reached":16,"playtime":831,"items_purged":[],"score":113,"play_id":"47f1fda1-6258-4278-a874-6b2c1593a46a","local_time":"20201221195854","is_ascension_mode":true,"campfire_choices":[{"data":"hexamod:HeatMetal","floor":1,"key":"SMITH"},{"data":"hexamod:BurningTouch","floor":3,"key":"SMITH"},{"data":"hexamod:Sear","floor":5,"key":"SMITH"},{"data":"hexamod:PhantomCloak","floor":10,"key":"SMITH"},{"data":"hexamod:RainOfEmbers","floor":10,"key":"SMITH"}],"circlet_count":0,"master_deck":["hexamod:Strike","hexamod:Strike","hexamod:Strike","hexamod:Defend","hexamod:Defend","hexamod:Defend","hexamod:Sear+1","hexamod:Float+1","hexamod:HeatMetal+1","hexamod:Haunt","hexamod:BurningTouch+1","hexamod:RainOfEmbers+1","hexamod:PhantomCloak+1","ReplayTheSpireMod:IOU","Slimebound:ComboTackle","ReplayTheSpireMod:Trickstab","conspire:Banana","hexamod:NightmareGuise","Tempo"],"relics":["hexamod:SpiritBrand","Durian","Replay:Arrowhead","halation:IllGainedPizza","PrismaticShard"],"acts_visited":["Exordium"],"potions_floor_usage":[16],"damage_taken":[{"damage":0,"enemies":"Cultist","floor":2,"turns":3},{"damage":3,"enemies":"Gremlin Nob","floor":4,"turns":3},{"damage":16,"enemies":"conspire:MimicChest","floor":6,"turns":3},{"damage":0,"enemies":"conspire:RoseBush","floor":8,"turns":3},{"damage":9,"enemies":"Jaw Worm","floor":11,"turns":3},{"damage":2,"enemies":"downfall:FleeingMerchant","floor":12,"turns":4},{"damage":0,"enemies":"downfall:FleeingMerchant","floor":13,"turns":4},{"damage":4,"enemies":"Exordium Wildlife","floor":15,"turns":5},{"damage":40,"enemies":"downfall:Defect","floor":16,"turns":6}],"seed_played":"-6154577325451311011","potions_obtained":[{"floor":2,"key":"Adrenaline Potion"},{"floor":4,"key":"DuplicationPotion"}],"is_trial":false,"path_per_floor":["R","M","R","E","R","?","T","M","?","R","M","$","$","?","M","B"],"character_chosen":"THE_SPIRIT","items_purchased":["conspire:Banana","hexamod:NightmareGuise"],"campfire_rested":0,"item_purchase_floors":[12,12],"current_hp_per_floor":[63,63,63,65,65,49,49,49,49,49,40,38,40,40,38,0,0,0],"gold":37,"neow_bonus":"TRANSFORM_TWO_CARDS","is_daily":false,"chose_seed":false,"campfire_upgraded":5,"win_rate":0.0,"timestamp":1608577134,"path_taken":["R","M","R","E","R","?","T","M","?","R","?","$","$","?","M","BOSS"],"items_purchased_type":["Card","Card"],"build_version":"2020-12-13","purchased_purges":0,"victory":false,"max_hp_per_floor":[63,63,63,68,68,68,68,68,68,68,68,68,70,70,72,74,74,74],"card_choices":[{"not_picked":["hexamod:SpectersWail","hexamod:Firestarter"],"picked":"hexamod:BurningTouch","floor":2},{"not_picked":["hexamod:HauntingEcho","hexamod:NightmareStrike","hexamod:GhostOfSpirePast"],"picked":"SKIP","floor":4},{"not_picked":["hexamod:GhostShield","hexamod:Rewind"],"picked":"hexamod:RainOfEmbers","floor":6},{"not_picked":["hexamod:GhostLash","hexamod:PowerFromBeyond"],"picked":"hexamod:PhantomCloak","floor":8},{"not_picked":["Iron Wave","construct:CreateCores"],"picked":"Slimebound:ComboTackle","floor":11},{"not_picked":["construct:Versatility","sneckomod:QuickBite"],"picked":"ReplayTheSpireMod:Trickstab","floor":12},{"not_picked":["Guardian:Gem_Fragmented","Flying Knee","sneckomod:UnknownClassBEAKED_YELLOW"],"picked":"SKIP","floor":13},{"not_picked":["Rage","theextravagant:Drift"],"picked":"Tempo","floor":15}],"player_experience":1118859,"relics_obtained":[{"floor":4,"key":"Durian"},{"floor":6,"key":"Replay:Arrowhead"},{"floor":7,"key":"halation:IllGainedPizza"}],"event_choices":[],"is_beta":false,"boss_relics":[],"items_purged_floors":[],"is_endless":false,"potions_floor_spawned":[2,4],"killed_by":"downfall:Defect","ascension_level":3}}