{"host":"whloki2o3dp1b07n","time":1608565613,"event":{"mods":["Abigail Mod","Act Like it!","BaseMod","Better Synergies","Block Reminder","CapriCore","Colored Map","Colored Powertips","DNKmod","Friendly Minions","GifTheSpireLib","GungeonMod","HexUI Lib","Koishi","Marked Mod","Minty Spire (QoL Compilation)","StSLib","Swap Starting Deck Mod","The Bug Knight","The Marked","Transform Curses"],"gold_per_floor":[117,130,130,130,153,153,172,186,212,232,197,231,231,247,247,377,377,390,390,390,390,402,414,452,464,503,530,562,574,596,608,620,737,749,777,801,830,842,867,890,902,932,944,956,968,968],"floor_reached":45,"playtime":1959,"items_purged":[],"score":439,"play_id":"a64ec86b-3091-4b46-ba0f-55cb7e473c61","local_time":"20201221104653","is_ascension_mode":false,"campfire_choices":[{"floor":6,"key":"REST"},{"floor":13,"key":"REST"},{"floor":15,"key":"REST"},{"data":"theMarked:CreepingChasm","floor":23,"key":"SMITH"},{"data":"theMarked:WardOff","floor":29,"key":"SMITH"},{"data":"theMarked:MysticalArsenal","floor":32,"key":"SMITH"},{"floor":41,"key":"REST"}],"circlet_count":0,"master_deck":["theMarked:Strike","theMarked:Strike","theMarked:Strike","theMarked:Strike","theMarked:Strike","theMarked:Defend","theMarked:Defend","theMarked:Defend","theMarked:Defend","theMarked:SoldierOfQuellstein+1","theMarked:RogueSparks","theMarked:HeightenedSenses","Injury","theMarked:TwofoldDefense","theMarked:RogueSparks","theMarked:ElectricStrings","theMarked:ChainLightning","theMarked:MaelstromOfLightning","theMarked:CreepingChasm+1","theMarked:TakeOffHeels","theMarked:BanishingStrike","theMarked:Indomitable","theMarked:ContemptForTheProud","theMarked:WardOff+1","theMarked:ResourceFulStrike","theMarked:MysticalArsenal+1","theMarked:SummonStrength","theMarked:ChainLightning+1","theMarked:EternalStudent","theMarked:Electrocute","theMarked:Static+1","theMarked:Frustration+1","theMarked:KeepCalmAndFightOn+1"],"relics":["theMarked:ArtifactOfAir","Bloody Idol","Omamori","HollowMod:PaleOreRelic","Sozu","MawBank","DemoMod:OrangeGuonStone","Nunchaku","theMarked:SpiritSword","Eternal Feather"],"acts_visited":["Exordium","TheCity","TheBeyond"],"potions_floor_usage":[16,16,16,16,16,18],"damage_taken":[{"damage":15,"enemies":"Cultist","floor":1,"turns":4},{"damage":8,"enemies":"2 Louse","floor":2,"turns":3},{"damage":9,"enemies":"Jaw Worm","floor":5,"turns":4},{"damage":11,"enemies":"2 Fungi Beasts","floor":7,"turns":4},{"damage":5,"enemies":"Looter","floor":8,"turns":3},{"damage":6,"enemies":"Blue Slaver","floor":10,"turns":6},{"damage":28,"enemies":"Gremlin Nob","floor":12,"turns":4},{"damage":5,"enemies":"Gremlin Gang","floor":14,"turns":4},{"damage":38,"enemies":"The Guardian","floor":16,"turns":10},{"damage":3,"enemies":"2 Thieves","floor":18,"turns":4},{"damage":33,"enemies":"Book of Stabbing","floor":24,"turns":6},{"damage":10,"enemies":"Spheric Guardian","floor":27,"turns":4},{"damage":6,"enemies":"Snecko","floor":28,"turns":4},{"damage":0,"enemies":"Centurion and Healer","floor":30,"turns":5},{"damage":42,"enemies":"Collector","floor":33,"turns":9},{"damage":25,"enemies":"3 Shapes","floor":35,"turns":5},{"damage":2,"enemies":"Orb Walker","floor":36,"turns":3},{"damage":30,"enemies":"3 Darklings","floor":37,"turns":3},{"damage":30,"enemies":"Maw","floor":39,"turns":8},{"damage":24,"enemies":"4 Shapes","floor":40,"turns":4},{"damage":23,"enemies":"Sphere and 2 Shapes","floor":42,"turns":3},{"damage":55,"enemies":"Writhing Mass","floor":45,"turns":2}],"seed_played":"3771530207072310033","potions_obtained":[{"floor":1,"key":"Dexterity Potion"},{"floor":5,"key":"PowerPotion"},{"floor":8,"key":"EntropicBrew"},{"floor":16,"key":"SteroidPotion"}],"is_trial":false,"path_per_floor":["M","M","?","?","M","R","M","M","T","M","?","E","R","M","R","B",null,"M","?","?","T","$","R","E","?","T","M","M","R","M","?","R","B",null,"M","M","M","?","M","M","R","M","T","$","M"],"character_chosen":"THE_DEFAULT","items_purchased":[],"campfire_rested":4,"item_purchase_floors":[],"current_hp_per_floor":[55,47,47,47,38,59,48,43,43,37,54,26,47,42,63,25,70,67,67,67,67,70,70,42,80,80,75,79,80,80,80,80,43,80,60,68,48,53,33,19,48,35,40,45,0,0],"gold":968,"neow_bonus":"ONE_RANDOM_RARE_CARD","is_daily":false,"chose_seed":false,"campfire_upgraded":3,"win_rate":0.0,"timestamp":1608565613,"path_taken":["M","M","?","?","M","R","M","M","T","?","?","E","R","M","R","BOSS","M","?","?","?","$","R","E","?","T","?","M","R","M","?","R","BOSS","M","M","M","?","?","M","R","M","T","$","M"],"items_purchased_type":[],"build_version":"2020-12-13","purchased_purges":0,"victory":false,"max_hp_per_floor":[70,70,70,70,70,70,70,70,70,70,70,70,70,70,70,70,70,70,70,70,70,70,70,70,80,80,80,80,80,80,80,80,80,80,80,80,80,80,80,80,80,80,80,80,80,80],"card_choices":[{"not_picked":["theMarked:Overthink","theMarked:ChainLightning"],"picked":"theMarked:RogueSparks","floor":1},{"not_picked":["theMarked:Parkour","theMarked:EnhancedHearing"],"picked":"theMarked:HeightenedSenses","floor":2},{"not_picked":["theMarked:SwordAndMagic","theMarked:EnhanceMovement"],"picked":"theMarked:TwofoldDefense","floor":5},{"not_picked":["theMarked:ElectricStrings","theMarked:WastefulAttack"],"picked":"theMarked:RogueSparks","floor":7},{"not_picked":["theMarked:Aftermath","theMarked:SoldierForm"],"picked":"theMarked:ElectricStrings","floor":8},{"not_picked":["theMarked:EmpowerWeapon","theMarked:Electrocute"],"picked":"theMarked:ChainLightning","floor":10},{"not_picked":["theMarked:WastefulAttack","theMarked:EmpowerWeapon"],"picked":"theMarked:MaelstromOfLightning","floor":12},{"not_picked":["theMarked:ChainLightning","theMarked:SoldierForm"],"picked":"theMarked:CreepingChasm","floor":14},{"not_picked":["theMarked:Levitate","theMarked:ChannelForce"],"picked":"theMarked:TakeOffHeels","floor":16},{"not_picked":["theMarked:HeightenedSenses+1","theMarked:ElectricStrings"],"picked":"theMarked:BanishingStrike","floor":18},{"not_picked":["theMarked:BanishingWave","theMarked:Parkour+1"],"picked":"theMarked:Indomitable","floor":24},{"not_picked":["theMarked:Generate","theMarked:Parkour"],"picked":"theMarked:ContemptForTheProud","floor":27},{"not_picked":["theMarked:Polarize+1","theMarked:ElectricStrings+1"],"picked":"theMarked:WardOff","floor":28},{"not_picked":["theMarked:MagicAdept","theMarked:WastefulAttack"],"picked":"theMarked:ResourceFulStrike","floor":30},{"not_picked":["theMarked:Snap","theMarked:TakeOffHeels"],"picked":"theMarked:SummonStrength","floor":33},{"not_picked":["theMarked:Aftermath+1","theMarked:ResourceFulStrike+1"],"picked":"theMarked:ChainLightning+1","floor":35},{"not_picked":["theMarked:WardOff","theMarked:ResourceFulStrike+1"],"picked":"theMarked:EternalStudent","floor":36},{"not_picked":["theMarked:SelfDefenseTraining","theMarked:StartUp"],"picked":"theMarked:Electrocute","floor":37},{"not_picked":["theMarked:Improvise","theMarked:Seal"],"picked":"theMarked:Static+1","floor":39},{"not_picked":["theMarked:ElectricStrings","theMarked:ResourceFulStrike+1"],"picked":"theMarked:Frustration+1","floor":40},{"not_picked":["theMarked:MaelstromOfLightning","theMarked:PowerFlow+1"],"picked":"theMarked:KeepCalmAndFightOn+1","floor":42}],"player_experience":1101645,"relics_obtained":[{"floor":9,"key":"Omamori"},{"floor":12,"key":"HollowMod:PaleOreRelic"},{"floor":21,"key":"MawBank"},{"floor":24,"key":"DemoMod:OrangeGuonStone"},{"floor":26,"key":"Nunchaku"},{"floor":43,"key":"Eternal Feather"}],"event_choices":[{"damage_healed":0,"gold_gain":0,"player_choice":"Take Wound","damage_taken":0,"relics_obtained":["Golden Idol"],"max_hp_gain":0,"max_hp_loss":0,"event_name":"Golden Idol","floor":3,"gold_loss":0,"cards_obtained":["Injury"]},{"damage_healed":0,"gold_gain":0,"player_choice":"Upgraded","damage_taken":0,"max_hp_gain":0,"max_hp_loss":0,"event_name":"Upgrade Shrine","floor":4,"gold_loss":0,"cards_upgraded":["theMarked:SoldierOfQuellstein"]},{"damage_healed":17,"gold_gain":0,"player_choice":"Healed","damage_taken":0,"max_hp_gain":0,"max_hp_loss":0,"event_name":"The Cleric","floor":11,"gold_loss":35},{"damage_healed":0,"gold_gain":0,"player_choice":"Ignored","damage_taken":0,"max_hp_gain":0,"max_hp_loss":0,"event_name":"Vampires","floor":19,"gold_loss":0},{"damage_healed":0,"gold_gain":0,"player_choice":"Gave Idol","damage_taken":0,"relics_obtained":["Bloody Idol"],"max_hp_gain":0,"max_hp_loss":0,"event_name":"Forgotten Altar","floor":20,"relics_lost":["Golden Idol"],"gold_loss":0},{"cards_removed":["theMarked:SoldierForm"],"damage_healed":23,"gold_gain":0,"player_choice":"Offered Rare","damage_taken":0,"max_hp_gain":10,"max_hp_loss":0,"event_name":"Bonfire Elementals","floor":25,"gold_loss":0},{"damage_healed":0,"gold_gain":0,"player_choice":"Read","damage_taken":0,"max_hp_gain":0,"max_hp_loss":0,"event_name":"The Library","floor":31,"gold_loss":0,"cards_obtained":["theMarked:MysticalArsenal"]},{"damage_healed":0,"gold_gain":0,"player_choice":"Bought 0 Potions","damage_taken":0,"max_hp_gain":0,"max_hp_loss":0,"event_name":"The Woman in Blue","floor":38,"gold_loss":0}],"is_beta":false,"boss_relics":[{"not_picked":["DemoMod:WaxWing","Velvet Choker"],"picked":"Sozu"},{"not_picked":["Calling Bell","Tiny House"],"picked":"theMarked:SpiritSword"}],"items_purged_floors":[],"is_endless":false,"potions_floor_spawned":[1,5,8,16,28,30,33,36,37,39],"killed_by":"Writhing Mass","ascension_level":0}}