{"host":"m1rjttoroz33xrz1","time":1608523404,"event":{"mods":["BaseMod","Colored Map","Downfall","Hermit","Mad Scientist","Marisa????????","Minty Spire (QoL Compilation)","StSLib","The Construct","The Cursed","The Druid","The Jungle","The Servant 0.9.4"],"gold_per_floor":[99,84,98,131,131,151,176,176,204,129,143,143,143,157,168,267,267,267,279,295,205,205,205,205,45,45,79,94,194,194,207,221,326,326,251,282,352,399,324,343,343,357,357,386,62,62,73,93,107,107,107,133,44,44,44],"floor_reached":56,"playtime":13631,"items_purged":["Regret","Injury"],"score":1285,"play_id":"86021251-a435-4449-b7f3-6076d51d770c","local_time":"20201220230324","is_ascension_mode":false,"campfire_choices":[{"data":"Panacea","floor":1.0,"key":"SMITH"},{"data":"hexamod:FlamesFromBeyond","floor":5.0,"key":"SMITH"},{"floor":8.0,"key":"REST"},{"floor":10.0,"key":"REST"},{"data":"hexamod:WildfireWeapon","floor":18.0,"key":"SMITH"},{"floor":23.0,"key":"REST"},{"floor":26.0,"key":"RECALL"},{"data":"hexamod:VolcanoVisage","floor":35.0,"key":"SMITH"},{"floor":39.0,"key":"REST"},{"data":"hexamod:EtherealExpedition","floor":43,"key":"SMITH"},{"floor":54,"key":"REST"}],"circlet_count":0,"master_deck":["hexamod:Strike+1","hexamod:Strike+1","hexamod:Defend+1","hexamod:Defend+1","hexamod:Sear+1","hexamod:Float+1","Panacea+1","hexamod:GhostOfSpireFuture+1","hexamod:FlamesFromBeyond+1","hexamod:SixthSeal","hexamod:CatchUp+1","hexamod:StepThrough+1","hexamod:ExtraCrispy+1","hexamod:ChargedBarrage+1","hexamod:WildfireWeapon+1","hexamod:GhostflameBarrier+1","hexamod:EmpoweringStance+1","hexamod:SwordOfDarkness+1","hexamod:EtherealExpedition+1","hexamod:GhostLash+1","hexamod:GhostShield+1","hexamod:GhostflameInferno+1","hexamod:NecessarySacrifice","hexamod:BurningTouch+1","hexamod:SoulSteal+1","hexamod:ShieldOfDarkness","hexamod:InspiringFlames","hexamod:Incineration","hexamod:RainOfEmbers+1","hexamod:HeatShield+1","hexamod:VolcanoVisage+1","hexamod:FastForward+1","Clumsy","hexamod:ShieldOfDarkness+1","hexamod:DynamicBlow+1","hexamod:HauntingEcho","hexamod:AdvancingGuard+1","hexamod:GhostOfSpirePresent+1","hexamod:SearingWound","hexamod:HeatCrush","hexamod:RainOfEmbers","hexamod:GhostflameBarrier+1","expansioncontent:PolyBeam","hexamod:GiftsFromTheDead","hexamod:PhantomCloak+1","hexamod:HeatShield","hexamod:PowerFromBeyond+1","hexamod:HeatMetal","hexamod:FastForward"],"relics":["hexamod:SpiritBrand","Akabeko","Art of War","Incense Burner","downfall:HeartBlessingGreen","Astrolabe","Gremlin Horn","Unceasing Top","MealTicket","Tiny Chest","MutagenicStrength","Cursed Key","downfall:HeartBlessingRed","Vajra","Dead Branch","downfall:HeartBlessingBlue","Peace Pipe","Kunai","Lee\u0027s Waffle","Bag of Marbles"],"acts_visited":["Exordium","TheCity","TheBeyond","TheEnding"],"potions_floor_usage":[42,50,52,55],"damage_taken":[{"damage":0.0,"enemies":"downfall:FleeingMerchant","floor":2.0,"turns":4.0},{"damage":0.0,"enemies":"Small Slimes","floor":3.0,"turns":3.0},{"damage":15.0,"enemies":"Lagavulin","floor":4.0,"turns":7.0},{"damage":6.0,"enemies":"Jaw Worm","floor":6.0,"turns":3.0},{"damage":25.0,"enemies":"Gremlin Nob","floor":9.0,"turns":6.0},{"damage":0.0,"enemies":"Cultist","floor":11.0,"turns":3.0},{"damage":4.0,"enemies":"Blue Slaver","floor":14.0,"turns":4.0},{"damage":2.0,"enemies":"Exordium Wildlife","floor":15.0,"turns":5.0},{"damage":10.0,"enemies":"downfall:Watcher","floor":16.0,"turns":7.0},{"damage":11.0,"enemies":"Chosen","floor":19.0,"turns":4.0},{"damage":0.0,"enemies":"Shell Parasite","floor":20.0,"turns":3.0},{"damage":10.0,"enemies":"downfall:FleeingMerchant","floor":21.0,"turns":4.0},{"damage":0.0,"enemies":"downfall:FleeingMerchant","floor":25.0,"turns":4.0},{"damage":0.0,"enemies":"Gremlin Leader","floor":27.0,"turns":5.0},{"damage":0.0,"enemies":"Sentry and Sphere","floor":28.0,"turns":5.0},{"damage":1.0,"enemies":"downfall:Augmenter","floor":29.0,"turns":4.0},{"damage":6.0,"enemies":"Centurion and Healer","floor":31.0,"turns":6.0},{"damage":0.0,"enemies":"Cultist and Chosen","floor":32.0,"turns":4.0},{"damage":13.0,"enemies":"downfall:Silent","floor":33.0,"turns":7.0},{"damage":21.0,"enemies":"Reptomancer","floor":36.0,"turns":6.0},{"damage":0.0,"enemies":"2 Orb Walkers","floor":38.0,"turns":4.0},{"damage":0.0,"enemies":"Orb Walker","floor":40.0,"turns":4.0},{"damage":0,"enemies":"3 Shapes","floor":42,"turns":3},{"damage":29,"enemies":"Nemesis","floor":44,"turns":9},{"damage":0,"enemies":"downfall:FleeingMerchant","floor":45,"turns":4},{"damage":0,"enemies":"Maw","floor":47,"turns":6},{"damage":1,"enemies":"Jaw Worm Horde","floor":48,"turns":4},{"damage":4,"enemies":"Spire Growth","floor":49,"turns":4},{"damage":31,"enemies":"downfall:Ironclad","floor":50,"turns":6},{"damage":69,"enemies":"downfall:CharBossMerchant","floor":52,"turns":7},{"damage":63,"enemies":"downfall:NeowBoss","floor":55,"turns":28}],"seed_played":"-6840621293626826322","potions_obtained":[{"floor":4.0,"key":"ColorlessPotion"},{"floor":6.0,"key":"FairyPotion"},{"floor":9.0,"key":"Guardian:BlockOnCardUsePotion"},{"floor":14.0,"key":"sneckomod:MuddlingPotion"},{"floor":19.0,"key":"SteroidPotion"},{"floor":21.0,"key":"GamblersBrew"},{"floor":27.0,"key":"Guardian:BlockOnCardUsePotion"},{"floor":27.0,"key":"Fire Potion"},{"floor":31.0,"key":"AttackPotion"},{"floor":33.0,"key":"SteroidPotion"},{"floor":40.0,"key":"Swift Potion"},{"floor":48,"key":"GamblersBrew"},{"floor":49,"key":"ColorlessPotion"},{"floor":52,"key":"Block Potion"}],"is_trial":false,"path_per_floor":["R","$","M","E","R","M","T","R","E","R","M","?","?","M","M","B",null,"R","M","M","$","?","R","T","$","R","E","M","?","?","M","M","B",null,"R","E","T","?","R","M","T","M","R","E","$","?","M","M","M","B",null,"E","$","R","B",null],"character_chosen":"THE_SPIRIT","items_purchased":["MealTicket","Lee\u0027s Waffle","hexamod:SearingWound","Dexterity Potion","hexamod:HeatCrush","hexamod:RainOfEmbers","hexamod:GhostflameBarrier","expansioncontent:PolyBeam","hexamod:HeatMetal","hexamod:FastForward"],"campfire_rested":5,"item_purchase_floors":[25,45,45,45,45,45,45,45,53,53],"current_hp_per_floor":[70,70,70,55,55,49,49,70,45,66,66,66,66,62,60,50,70,70,59,59,49,49,70,70,70,70,70,70,69,69,63,63,50,70,70,49,49,49,80,80,80,80,80,51,87,87,87,86,82,51,87,18,33,59,26],"gold":44,"neow_bonus":"RANDOM_COLORLESS","is_daily":false,"chose_seed":false,"campfire_upgraded":5,"win_rate":0.0,"timestamp":1608523404,"path_taken":["R","$","M","E","R","M","T","R","E","R","M","?","?","M","M","BOSS","R","M","M","?","?","R","T","?","R","E","M","?","?","?","M","BOSS","R","E","?","?","R","M","T","M","R","E","$","?","M","M","M","BOSS","E","$","R","BOSS"],"items_purchased_type":["Relic","Relic","Card","Potion","Card","Card","Card","Card","Card","Card"],"build_version":"2020-12-13","purchased_purges":2,"victory":true,"max_hp_per_floor":[70,70,70,70,70,70,70,70,70,70,70,70,70,70,70,70,70,70,70,70,70,70,70,70,70,70,70,70,70,70,70,70,70,70,70,70,70,70,80,80,80,80,80,80,87,87,87,87,87,87,87,87,87,87,87],"card_choices":[{"not_picked":["Trip","Good Instincts"],"picked":"Panacea","floor":0.0},{"not_picked":["hexamod:Haunt","hexamod:RainOfEmbers"],"picked":"hexamod:GhostOfSpireFuture","floor":2.0},{"not_picked":["hexamod:CatchUp","hexamod:HeatCrush"],"picked":"hexamod:FlamesFromBeyond","floor":3.0},{"not_picked":["hexamod:ThermalTransfer","hexamod:GhostflameBarrier"],"picked":"hexamod:SixthSeal","floor":4.0},{"not_picked":["hexamod:GhostShield","hexamod:NightmareStrike"],"picked":"hexamod:CatchUp","floor":6.0},{"not_picked":["hexamod:ShieldOfDarkness","hexamod:AdvancingGuard"],"picked":"hexamod:StepThrough","floor":9.0},{"not_picked":["hexamod:BurningTouch","hexamod:Firestarter"],"picked":"hexamod:FourthSeal","floor":11.0},{"not_picked":["hexamod:SwordOfDarkness","hexamod:RainOfEmbers"],"picked":"hexamod:ExtraCrispy","floor":14.0},{"not_picked":["hexamod:PhantomCloak","hexamod:Hexaguard"],"picked":"hexamod:ChargedBarrage","floor":15.0},{"not_picked":["hexamod:CrushingStance","hexamod:TurnItUp"],"picked":"hexamod:WildfireWeapon","floor":16.0},{"not_picked":["hexamod:GhostShield+1","hexamod:SwordOfDarkness"],"picked":"hexamod:EtherealExpedition","floor":19.0},{"not_picked":["hexamod:RadiantFlame","hexamod:HauntingEcho"],"picked":"hexamod:GhostLash+1","floor":20.0},{"not_picked":["hexamod:Hexaguard","hexamod:RetreatToShadows"],"picked":"hexamod:GhostShield+1","floor":21.0},{"not_picked":["hexamod:GhostLash","hexamod:HauntingEcho"],"picked":"hexamod:GhostflameInferno","floor":25.0},{"not_picked":["hexamod:NightmareStrike","hexamod:ShieldOfDarkness"],"picked":"hexamod:NecessarySacrifice","floor":27.0},{"not_picked":["hexamod:SpectersWail","hexamod:BacktrackSmack"],"picked":"hexamod:BurningTouch+1","floor":28.0},{"not_picked":["hexamod:GhostLash","hexamod:Hexaguard"],"picked":"hexamod:SoulSteal","floor":29.0},{"not_picked":["hexamod:SpectersWail","hexamod:Firestarter"],"picked":"hexamod:RainOfEmbers","floor":31.0},{"not_picked":["hexamod:DynamicBlow","hexamod:BacktrackSmack+1"],"picked":"hexamod:HeatShield","floor":32.0},{"not_picked":["hexamod:GiftsFromTheDead","hexamod:CrushingStance"],"picked":"hexamod:VolcanoVisage","floor":33.0},{"not_picked":["hexamod:NecessarySacrifice+1","hexamod:GhostShield"],"picked":"hexamod:FastForward+1","floor":36.0},{"not_picked":["hexamod:InspiringFlames","hexamod:BacktrackSmack+1"],"picked":"hexamod:ShieldOfDarkness+1","floor":38.0},{"not_picked":["hexamod:SecondSeal","hexamod:GhostShield"],"picked":"hexamod:DynamicBlow","floor":40.0},{"not_picked":["hexamod:NecessarySacrifice","hexamod:SwordOfDarkness"],"picked":"hexamod:HauntingEcho","floor":42},{"not_picked":["hexamod:SecondSeal","hexamod:RainOfEmbers"],"picked":"hexamod:AdvancingGuard+1","floor":44},{"not_picked":["hexamod:SwordOfDarkness+1","hexamod:GhostLash+1"],"picked":"hexamod:GhostOfSpirePresent+1","floor":45},{"not_picked":["hexamod:GhostLash+1","hexamod:Firestarter"],"picked":"hexamod:GiftsFromTheDead","floor":47},{"not_picked":["hexamod:Hexaguard+1","hexamod:BacktrackSmack+1"],"picked":"hexamod:PhantomCloak+1","floor":48},{"not_picked":["hexamod:BurningTouch+1","hexamod:Firestarter"],"picked":"hexamod:HeatShield","floor":49},{"not_picked":["hexamod:ThermalTransfer+1","hexamod:NightmareGuise"],"picked":"hexamod:PowerFromBeyond+1","floor":52}],"player_experience":1269423,"relics_obtained":[{"floor":4.0,"key":"Akabeko"},{"floor":7.0,"key":"Art of War"},{"floor":9.0,"key":"Incense Burner"},{"floor":24.0,"key":"Unceasing Top"},{"floor":27.0,"key":"Tiny Chest"},{"floor":29.0,"key":"MutagenicStrength"},{"floor":36.0,"key":"Vajra"},{"floor":38.0,"key":"Dead Branch"},{"floor":41,"key":"Peace Pipe"},{"floor":44,"key":"Kunai"},{"floor":52,"key":"Bag of Marbles"}],"event_choices":[{"damage_healed":0.0,"max_hp_gain":0.0,"max_hp_loss":0.0,"gold_gain":0.0,"event_name":"The Library","player_choice":"Read","floor":30.0,"gold_loss":0.0,"damage_taken":0.0,"cards_obtained":["hexamod:Incineration"]},{"damage_healed":0.0,"max_hp_gain":0.0,"max_hp_loss":0.0,"gold_gain":0.0,"event_name":"Mysterious Sphere","player_choice":"Fight","floor":38.0,"gold_loss":0.0,"damage_taken":0.0}],"is_beta":false,"boss_relics":[{"not_picked":["Ectoplasm","Pandora\u0027s Box"],"picked":"Astrolabe"},{"not_picked":["construct:WeddingRing","Sozu"],"picked":"Cursed Key"}],"items_purged_floors":[21,45],"is_endless":false,"potions_floor_spawned":[4,6,9,14,27,28,31,32,33,40,48,49,52],"ascension_level":0}}