{"host":"ktoxvvst1mwxww91","time":1608543126,"event":{"mods":["BaseMod","Hermit","Minty Spire (QoL Compilation)","StSLib","The Hierophant","The Mystic","The Necromancer"],"gold_per_floor":[112,21,31,31,47,75,75,0,0,11,42,42,52,39,39,110,110,129,129,129,59,73,73,87,87,87,14,24,24,24],"floor_reached":29,"playtime":996,"items_purged":["Decay"],"score":425,"play_id":"5d995abb-2b30-4bb7-9df8-88ef2cd6c313","local_time":"20201221103206","is_ascension_mode":true,"campfire_choices":[{"floor":7.0,"key":"REST"},{"floor":12.0,"key":"REST"},{"floor":15.0,"key":"REST"},{"data":"Buffer","floor":23,"key":"SMITH"},{"data":"Capacitor","floor":25,"key":"SMITH"}],"circlet_count":0,"master_deck":["AscendersBane","Strike_B","Strike_B","Strike_B","Defend_B","Defend_B","Defend_B","Defend_B","Zap","Dualcast","Cold Snap","Capacitor+1","Gash","Sweeping Beam","Blizzard","Buffer+1","Gash","Conserve Battery","Reinforced Body","Gash","Machine Learning+1","Gash","Defragment+1","Conserve Battery","Conserve Battery","Defragment+1","Stack+1"],"relics":["Black Star","Dead Branch","TungstenRod","Mango","Akabeko","Frozen Egg 2","Nuclear Battery","Peace Pipe"],"acts_visited":["Exordium","TheCity"],"potions_floor_usage":[22,24,24],"damage_taken":[{"damage":12.0,"enemies":"Cultist","floor":1.0,"turns":6.0},{"damage":6.0,"enemies":"Small Slimes","floor":3.0,"turns":6.0},{"damage":5.0,"enemies":"2 Louse","floor":5.0,"turns":2.0},{"damage":34.0,"enemies":"Gremlin Nob","floor":6.0,"turns":4.0},{"damage":12.0,"enemies":"Red Slaver","floor":10.0,"turns":5.0},{"damage":16.0,"enemies":"Lagavulin","floor":11.0,"turns":9.0},{"damage":15.0,"enemies":"Exordium Wildlife","floor":13.0,"turns":5.0},{"damage":4.0,"enemies":"Exordium Thugs","floor":14.0,"turns":4.0},{"damage":24.0,"enemies":"The Guardian","floor":16.0,"turns":14.0},{"damage":20.0,"enemies":"Chosen","floor":18.0,"turns":7.0},{"damage":19,"enemies":"Shell Parasite","floor":22,"turns":4},{"damage":0,"enemies":"Cultist and Chosen","floor":24,"turns":7},{"damage":18,"enemies":"Shelled Parasite and Fungi","floor":28,"turns":8},{"damage":15,"enemies":"Snake Plant","floor":29,"turns":5}],"seed_played":"4783351394599621934","potions_obtained":[{"floor":3.0,"key":"Fire Potion"},{"floor":5.0,"key":"CultistPotion"},{"floor":13.0,"key":"Dexterity Potion"},{"floor":16.0,"key":"Explosive Potion"},{"floor":18.0,"key":"BlessingOfTheForge"},{"floor":20.0,"key":"EssenceOfDarkness"},{"floor":22,"key":"SneckoOil"}],"is_trial":false,"path_per_floor":["M","$","M","?","M","E","R","$","T","M","E","R","M","M","R","B",null,"M","?","?","$","M","R","M","R","T","$","M","M"],"character_chosen":"DEFECT","items_purchased":["Capacitor","Gash","Defragment+1","Defragment+1"],"campfire_rested":3,"item_purchase_floors":[2,2,21,27],"current_hp_per_floor":[52,52,46,46,41,7,28,28,42,30,14,39,24,20,45,21,69,49,49,49,49,30,30,30,30,30,30,12,0,0],"gold":24,"neow_bonus":"BOSS_RELIC","is_daily":false,"chose_seed":false,"campfire_upgraded":2,"win_rate":0.0,"timestamp":1608543126,"path_taken":["M","?","?","?","?","E","R","$","T","?","E","R","M","M","R","BOSS","M","?","?","$","M","R","M","R","T","$","M","M"],"items_purchased_type":["Card","Card","Card","Card"],"build_version":"2020-12-13","purchased_purges":1,"victory":false,"max_hp_per_floor":[71,71,71,71,71,71,71,71,85,85,85,85,85,85,85,85,85,85,85,85,85,85,85,85,85,85,85,85,85,85],"card_choices":[{"not_picked":["Redo","Ball Lightning"],"picked":"Cold Snap","floor":1.0},{"not_picked":["Compile Driver","Go for the Eyes"],"picked":"Sweeping Beam","floor":3.0},{"not_picked":["Compile Driver","Aggregate"],"picked":"Blizzard","floor":5.0},{"not_picked":["Thunder Strike","BootSequence"],"picked":"Buffer","floor":6.0},{"not_picked":["White Noise","Undo"],"picked":"Gash","floor":10.0},{"not_picked":["Heatsinks+1","Double Energy"],"picked":"Conserve Battery","floor":11.0},{"not_picked":["Rebound","Go for the Eyes"],"picked":"Reinforced Body","floor":13.0},{"not_picked":["Fission","Barrage"],"picked":"Gash","floor":14.0},{"not_picked":["Echo Form+1","Thunder Strike"],"picked":"Machine Learning+1","floor":16.0},{"not_picked":["Skim","Cold Snap+1"],"picked":"Gash","floor":18.0},{"not_picked":["Static Discharge+1","Go for the Eyes+1"],"picked":"Conserve Battery","floor":22},{"not_picked":["Go for the Eyes","Beam Cell"],"picked":"Conserve Battery","floor":24},{"not_picked":["Steam","Barrage+1"],"picked":"Stack+1","floor":28}],"player_experience":901870,"relics_obtained":[{"floor":6.0,"key":"Dead Branch"},{"floor":6.0,"key":"TungstenRod"},{"floor":9.0,"key":"Mango"},{"floor":11.0,"key":"Akabeko"},{"floor":11.0,"key":"Frozen Egg 2"},{"floor":26,"key":"Peace Pipe"}],"event_choices":[{"damage_healed":0.0,"max_hp_gain":0.0,"max_hp_loss":0.0,"gold_gain":0.0,"event_name":"Wheel of Change","player_choice":"Cursed","floor":4.0,"gold_loss":0.0,"damage_taken":0.0,"cards_obtained":["Decay"]},{"cards_removed":["Strike_B"],"damage_healed":0.0,"max_hp_gain":0.0,"max_hp_loss":0.0,"gold_gain":0.0,"event_name":"Back to Basics","player_choice":"Elegance","floor":19.0,"gold_loss":0.0,"damage_taken":0.0},{"damage_healed":0.0,"max_hp_gain":0.0,"max_hp_loss":0.0,"gold_gain":0.0,"event_name":"Lab","player_choice":"Got Potions","floor":20.0,"gold_loss":0.0,"damage_taken":0.0}],"is_beta":false,"boss_relics":[{"not_picked":["Snecko Eye","Runic Dome"],"picked":"Nuclear Battery"}],"items_purged_floors":[8],"is_endless":false,"potions_floor_spawned":[3,5,13,16,18,22],"killed_by":"Snake Plant","ascension_level":14}}