{"host":"utqe55yv0jihe4d6","time":1608519942,"event":{"mods":["2.2 Compatiblity","AchievementEnabler","BaseMod","Block Reminder","Colored Map","Colored Powertips","Minty Spire (QoL Compilation)","Quick Restart","Rare Cards Sparkle","Relic Stats","SuperFastMode"],"gold_per_floor":[118,118,136,136,136,136,156,185,185,185,200,275,29,62,62,62,62],"floor_reached":16,"playtime":298,"items_purged":["Strike_R"],"score":216,"play_id":"384455a5-718c-4841-8f99-c198b86bc213","local_time":"20201220220542","is_ascension_mode":true,"campfire_choices":[{"data":"Bash","floor":6.0,"key":"SMITH"},{"floor":10.0,"key":"REST"},{"data":"Cleave","floor":15.0,"key":"SMITH"}],"circlet_count":0,"master_deck":["AscendersBane","Strike_R","Strike_R","Strike_R","Defend_R","Defend_R","Defend_R","Defend_R","Bash+1","Cleave+1","Dropkick","Twin Strike","Offering"],"relics":["Burning Blood","NeowsBlessing","CaptainsWheel","TungstenRod","PrismaticShard","Akabeko"],"acts_visited":["Exordium"],"potions_floor_usage":[16,16],"damage_taken":[{"damage":0.0,"enemies":"2 Louse","floor":1.0,"turns":1.0},{"damage":0.0,"enemies":"Cultist","floor":3.0,"turns":1.0},{"damage":0.0,"enemies":"Small Slimes","floor":7.0,"turns":1.0},{"damage":50.0,"enemies":"3 Sentries","floor":8.0,"turns":10.0},{"damage":5.0,"enemies":"Blue Slaver","floor":11.0,"turns":2.0},{"damage":17.0,"enemies":"Gremlin Nob","floor":14.0,"turns":4.0},{"damage":46,"enemies":"Slime Boss","floor":16,"turns":6}],"seed_played":"1627355741767100824","potions_obtained":[{"floor":1.0,"key":"Dexterity Potion"},{"floor":2.0,"key":"ColorlessPotion"},{"floor":14.0,"key":"Fruit Juice"}],"is_trial":false,"path_per_floor":["M","?","M","?","?","R","M","E","T","R","M","?","$","E","R","B"],"character_chosen":"IRONCLAD","items_purchased":["PrismaticShard"],"campfire_rested":1,"item_purchase_floors":[13],"current_hp_per_floor":[74,74,75,68,68,68,74,30,30,52,53,43,43,32,32,0,0],"gold":62,"neow_bonus":"THREE_ENEMY_KILL","is_daily":false,"chose_seed":false,"campfire_upgraded":2,"win_rate":0.0,"timestamp":1608519942,"path_taken":["M","?","?","?","?","R","?","E","T","R","M","?","$","E","R","BOSS"],"items_purchased_type":["Relic"],"build_version":"2020-12-13","purchased_purges":1,"victory":false,"max_hp_per_floor":[75,75,75,75,75,75,75,75,75,75,75,75,75,75,75,80,80],"relic_stats":{"counters":[7,25],"obtain_stats":[{"CaptainsWheel":8,"NeowsBlessing":0,"PrismaticShard":13,"Burning Blood":0,"TungstenRod":9,"Akabeko":14},{"CaptainsWheel":4,"NeowsBlessing":0,"PrismaticShard":5,"Burning Blood":0,"TungstenRod":4,"Akabeko":6},{"CaptainsWheel":13,"NeowsBlessing":0,"PrismaticShard":15,"Burning Blood":0,"TungstenRod":13,"Akabeko":19}],"Burning Blood":31,"TungstenRod":9},"card_choices":[{"not_picked":["Dropkick","Havoc"],"picked":"Cleave","floor":1.0},{"not_picked":["Body Slam","Sever Soul"],"picked":"Dropkick","floor":3.0},{"not_picked":["Iron Wave","Cleave"],"picked":"Twin Strike","floor":7.0},{"not_picked":["Reaper","Headbutt"],"picked":"Offering","floor":8.0},{"not_picked":["Thunderclap","Sword Boomerang","Flex"],"picked":"SKIP","floor":11.0},{"not_picked":["Indignation","EmptyBody","Dagger Spray"],"picked":"SKIP","floor":14.0}],"player_experience":2816397,"relics_obtained":[{"floor":8.0,"key":"CaptainsWheel"},{"floor":9.0,"key":"TungstenRod"},{"floor":14.0,"key":"Akabeko"}],"event_choices":[{"damage_healed":0.0,"max_hp_gain":0.0,"max_hp_loss":0.0,"gold_gain":0.0,"event_name":"Lab","player_choice":"Got Potions","floor":2.0,"gold_loss":0.0,"damage_taken":0.0},{"cards_removed":["Strike_R"],"damage_healed":0.0,"max_hp_gain":0.0,"max_hp_loss":0.0,"gold_gain":0.0,"event_name":"Golden Wing","player_choice":"Card Removal","floor":4.0,"gold_loss":0.0,"damage_taken":7.0},{"damage_healed":0.0,"max_hp_gain":0.0,"max_hp_loss":0.0,"gold_gain":0.0,"event_name":"Match and Keep!","player_choice":"0 cards matched","floor":5.0,"gold_loss":0.0,"damage_taken":0.0,"cards_obtained":[]},{"damage_healed":0.0,"max_hp_gain":0.0,"max_hp_loss":0.0,"gold_gain":75.0,"event_name":"World of Goop","player_choice":"Gather Gold","floor":12.0,"gold_loss":0.0,"damage_taken":11.0}],"is_beta":false,"boss_relics":[],"items_purged_floors":[13],"is_endless":false,"potions_floor_spawned":[1,14],"killed_by":"Slime Boss","ascension_level":20}}