{"host":"3c27c697js19kaoo","time":1608532885,"event":{"mods":["Aspiration","BaseMod","CapriCore","Dota2Spire","Hermit","Minty Spire (QoL Compilation)","Quick Restart","Remilia£®¿Ÿ√◊¿Ú—«£©","Replay The Spire","Robot Space Explorer","Spicy Shops","StSLib","The Alterego","The Cursed","The Runesmith","The Servant 0.9.4","vexMod","°æ“≈ŒÔø®≈∆°øREMEMod"],"gold_per_floor":[119,119,119,137,137,162,182,198,222,242,40,40,58,158,158,258,258,269,369,61,61,49,49,49],"floor_reached":23,"playtime":843,"items_purged":[],"score":241,"play_id":"c07b08b2-ecc1-42a5-8635-63ba844e21b8","local_time":"20201221144125","is_ascension_mode":false,"campfire_choices":[{"data":"Runesmith:UnlimitedPower","floor":15,"key":"SMITH"}],"circlet_count":0,"master_deck":["Runesmith:Strike_RS","Runesmith:Strike_RS","Runesmith:Strike_RS","Runesmith:Strike_RS+1","Runesmith:Defend_RS","Runesmith:Defend_RS","Runesmith:Defend_RS","Runesmith:Defend_RS","Runesmith:Fortify","Runesmith:UnlimitedPower+1","Runesmith:RuneHurl","ReplayTheSpireMod:Armaments MK-II-B+1","Runesmith:CraftIncendium","Runesmith:HammerThrow","Runesmith:ChiselStab","Runesmith:PoweredAnvil+1","Runesmith:ReplicatingBarrier","Runesmith:EarthShield+1"],"relics":["REME_ComplimentaryCards","NeowsBlessing","m_RuneBlood","Replay:Ringing Soul","vexMod:BarristanHead","Lee\u0027s Waffle","Replay:Bottled Snecko","aspiration:PoetsPen_weak","vexMod:RedPlottingStone","Blood Vial"],"acts_visited":["Exordium","TheCity"],"potions_floor_usage":[16],"damage_taken":[{"damage":0,"enemies":"Small Slimes","floor":1,"turns":2},{"damage":0,"enemies":"2 Louse","floor":4,"turns":1},{"damage":0,"enemies":"Gremlin Nob","floor":6,"turns":2},{"damage":6,"enemies":"Jaw Worm","floor":7,"turns":3},{"damage":3,"enemies":"Red Slaver","floor":8,"turns":6},{"damage":7,"enemies":"Blue Slaver","floor":10,"turns":4},{"damage":9,"enemies":"Exordium Thugs","floor":13,"turns":4},{"damage":19,"enemies":"Slime Boss","floor":16,"turns":9},{"damage":18,"enemies":"Shell Parasite","floor":18,"turns":5},{"damage":30,"enemies":"2 Thieves","floor":22,"turns":4},{"damage":54,"enemies":"Slavers","floor":23,"turns":3}],"seed_played":"353616420190494987","potions_obtained":[{"floor":1,"key":"DistilledChaos"},{"floor":6,"key":"Dexterity Potion"},{"floor":7,"key":"Languid Potion"},{"floor":18,"key":"SteroidPotion"}],"is_trial":false,"path_per_floor":["M","?","?","M","?","E","M","M","T","M","$","T","M","?","R","B",null,"M","?","$","T","M","E"],"character_chosen":"RUNESMITH_CLASS","items_purchased":["Lee\u0027s Waffle","Runesmith:PoweredAnvil+1","vexMod:RedPlottingStone"],"campfire_rested":0,"item_purchase_floors":[11,11,20],"current_hp_per_floor":[70,70,70,70,56,62,62,65,65,61,89,89,83,83,83,70,92,80,80,80,80,55,3,3],"gold":49,"neow_bonus":"THREE_ENEMY_KILL","is_daily":false,"chose_seed":false,"campfire_upgraded":1,"win_rate":0.0,"timestamp":1608532885,"path_taken":["M","?","?","M","?","E","M","M","T","?","$","?","M","?","R","BOSS","M","?","$","?","?","E"],"items_purchased_type":["Relic","Card","Relic"],"build_version":"2020-12-13","purchased_purges":0,"victory":false,"max_hp_per_floor":[70,70,70,70,70,73,76,79,79,79,89,89,89,89,89,92,92,95,95,95,95,95,95,95],"card_choices":[{"not_picked":["Runesmith:CraftProtectio","Runesmith:StaticCage"],"picked":"Runesmith:RuneHurl","floor":1},{"not_picked":["Runesmith:CraftFirestone","Runesmith:EnergizedChisel","Runesmith:ChargedHammer"],"picked":"SKIP","floor":4},{"not_picked":["Armaments","Runesmith:ChiselStab"],"picked":"Runesmith:CraftIncendium","floor":6},{"not_picked":["Runesmith:LastStand","Runesmith:FrozenChisel"],"picked":"Runesmith:HammerThrow","floor":7},{"not_picked":["Bash","Runesmith:ChaoticBlast"],"picked":"Runesmith:ChiselStab","floor":8},{"not_picked":["aspiration:UnbridledHammer","Runesmith:CraftVitae","Runesmith:WhiteBalance"],"picked":"SKIP","floor":10},{"not_picked":["Runesmith:Superposition","Runesmith:Grindstone","Runesmith:ChiselStab"],"picked":"SKIP","floor":13},{"not_picked":["Runesmith:Duplicate","Runesmith:CraftMedicinae"],"picked":"Runesmith:ReplicatingBarrier","floor":16},{"not_picked":["Runesmith:MakeshiftArmor","Runesmith:StaticCage"],"picked":"Runesmith:EarthShield+1","floor":18},{"not_picked":["Runesmith:CraftReservo","Runesmith:Superposition+1","Runesmith:CraftProtectio"],"picked":"SKIP","floor":22}],"player_experience":159974,"relics_obtained":[{"floor":6,"key":"Replay:Ringing Soul"},{"floor":9,"key":"vexMod:BarristanHead"},{"floor":12,"key":"Replay:Bottled Snecko"},{"floor":21,"key":"Blood Vial"}],"event_choices":[{"damage_healed":0,"gold_gain":0,"player_choice":"Entered Light","damage_taken":14,"max_hp_gain":0,"max_hp_loss":0,"event_name":"Shining Light","floor":5,"gold_loss":0,"cards_upgraded":["ReplayTheSpireMod:Armaments MK-II-B","Runesmith:Strike_RS"]},{"damage_healed":0,"gold_gain":100,"player_choice":"Pray","damage_taken":0,"max_hp_gain":0,"max_hp_loss":0,"event_name":"Golden Shrine","floor":14,"gold_loss":0},{"damage_healed":0,"gold_gain":100,"player_choice":"Pray","damage_taken":0,"max_hp_gain":0,"max_hp_loss":0,"event_name":"Golden Shrine","floor":19,"gold_loss":0}],"is_beta":false,"boss_relics":[{"not_picked":["Painkiller Herb","Runesmith:UraniumAnvil"],"picked":"aspiration:PoetsPen_weak"}],"items_purged_floors":[],"is_endless":false,"potions_floor_spawned":[1,6,7,18],"killed_by":"Slavers","ascension_level":0}}