{"host":"2l5k2wp87eek7qja","time":1608555499,"event":{"mods":["BaseMod","Colored Map","Minty Spire (QoL Compilation)","Relic Stats"],"gold_per_floor":[111,129,147,72,84,113,133,133,182,194,207,207,242,258,258,335,335,354,354,354,354,370,370,1,33,104,114,131,31,31,49,49,124,124,142,161,174,174,225,225,259,284,284,303,336,119,129,145,145,145,145,145,145,20,45,45],"floor_reached":57,"playtime":3182,"items_purged":["Pain","Strike_R","Strike_R"],"score":2725,"play_id":"5a3dd55e-c139-499f-acda-69767df28093","local_time":"20201221145819","is_ascension_mode":true,"campfire_choices":[{"data":"Uppercut","floor":8,"key":"SMITH"},{"data":"Iron Wave","floor":12,"key":"SMITH"},{"data":"Bash","floor":15,"key":"SMITH"},{"data":"RitualDagger","floor":23,"key":"SMITH"},{"data":"Apotheosis","floor":30,"key":"SMITH"},{"data":"Feel No Pain","floor":32,"key":"SMITH"},{"data":"Offering","floor":40,"key":"SMITH"},{"floor":49,"key":"RECALL"},{"data":"Limit Break","floor":53,"key":"SMITH"}],"circlet_count":0,"master_deck":["AscendersBane","Strike_R","Defend_R","Defend_R","Defend_R","Bash+1","Spot Weakness","Dropkick","Anger","Uppercut+1","Iron Wave+1","Sword Boomerang","Reaper","Feel No Pain+1","Offering+1","True Grit","RitualDagger+1","Shrug It Off","Apotheosis+1","Disarm","Burning Pact","Corruption","CurseOfTheBell","Heavy Blade","Shockwave","Pommel Strike+1","Sentinel","True Grit+1","Havoc","Battle Trance","Limit Break+1"],"relics":["Burning Blood","Ancient Tea Set","Bag of Marbles","Singing Bowl","Sozu","WarpedTongs","Pen Nib","Eternal Feather","Calling Bell","Bag of Preparation","Blue Candle","TungstenRod","Lizard Tail","Happy Flower","Gremlin Horn","Akabeko","ClockworkSouvenir","Bird Faced Urn"],"acts_visited":["Exordium","TheCity","TheBeyond","TheEnding"],"potions_floor_usage":[5,6,7,21,56],"damage_taken":[{"damage":2,"enemies":"Cultist","floor":1,"turns":4},{"damage":9,"enemies":"Jaw Worm","floor":2,"turns":4},{"damage":5,"enemies":"Small Slimes","floor":3,"turns":3},{"damage":5,"enemies":"Gremlin Gang","floor":5,"turns":6},{"damage":31,"enemies":"Gremlin Nob","floor":6,"turns":4},{"damage":5,"enemies":"Lots of Slimes","floor":7,"turns":4},{"damage":9,"enemies":"Large Slime","floor":10,"turns":5},{"damage":6,"enemies":"Looter","floor":11,"turns":3},{"damage":40,"enemies":"Lagavulin","floor":13,"turns":10},{"damage":16,"enemies":"Blue Slaver","floor":14,"turns":3},{"damage":43,"enemies":"Slime Boss","floor":16,"turns":11},{"damage":9,"enemies":"Shell Parasite","floor":18,"turns":2},{"damage":6,"enemies":"Spheric Guardian","floor":21,"turns":3},{"damage":24,"enemies":"Snecko","floor":22,"turns":5},{"damage":27,"enemies":"Slavers","floor":25,"turns":5},{"damage":26,"enemies":"Shelled Parasite and Fungi","floor":27,"turns":4},{"damage":6,"enemies":"Snake Plant","floor":28,"turns":1},{"damage":6,"enemies":"Snecko","floor":31,"turns":3},{"damage":74,"enemies":"Collector","floor":33,"turns":6},{"damage":14,"enemies":"Orb Walker","floor":35,"turns":4},{"damage":10,"enemies":"3 Shapes","floor":36,"turns":6},{"damage":13,"enemies":"Sphere and 2 Shapes","floor":37,"turns":4},{"damage":71,"enemies":"2 Orb Walkers","floor":39,"turns":7},{"damage":31,"enemies":"Reptomancer","floor":41,"turns":5},{"damage":14,"enemies":"4 Shapes","floor":44,"turns":6},{"damage":34,"enemies":"Nemesis","floor":45,"turns":9},{"damage":5,"enemies":"Spire Growth","floor":47,"turns":2},{"damage":5,"enemies":"Maw","floor":48,"turns":4},{"damage":23,"enemies":"Awakened One","floor":50,"turns":7},{"damage":73,"enemies":"Time Eater","floor":51,"turns":8},{"damage":5,"enemies":"Shield and Spear","floor":55,"turns":4},{"damage":59,"enemies":"The Heart","floor":56,"turns":7}],"seed_played":"-1937846130109524317","potions_obtained":[{"floor":1,"key":"Strength Potion"},{"floor":2,"key":"HeartOfIron"},{"floor":5,"key":"SmokeBomb"},{"floor":6,"key":"Strength Potion"},{"floor":13,"key":"FairyPotion"},{"floor":16,"key":"Dexterity Potion"}],"is_trial":false,"path_per_floor":["M","M","M","?","M","E","M","R","T","M","M","R","E","M","R","B",null,"M","?","?","M","M","R","$","E","T","M","M","$","R","M","R","B",null,"M","M","M","?","?","R","E","T","T","M","E","$","M","M","R","B","B",null,"R","$","E","B",null],"character_chosen":"IRONCLAD","items_purchased":["Apotheosis","Disarm","ClockworkSouvenir","Havoc"],"campfire_rested":0,"item_purchase_floors":[24,24,46,46],"current_hp_per_floor":[72,69,70,70,71,46,47,47,47,44,54,54,28,24,24,23,65,72,66,66,66,54,54,54,35,35,17,19,19,31,38,50,13,67,66,71,77,77,24,39,56,56,56,57,44,44,45,53,71,72,33,75,89,89,91,68],"gold":45,"neow_bonus":"REMOVE_CARD","is_daily":false,"chose_seed":false,"campfire_upgraded":8,"win_rate":0.0,"timestamp":1608555499,"path_taken":["M","M","?","?","M","E","M","R","T","M","M","R","E","M","R","BOSS","M","?","?","?","?","R","$","E","T","M","M","$","R","M","R","BOSS","M","M","M","?","?","R","E","?","T","M","E","$","M","?","R","BOSS","BOSS","R","$","E","BOSS"],"items_purchased_type":["Card","Card","Relic","Card"],"build_version":"2020-12-13","purchased_purges":3,"victory":true,"max_hp_per_floor":[75,75,75,75,75,75,75,75,75,75,75,75,77,79,79,79,79,79,79,79,79,79,79,79,81,81,83,85,85,85,85,85,85,85,85,85,85,85,85,85,85,85,85,87,89,89,89,89,89,89,89,89,89,89,91,91],"relic_stats":{"Singing Bowl":16,"Happy Flower":[15],"Gremlin Horn":[7,7],"counters":[32,159],"Blue Candle":[10],"Eternal Feather":71,"Pen Nib":[18],"Bag of Preparation":[26],"Burning Blood":186,"WarpedTongs":[41],"Sozu":7,"Lizard Tail":0,"Bird Faced Urn":[3],"obtain_stats":[{"Singing Bowl":13,"Happy Flower":41,"Gremlin Horn":43,"Blue Candle":34,"Eternal Feather":26,"Pen Nib":25,"Bag of Preparation":34,"Ancient Tea Set":6,"Burning Blood":0,"Akabeko":45,"WarpedTongs":20,"ClockworkSouvenir":46,"Sozu":17,"Calling Bell":34,"Lizard Tail":39,"Bird Faced Urn":55,"Bag of Marbles":9,"TungstenRod":34},{"Singing Bowl":9,"Happy Flower":24,"Gremlin Horn":24,"Blue Candle":19,"Eternal Feather":15,"Pen Nib":15,"Bag of Preparation":19,"Ancient Tea Set":5,"Burning Blood":0,"Akabeko":26,"WarpedTongs":12,"ClockworkSouvenir":26,"Sozu":11,"Calling Bell":19,"Lizard Tail":23,"Bird Faced Urn":31,"Bag of Marbles":6,"TungstenRod":19},{"Singing Bowl":43,"Happy Flower":112,"Gremlin Horn":112,"Blue Candle":86,"Eternal Feather":72,"Pen Nib":72,"Bag of Preparation":86,"Ancient Tea Set":21,"Burning Blood":0,"Akabeko":127,"WarpedTongs":59,"ClockworkSouvenir":127,"Sozu":57,"Calling Bell":86,"Lizard Tail":107,"Bird Faced Urn":152,"Bag of Marbles":25,"TungstenRod":86}],"TungstenRod":73},"card_choices":[{"not_picked":["Armaments","Headbutt"],"picked":"Spot Weakness","floor":1},{"not_picked":["Second Wind","Clash"],"picked":"Dropkick","floor":2},{"not_picked":["Pommel Strike","Headbutt"],"picked":"Anger","floor":3},{"not_picked":["Second Wind","Pommel Strike"],"picked":"Uppercut","floor":5},{"not_picked":["Armaments","Ghostly Armor"],"picked":"Iron Wave","floor":6},{"not_picked":["True Grit","Twin Strike"],"picked":"Sword Boomerang","floor":7},{"not_picked":["Flex","Wild Strike"],"picked":"Reaper","floor":10},{"not_picked":["Pummel","Wild Strike"],"picked":"Feel No Pain","floor":11},{"not_picked":["Clash","Sword Boomerang","Rage"],"picked":"Singing Bowl","floor":13},{"not_picked":["Wild Strike","Flex","Pommel Strike"],"picked":"Singing Bowl","floor":14},{"not_picked":["Barricade","Demon Form"],"picked":"Offering","floor":16},{"not_picked":["Intimidate","Pommel Strike"],"picked":"True Grit","floor":18},{"not_picked":["Twin Strike","Pommel Strike"],"picked":"Shrug It Off","floor":22},{"not_picked":["Seeing Red","Warcry","Headbutt"],"picked":"Singing Bowl","floor":25},{"not_picked":["Seeing Red","Infernal Blade","Anger"],"picked":"Singing Bowl","floor":27},{"not_picked":["Cleave","Armaments","Blood for Blood"],"picked":"Singing Bowl","floor":28},{"not_picked":["Pommel Strike","Warcry"],"picked":"Burning Pact","floor":31},{"not_picked":["Impervious","Juggernaut"],"picked":"Corruption","floor":33},{"not_picked":["Rampage+1","Pummel"],"picked":"Heavy Blade","floor":35},{"not_picked":["Combust","Pummel"],"picked":"Shockwave","floor":36},{"not_picked":["Rupture","Rampage"],"picked":"Pommel Strike+1","floor":37},{"not_picked":["Perfected Strike","Reckless Charge"],"picked":"Sentinel","floor":39},{"not_picked":["Sword Boomerang","Rage"],"picked":"True Grit+1","floor":41},{"not_picked":["Hemokinesis","Rage","Warcry"],"picked":"Singing Bowl","floor":44},{"not_picked":["True Grit","Flex+1","Twin Strike"],"picked":"Singing Bowl","floor":45},{"not_picked":["Body Slam","Bloodletting"],"picked":"Battle Trance","floor":47},{"not_picked":["Fire Breathing","Seeing Red"],"picked":"Limit Break","floor":48},{"not_picked":["Rupture+1","Perfected Strike","Thunderclap+1"],"picked":"Singing Bowl","floor":55}],"player_experience":782155,"relics_obtained":[{"floor":6,"key":"Ancient Tea Set"},{"floor":9,"key":"Bag of Marbles"},{"floor":13,"key":"Singing Bowl"},{"floor":25,"key":"Pen Nib"},{"floor":26,"key":"Eternal Feather"},{"floor":34,"key":"Bag of Preparation"},{"floor":34,"key":"Blue Candle"},{"floor":34,"key":"TungstenRod"},{"floor":39,"key":"Lizard Tail"},{"floor":41,"key":"Happy Flower"},{"floor":43,"key":"Gremlin Horn"},{"floor":45,"key":"Akabeko"},{"floor":55,"key":"Bird Faced Urn"}],"event_choices":[{"cards_removed":["Strike_R"],"damage_healed":0,"gold_gain":0,"player_choice":"Card Removal","damage_taken":0,"max_hp_gain":0,"max_hp_loss":0,"event_name":"The Cleric","floor":4,"gold_loss":75},{"damage_healed":0,"gold_gain":0,"player_choice":"Joined the Cult","damage_taken":6,"max_hp_gain":0,"max_hp_loss":0,"event_name":"Nest","floor":19,"gold_loss":0,"cards_obtained":["RitualDagger"]},{"damage_healed":0,"gold_gain":0,"player_choice":"Rummage","damage_taken":0,"relics_obtained":["WarpedTongs"],"max_hp_gain":0,"max_hp_loss":0,"event_name":"Accursed Blacksmith","floor":20,"gold_loss":0,"cards_obtained":["Pain"]},{"cards_removed":["Defend_R"],"damage_healed":0,"gold_gain":0,"player_choice":"Removed Skill","damage_taken":0,"max_hp_gain":0,"max_hp_loss":0,"event_name":"Falling","floor":38,"gold_loss":0},{"damage_healed":0,"gold_gain":0,"player_choice":"Fight","damage_taken":0,"max_hp_gain":0,"max_hp_loss":0,"event_name":"Mysterious Sphere","floor":39,"gold_loss":0}],"is_beta":false,"boss_relics":[{"not_picked":["Ectoplasm","Mark of Pain"],"picked":"Sozu"},{"not_picked":["SacredBark","Black Star"],"picked":"Calling Bell"}],"items_purged_floors":[24,29,54],"is_endless":false,"potions_floor_spawned":[1,2,5,6,13,16,25,27,31,33,35,36,47],"ascension_level":20}}