{"host":"5jn3rki867005t18","time":1608528690,"event":{"mods":["AchievementEnabler","BaseMod","Colored Map","Minty Spire (QoL Compilation)","Rare Cards Sparkle","StSLib","SuperFastMode"],"gold_per_floor":[114,128,147,164,164,164,195,18,18,18,34,47,66,86,86,86,86],"floor_reached":16,"playtime":805,"items_purged":[],"score":106,"play_id":"34fe157d-497a-4334-a932-d3230dc108b7","local_time":"20201221143130","is_ascension_mode":false,"campfire_choices":[{"data":"Blood for Blood","floor":6,"key":"SMITH"},{"data":"Demon Form","floor":10,"key":"SMITH"},{"floor":15,"key":"REST"}],"circlet_count":0,"master_deck":["Strike_R","Strike_R","Strike_R","Strike_R","Defend_R","Defend_R","Defend_R","Defend_R","Bash","Blood for Blood+1","Infernal Blade","Feel No Pain","Heavy Blade","Sever Soul","Demon Form+1","True Grit","Spot Weakness","Armaments","Iron Wave","Headbutt"],"relics":["Burning Blood","Happy Flower","Letter Opener","Vajra","Bottled Flame"],"acts_visited":["Exordium"],"potions_floor_usage":[16],"damage_taken":[{"damage":3.0,"enemies":"Small Slimes","floor":1.0,"turns":4.0},{"damage":6,"enemies":"Cultist","floor":2,"turns":4},{"damage":15,"enemies":"Jaw Worm","floor":3,"turns":5},{"damage":11,"enemies":"3 Louse","floor":4,"turns":4},{"damage":26,"enemies":"Lagavulin","floor":7,"turns":7},{"damage":0,"enemies":"Large Slime","floor":11,"turns":7},{"damage":23,"enemies":"Lots of Slimes","floor":12,"turns":4},{"damage":9,"enemies":"3 Louse","floor":13,"turns":4},{"damage":14,"enemies":"Large Slime","floor":14,"turns":5},{"damage":55,"enemies":"Slime Boss","floor":16,"turns":7}],"seed_played":"5929471954923988491","potions_obtained":[{"floor":1.0,"key":"Block Potion"},{"floor":4,"key":"BlessingOfTheForge"},{"floor":11,"key":"BlessingOfTheForge"}],"is_trial":false,"path_per_floor":["M","M","M","M","?","R","E","$","T","R","M","M","M","M","R","B"],"character_chosen":"IRONCLAD","items_purchased":["True Grit","Vajra"],"campfire_rested":1,"item_purchase_floors":[8,8],"current_hp_per_floor":[80,80,71,66,66,66,46,46,46,46,52,35,32,24,48,0,0],"gold":86,"neow_bonus":"TRANSFORM_CARD","is_daily":false,"chose_seed":false,"campfire_upgraded":2,"win_rate":0.0,"timestamp":1608528690,"path_taken":["M","M","M","M","?","R","E","?","T","R","M","M","?","M","R","BOSS"],"items_purchased_type":["Card","Relic"],"build_version":"2020-12-13","purchased_purges":0,"victory":false,"max_hp_per_floor":[80,80,80,80,80,80,80,80,80,80,80,80,80,80,80,80,80],"card_choices":[{"not_picked":["Burning Pact","Shrug It Off"],"picked":"Infernal Blade","floor":1.0},{"not_picked":["Fire Breathing","Armaments"],"picked":"Feel No Pain","floor":2},{"not_picked":["Anger","Clothesline"],"picked":"Heavy Blade","floor":3},{"not_picked":["Combust","Iron Wave"],"picked":"Sever Soul","floor":4},{"not_picked":["Infernal Blade","Intimidate"],"picked":"Demon Form","floor":7},{"not_picked":["Perfected Strike","Twin Strike"],"picked":"Spot Weakness","floor":11},{"not_picked":["Flex","Pummel"],"picked":"Armaments","floor":12},{"not_picked":["Cleave","Sword Boomerang"],"picked":"Iron Wave","floor":13},{"not_picked":["Heavy Blade","True Grit"],"picked":"Headbutt","floor":14}],"player_experience":26024,"relics_obtained":[{"floor":7,"key":"Letter Opener"},{"floor":9,"key":"Bottled Flame"}],"event_choices":[{"damage_healed":0,"gold_gain":0,"player_choice":"Gave Potion","damage_taken":0,"relics_obtained":["Happy Flower"],"max_hp_gain":0,"max_hp_loss":0,"event_name":"WeMeetAgain","floor":5,"gold_loss":0}],"is_beta":false,"boss_relics":[],"items_purged_floors":[],"is_endless":false,"potions_floor_spawned":[1,4,11],"killed_by":"Slime Boss","ascension_level":0}}