{"host":"ssviq0y9yg8c9gbe","time":1608534813,"event":{"mods":["AchievementEnabler","Act Like it!","BaseMod","Colored Map","Colored Powertips","Downfall","Highlight Path","Hubris","Minty Spire (QoL Compilation)","Replay The Spire","StSLib"],"gold_per_floor":[109,109,129,143,163,163,64,94,94,94,94,94,94,126,126,225,225,243,243,232,290,310,310,310,310,310,325,351,379,403,426,453,473,473,483,483],"floor_reached":35,"playtime":2307,"items_purged":[],"score":328,"play_id":"270a5699-5d81-4c91-bb7f-5f925af6feb8","local_time":"20201221021333","is_ascension_mode":true,"campfire_choices":[{"data":"Eruption","floor":6,"key":"SMITH"},{"floor":15,"key":"REST"},{"floor":23,"key":"REST"},{"floor":26,"key":"REST"},{"floor":34,"key":"REST"}],"circlet_count":0,"master_deck":["Strike_P","Strike_P","Strike_P","Defend_P","Defend_P","Defend_P","Defend_P","Vigilance","PathToVictory","EmptyFist","MentalFortress","Consecrate","SandsOfTime","Worship+1","FlurryOfBlows","Establishment","Weave+1","Sanctity+1","Wish+1","Prostrate","Replay:DivineShield+1","CutThroughFate","LikeWater+1","FollowUp+1","Halt","WaveOfTheHand+1","DeusExMachina","Consecrate","ThirdEye+1"],"relics":["PureWater","Peace Pipe","The Courier","hubris:Icosahedron","Gremlin Horn","Bag of Marbles","Astrolabe","ReplayTheSpireMod:Shallot","Juzu Bracelet","Replay:Bandana"],"acts_visited":["Exordium","TheCity"],"potions_floor_usage":[7,8,8,22,32,35],"damage_taken":[{"damage":4,"enemies":"2 Louse","floor":1,"turns":3},{"damage":0,"enemies":"Small Slimes","floor":3,"turns":3},{"damage":0,"enemies":"Cultist","floor":4,"turns":4},{"damage":0,"enemies":"Large Slime","floor":5,"turns":6},{"damage":15,"enemies":"Lagavulin","floor":8,"turns":5},{"damage":54,"enemies":"Gremlin Nob","floor":14,"turns":6},{"damage":39,"enemies":"Slime Boss","floor":16,"turns":9},{"damage":4,"enemies":"Shell Parasite","floor":18,"turns":5},{"damage":26,"enemies":"2 Thieves","floor":20,"turns":4},{"damage":1,"enemies":"Centurion and Healer","floor":22,"turns":7},{"damage":15,"enemies":"Snake Plant","floor":27,"turns":7},{"damage":7,"enemies":"Replay:Snechameleon","floor":29,"turns":8},{"damage":15,"enemies":"Snecko","floor":30,"turns":7},{"damage":35,"enemies":"3 Cultists","floor":31,"turns":10},{"damage":12,"enemies":"Snake Plant","floor":32,"turns":6},{"damage":0,"enemies":"Centurion and Healer","floor":33,"turns":8},{"damage":35,"enemies":"hubris:MusketHawk","floor":35,"turns":8}],"seed_played":"-7079369538433381268","potions_obtained":[{"floor":3,"key":"Guardian:BlockOnCardUsePotion"},{"floor":4,"key":"Swift Potion"},{"floor":5,"key":"Energy Potion"},{"floor":18,"key":"Block Potion"},{"floor":31,"key":"SkillPotion"},{"floor":33,"key":"Milkshake"}],"is_trial":false,"path_per_floor":["M","?","M","M","M","R","$","E","T","?","$","?","T","E","R","B",null,"M","?","M","?","M","R","PTL","PTL","R","M","T","E","M","M","M","M","R","B"],"character_chosen":"WATCHER","items_purchased":["Fruit Juice"],"campfire_rested":4,"item_purchase_floors":[7],"current_hp_per_floor":[82,82,82,82,82,82,87,72,72,72,72,72,72,18,45,6,91,87,87,61,39,38,65,65,65,91,76,76,69,54,19,7,7,34,0,0],"gold":483,"neow_bonus":"TWENTY_PERCENT_HP_BONUS","is_daily":false,"chose_seed":false,"campfire_upgraded":1,"win_rate":0.0,"timestamp":1608534813,"path_taken":["M","?","M","M","M","R","$","E","T","?","$","?","?","E","R","BOSS","M","?","M","?","M","R","PTL","PTL","R","M","T","E","M","M","M","M","R","BOSS"],"items_purchased_type":["Potion"],"build_version":"2020-12-13","purchased_purges":0,"victory":false,"max_hp_per_floor":[86,86,86,86,86,86,91,91,91,91,91,91,91,91,91,91,91,91,91,91,91,91,91,91,91,91,91,91,91,91,91,91,91,91,91,91],"card_choices":[{"not_picked":["EmptyFist","CrushJoints"],"picked":"PathToVictory","floor":1},{"not_picked":["Adaptation","EmptyBody"],"picked":"EmptyFist","floor":3},{"not_picked":["Swivel","FlyingSleeves"],"picked":"MentalFortress","floor":4},{"not_picked":["SashWhip","Replay:Cycle"],"picked":"Consecrate","floor":5},{"not_picked":["DeceiveReality","Replay:Hum"],"picked":"SandsOfTime","floor":8},{"not_picked":["Replay:ManipulateFuture","Adaptation"],"picked":"FlurryOfBlows","floor":14},{"not_picked":["Alpha","Brilliance"],"picked":"Establishment","floor":16},{"not_picked":["EmptyBody","Consecrate"],"picked":"Prostrate","floor":18},{"not_picked":["Replay:Cycle","WaveOfTheHand"],"picked":"Replay:DivineShield+1","floor":20},{"not_picked":["MasterReality","EmptyFist"],"picked":"CutThroughFate","floor":21},{"not_picked":["SashWhip","Halt+1"],"picked":"LikeWater+1","floor":21},{"not_picked":["CutThroughFate","Weave+1"],"picked":"FollowUp+1","floor":22},{"not_picked":["Study","Replay:Battleflow+1"],"picked":"Halt","floor":27},{"not_picked":["Fasting2+1","Replay:AtTheReady"],"picked":"WaveOfTheHand+1","floor":29},{"not_picked":["ClearTheMind","Halt+1"],"picked":"DeusExMachina","floor":30},{"not_picked":["Replay:AtTheReady","Scrawl"],"picked":"Consecrate","floor":31},{"not_picked":["Prostrate","Halt","ClearTheMind"],"picked":"SKIP","floor":32},{"not_picked":["FearNoEvil","CutThroughFate"],"picked":"ThirdEye+1","floor":33}],"player_experience":130514,"relics_obtained":[{"floor":8,"key":"Peace Pipe"},{"floor":9,"key":"The Courier"},{"floor":13,"key":"Gremlin Horn"},{"floor":14,"key":"Bag of Marbles"},{"floor":21,"key":"ReplayTheSpireMod:Shallot"},{"floor":28,"key":"Juzu Bracelet"},{"floor":29,"key":"Replay:Bandana"}],"event_choices":[{"damage_healed":0,"gold_gain":0,"player_choice":"Ignored","damage_taken":0,"max_hp_gain":0,"max_hp_loss":0,"event_name":"Liars Game","floor":2,"gold_loss":0},{"damage_healed":0,"gold_gain":0,"player_choice":"Ignored","damage_taken":0,"max_hp_gain":0,"max_hp_loss":0,"event_name":"Cursed Tome","floor":19,"gold_loss":0}],"is_beta":false,"boss_relics":[{"not_picked":["Runic Dome","hubris:GrandSneckoEye"],"picked":"Astrolabe"}],"items_purged_floors":[],"is_endless":false,"potions_floor_spawned":[3,4,5,18,31,33],"killed_by":"hubris:MusketHawk","ascension_level":1}}