{"host":"7t8rqoeeopyy0nh0","time":1608539927,"event":{"mods":["AchievementEnabler","BaseMod","Better Third Choice","BetterRewards","Colored Map","Colored Powertips","Downfall","Hubris","Infinite Spire","Minty Spire (QoL Compilation)","Replay The Spire","StSLib"],"gold_per_floor":[109,109,33,46,62,62,62,91,118,118,51,51,51,1,1,97,97,112,122,47,59,59,93,93,125,174,174,187,212,8,27,27,27,27],"floor_reached":33,"playtime":1631,"items_purged":["Strike_B"],"score":501,"play_id":"5f1bca10-2807-49e0-a025-699e65606c3d","local_time":"20201221033847","is_ascension_mode":true,"campfire_choices":[{"floor":6,"key":"REST"},{"floor":10,"key":"REST"},{"floor":15,"key":"REST"},{"floor":24,"key":"REST"},{"data":"Replay:SS_forest_6","floor":32,"key":"SMITH"}],"circlet_count":0,"master_deck":["Strike_B","Defend_B","Defend_B","Defend_B","Defend_B","Zap","Dualcast","Creative AI","Coolheaded","Storm","Pot Of Greed","Pot Of Greed","Creative AI+1","Ball Lightning","Cold Snap","Replay:SS_forest_6+1","FIFO Queue","Crystallizer+1","Cold Snap+1","Barrage","Heatsinks","Mirror Shield","Reinforced Body","Pot Of Greed","Hologram","Coolheaded+1","BasicCrystalCard","Core Surge"],"relics":["Cracked Core","Geode","Grinning Jar","Cables","hubris:TinFlute","hubris:Towel","Replay:Mystery Machine","Bag of Preparation","hubris:ToyBattleship","Philosopher\u0027s Stone","Lizard Tail","Blue Doll","Regal Pillow","Onion Ring"],"acts_visited":["Exordium","TheCity"],"potions_floor_usage":[16,23,23,29,29,31,31],"damage_taken":[{"damage":8,"enemies":"2 Louse","floor":1,"turns":2},{"damage":0,"enemies":"Small Slimes","floor":4,"turns":3},{"damage":6,"enemies":"Cultist","floor":5,"turns":4},{"damage":20,"enemies":"Gremlin Nob","floor":8,"turns":4},{"damage":33,"enemies":"The Guardian","floor":16,"turns":8},{"damage":14,"enemies":"Shell Parasite","floor":18,"turns":6},{"damage":0,"enemies":"Spheric Guardian","floor":19,"turns":3},{"damage":14,"enemies":"Centurion and Healer","floor":21,"turns":5},{"damage":33,"enemies":"Gremlin Leader","floor":23,"turns":7},{"damage":54,"enemies":"Slavers","floor":25,"turns":7},{"damage":22,"enemies":"Snecko","floor":28,"turns":5},{"damage":51,"enemies":"Gremlin Leader","floor":29,"turns":10},{"damage":2,"enemies":"Chosen and Byrds","floor":31,"turns":4},{"damage":49,"enemies":"Champ","floor":33,"turns":12}],"seed_played":"-8188455821578446644","potions_obtained":[{"floor":4,"key":"GamblersBrew"},{"floor":8,"key":"FocusPotion"},{"floor":16,"key":"DuplicationPotion"},{"floor":18,"key":"FocusPotion"},{"floor":25,"key":"Regen Potion"},{"floor":28,"key":"FairyPotion"}],"is_trial":false,"path_per_floor":["M","?","$","M","M","R","?","E","T","R","$","?","?","?","R","B",null,"M","M","?","M","?","E","R","E","T","?","M","E","$","M","R","B"],"character_chosen":"DEFECT","items_purchased":["Creative AI","Coolheaded","Geode","Storm","Grinning Jar","Creative AI","Ball Lightning","Cold Snap","Cables","FIFO Queue","Heatsinks","DistilledChaos","Fire Potion"],"campfire_rested":4,"item_purchase_floors":[0,0,0,0,0,0,0,0,0,3,11,30,30],"current_hp_per_floor":[13,13,13,21,23,45,45,25,25,47,47,40,25,25,47,22,62,56,64,64,50,50,17,39,51,51,51,37,1,1,30,30,0,0],"gold":27,"neow_bonus":"","is_daily":false,"chose_seed":false,"campfire_upgraded":1,"win_rate":0.0,"timestamp":1608539927,"path_taken":["M","?","$","M","M","R","?","E","T","R","$","?","?","?","R","BOSS","M","?","?","M","?","E","R","E","T","?","M","E","$","M","R","BOSS"],"items_purchased_type":["Card","Card","Relic","Card","Relic","Card","Card","Card","Relic","Card","Card","Potion","Potion"],"build_version":"2020-12-13","purchased_purges":1,"victory":false,"max_hp_per_floor":[75,75,75,75,75,75,75,75,75,75,75,75,75,75,75,75,75,75,75,75,75,75,75,75,75,75,75,75,75,75,75,75,75,75],"card_choices":[{"not_picked":["Redo","Skim","Beam Cell"],"picked":"SKIP","floor":1},{"not_picked":["Steam","Hello World"],"picked":"Crystallizer","floor":4},{"not_picked":["Streamline","Gash"],"picked":"Cold Snap","floor":5},{"not_picked":["Hello World","Go for the Eyes"],"picked":"Barrage","floor":8},{"not_picked":["Core Surge","Meteor Strike"],"picked":"Mirror Shield","floor":16},{"not_picked":["Streamline","Time Bomb+1"],"picked":"Reinforced Body","floor":18},{"not_picked":["Compile Driver","Cold Snap","Barrage"],"picked":"SKIP","floor":19},{"not_picked":["ReplayTheSpireMod:System Scan","Static Discharge"],"picked":"Hologram","floor":21},{"not_picked":["BasicCrystalCard","Steam"],"picked":"Coolheaded+1","floor":23},{"not_picked":["Stack","Double Energy","Recycle"],"picked":"SKIP","floor":25},{"not_picked":["FTL+1","Rebound+1"],"picked":"BasicCrystalCard","floor":28},{"not_picked":["Panic Button+1","Stack+1"],"picked":"Core Surge","floor":29},{"not_picked":["Hologram+1","Sweeping Beam+1","Storm"],"picked":"SKIP","floor":31}],"player_experience":354629,"relics_obtained":[{"floor":8,"key":"Replay:Mystery Machine"},{"floor":9,"key":"Bag of Preparation"},{"floor":23,"key":"Lizard Tail"},{"floor":25,"key":"Blue Doll"},{"floor":26,"key":"Regal Pillow"},{"floor":29,"key":"Onion Ring"}],"event_choices":[{"cards_removed":["Strike_B"],"damage_healed":0,"gold_gain":0,"player_choice":"Card Removal","damage_taken":7,"max_hp_gain":0,"max_hp_loss":0,"event_name":"Golden Wing","floor":12,"gold_loss":0},{"damage_healed":40,"gold_gain":0,"player_choice":"Upgrade","damage_taken":15,"max_hp_gain":0,"max_hp_loss":75,"event_name":"betterThird:BetterShining","floor":13,"gold_loss":0,"cards_upgraded":["Crystallizer","Cold Snap"]},{"damage_healed":0,"gold_gain":0,"player_choice":"Paid Gold","damage_taken":0,"relics_obtained":["hubris:ToyBattleship"],"max_hp_gain":0,"max_hp_loss":0,"event_name":"WeMeetAgain","floor":14,"gold_loss":50},{"cards_removed":["Strike_B"],"damage_healed":0,"gold_gain":0,"player_choice":"Gave Gold","damage_taken":0,"max_hp_gain":0,"max_hp_loss":0,"event_name":"Beggar","floor":20,"gold_loss":75},{"damage_healed":0,"gold_gain":0,"player_choice":"Upgraded","damage_taken":0,"max_hp_gain":0,"max_hp_loss":0,"event_name":"Upgrade Shrine","floor":27,"gold_loss":0,"cards_upgraded":["Creative AI"]}],"is_beta":false,"boss_relics":[{"not_picked":["Coffee Dripper","hubris:Backtick"],"picked":"Philosopher\u0027s Stone"}],"items_purged_floors":[30],"is_endless":false,"potions_floor_spawned":[4,8,16,18,25,28],"killed_by":"Champ","ascension_level":5}}