{"host":"7gewg82ormp6yt4e","time":1608553633,"event":{"mods":["BaseMod","Block Reminder","Colored Map","Colored Powertips","DeckTracker","Highlight Path","Minty Spire (QoL Compilation)","Relic Stats","StSLib"],"gold_per_floor":[118,136,286,51,69,69,13,13,39,39,39],"floor_reached":10,"playtime":270,"items_purged":["Doubt"],"score":112,"play_id":"d56dfd68-8c09-424d-8170-d34ac12af0c4","local_time":"20201221212713","is_ascension_mode":true,"campfire_choices":[{"data":"Wraith Form v2","floor":6,"key":"SMITH"}],"circlet_count":0,"master_deck":["AscendersBane","Strike_G","Strike_G","Strike_G","Strike_G","Strike_G","Defend_G","Defend_G","Defend_G","Defend_G","Defend_G","Survivor","Neutralize","Writhe","Wraith Form v2+1","Bouncing Flask","Leg Sweep","Dagger Throw"],"relics":["Ring of the Snake","Happy Flower","Pen Nib","Blood Vial"],"acts_visited":["Exordium"],"potions_floor_usage":[10,10],"damage_taken":[{"damage":14,"enemies":"Cultist","floor":1,"turns":5},{"damage":6,"enemies":"Jaw Worm","floor":2,"turns":4},{"damage":5,"enemies":"2 Louse","floor":5,"turns":4},{"damage":43,"enemies":"Gremlin Nob","floor":10,"turns":4}],"seed_played":"295048465474622995","potions_obtained":[{"floor":5,"key":"Block Potion"}],"is_trial":false,"path_per_floor":["M","M","?","$","M","R","$","?","T","E"],"character_chosen":"THE_SILENT","items_purchased":["Happy Flower","BlessingOfTheForge"],"campfire_rested":0,"item_purchase_floors":[4,7],"current_hp_per_floor":[45,39,39,39,34,34,34,29,29,0,0],"gold":39,"neow_bonus":"THREE_RARE_CARDS","is_daily":false,"chose_seed":false,"campfire_upgraded":1,"win_rate":0.0,"timestamp":1608553633,"path_taken":["M","?","?","$","M","R","?","?","T","E"],"items_purchased_type":["Relic","Potion"],"build_version":"2020-12-13","purchased_purges":1,"victory":false,"max_hp_per_floor":[66,66,66,66,66,66,66,66,66,66,66],"relic_stats":{"Blood Vial":2,"Happy Flower":[2],"counters":[4,17],"Pen Nib":[0],"obtain_stats":[{"Blood Vial":9,"Happy Flower":4,"Pen Nib":8,"Ring of the Snake":0},{"Blood Vial":3,"Happy Flower":2,"Pen Nib":3,"Ring of the Snake":0},{"Blood Vial":13,"Happy Flower":9,"Pen Nib":13,"Ring of the Snake":0}],"Ring of the Snake":[8]},"card_choices":[{"not_picked":["Envenom","Night Terror"],"picked":"Wraith Form v2","floor":0},{"not_picked":["Cloak And Dagger","Backflip"],"picked":"Bouncing Flask","floor":1},{"not_picked":["Cloak And Dagger","Flechettes"],"picked":"Leg Sweep","floor":2},{"not_picked":["Slice","Deflect"],"picked":"Dagger Throw","floor":5}],"player_experience":2414215,"relics_obtained":[{"floor":9,"key":"Blood Vial"}],"event_choices":[{"damage_healed":0,"gold_gain":150,"player_choice":"AGREE","damage_taken":0,"max_hp_gain":0,"max_hp_loss":0,"event_name":"Liars Game","floor":3,"gold_loss":0,"cards_obtained":["Doubt"]},{"damage_healed":0,"gold_gain":0,"player_choice":"Success","damage_taken":5,"relics_obtained":["Pen Nib"],"max_hp_gain":0,"max_hp_loss":0,"event_name":"Scrap Ooze","floor":8,"gold_loss":0}],"is_beta":false,"boss_relics":[],"items_purged_floors":[4],"is_endless":false,"potions_floor_spawned":[5],"killed_by":"Gremlin Nob","ascension_level":20}}