{"host":"ocy7z4248lncoz2b","time":1608520082,"event":{"mods":["BaseMod","Beaked The Cultist","Bestiary","Better Match","Better Sensory Stone","Better Third Choice","BetterRewards","Clockwork Mod","Colored Map","Colored Powertips","Conspire","Curses Come First","Downfall","Friendly Minions","Gremlin Mod","Highlight Path","Hubris","Infinite Spire","Jorbs\u0027s Wanderer Trilogy","Marisa????????","Mimic Mod","Minty Spire (QoL Compilation)","READ ME - Guardian Mod","Rare Cards Sparkle","Replay The Spire","Shop Mod","Spicy Shops","Spikes Relics","StSLib","SuperFastMode","The Administrix","The Blue Laboratory","The Construct","The Jungle","The Servant 0.9.4","The Wild Card","WarShipGirlsR/????R mod"],"gold_per_floor":[99,99,99,99,99,99,136,136,167,167,167,1,18,18,37,135,135,135,135,135,135,150,150,150,160,85,113,125,125,4,16,26,128,128,128,146,158,189,189,201,201,217,250,269,285,285,305,355,372,372],"floor_reached":51,"playtime":3509,"items_purged":["Gremlin:Strike"],"score":925,"play_id":"a02eee9d-fb3f-4f7e-9244-ef67df63a08d","local_time":"20201221120802","is_ascension_mode":false,"campfire_choices":[{"data":"Gremlin:TagTeam","floor":1,"key":"SMITH"},{"data":"Gremlin:Defend","floor":3,"key":"SMITH"},{"data":"Gremlin:Jeer","floor":5,"key":"SMITH"}],"circlet_count":0,"master_deck":["Gremlin:Strike","Gremlin:Strike+1","Gremlin:Strike+1","Gremlin:Defend+1","Gremlin:Defend","Gremlin:Defend","Gremlin:Defend","Gremlin:TagTeam+1","Gremlin:GremlinDance","Gremlin:ArmsTheft","Gremlin:BulkUp","Gremlin:GremlinToss","Gremlin:Heckle","Gremlin:InfiniteBlocks","Gremlin:Tadah","Gremlin:RageBreak","Gremlin:GlitterGuard","Gremlin:ShadowShiv","ReplayTheSpireMod:Book of Names+1","Gremlin:Astound","Gremlin:ShankStone","Gremlin:AggressiveDefense+1","Gremlin:Polish","Gremlin:Enthusiasm+1","Gremlin:BubbleBarrier","Gremlin:CongaLine","Feed","Gremlin:Irritability+1","Gremlin:EdibleArmor","Gremlin:GremlinMeal+1","Gremlin:GremlinArms"],"relics":["Gremlin:GremlinKnob","downfall:HeartsMalice","Whetstone","RetroEgg","ReplayTheSpireMod:Lightbulb","hubris:Backtick","beaked:MendingPlumage","CosmicIsotope","Chemical X","CrustySpines","downfall:HeartBlessingGreen","Boot","conspire:GlowingRock","Replay:Grab Bag","Philosopher\u0027s Stone","Busted Crown","beaked:SacredDeck","Juzu Bracelet","Oddly Smooth Stone","Ancient Tea Set","hubris:Towel","Replay:Kaleidoscope"],"acts_visited":["Exordium","TheCity","TheBeyond"],"potions_floor_usage":[16,31,32,42,44,47],"damage_taken":[{"damage":0,"enemies":"2 Louse","floor":4,"turns":1},{"damage":0,"enemies":"conspire:RoseBush","floor":6,"turns":1},{"damage":0,"enemies":"Jaw Worm","floor":7,"turns":1},{"damage":9,"enemies":"Replay:BlueRogue","floor":9,"turns":7},{"damage":0,"enemies":"downfall:FleeingMerchant","floor":12,"turns":4},{"damage":3,"enemies":"Jaw Worm","floor":13,"turns":5},{"damage":8,"enemies":"2 Fungi Beasts","floor":15,"turns":6},{"damage":8,"enemies":"downfall:Silent","floor":16,"turns":12},{"damage":12,"enemies":"Shell Parasite","floor":22,"turns":5},{"damage":0,"enemies":"Snake Plant","floor":25,"turns":2},{"damage":0,"enemies":"Replay:Snechameleon","floor":27,"turns":9},{"damage":0,"enemies":"conspire:HollyBat","floor":28,"turns":5},{"damage":0,"enemies":"downfall:FleeingMerchant","floor":30,"turns":4},{"damage":22,"enemies":"Sentry and Sphere","floor":31,"turns":8},{"damage":8,"enemies":"Snake Plant","floor":32,"turns":6},{"damage":34,"enemies":"downfall:Ironclad","floor":33,"turns":11},{"damage":4,"enemies":"3 Darklings","floor":36,"turns":7},{"damage":6,"enemies":"Orb Walker","floor":37,"turns":5},{"damage":0,"enemies":"Giant Head","floor":38,"turns":7},{"damage":6,"enemies":"Maw","floor":40,"turns":10},{"damage":0,"enemies":"Spire Growth","floor":42,"turns":6},{"damage":14,"enemies":"Nightmare","floor":43,"turns":10},{"damage":24,"enemies":"Writhing Mass","floor":44,"turns":6},{"damage":0,"enemies":"Maw","floor":45,"turns":8},{"damage":3,"enemies":"Spire Growth","floor":47,"turns":7},{"damage":16,"enemies":"Mind Bloom Boss Battle","floor":48,"turns":8},{"damage":22,"enemies":"Transient","floor":49,"turns":5},{"damage":0,"enemies":"downfall:Watcher","floor":50,"turns":8}],"seed_played":"-8823691849006612614","potions_obtained":[{"floor":13,"key":"champ:CounterPotion"},{"floor":25,"key":"blueLaboratory:FrostheartPotion"},{"floor":28,"key":"SpeedPotion"},{"floor":31,"key":"blueLaboratory:FrostheartPotion"},{"floor":33,"key":"champ:CounterPotion"},{"floor":37,"key":"blueLaboratory:RecallPotion"},{"floor":42,"key":"blueLaboratory:Moonshine"},{"floor":44,"key":"Fruit Juice"},{"floor":49,"key":"blueLaboratory:Moonshine"}],"is_trial":false,"path_per_floor":["R","?","R","M","R","M","MIM","?","E","R","?","$","M","?","M","B",null,"R","?","?","AVR","M","R","T","M","R","E","M","?","$","M","M","B",null,"R","M","M","E","?","M","T","M","NM","M","M","?","M","?","M","B",null],"character_chosen":"GREMLIN","items_purchased":["Gremlin:InfiniteBlocks","Gremlin:Tadah","Gremlin:BubbleBarrier","conspire:GlowingRock"],"campfire_rested":0,"item_purchase_floors":[12,12,30,30],"current_hp_per_floor":[20,20,20,20,20,20,20,20,11,11,11,19,11,11,16,8,19,18,18,14,14,18,17,17,17,16,16,16,15,16,16,16,4,16,15,16,16,16,16,16,16,16,16,17,18,18,20,21,21,21],"gold":372,"neow_bonus":"THREE_ENEMY_KILL","is_daily":false,"chose_seed":false,"campfire_upgraded":3,"win_rate":0.0,"timestamp":1608520082,"path_taken":["R","?","R","M","R","M","MIM","?","E","R","?","$","M","?","M","BOSS","R","?","?","AVR","M","R","T","M","R","E","M","?","$","?","M","BOSS","R","M","M","E","?","M","T","M","NM","M","M","?","M","?","M","BOSS"],"items_purchased_type":["Card","Card","Card","Relic"],"build_version":"2020-12-13","purchased_purges":1,"victory":true,"max_hp_per_floor":[20,20,20,20,20,20,20,20,20,19,19,19,19,19,19,19,19,18,18,18,18,18,17,17,17,16,16,16,16,16,16,16,16,16,15,16,16,16,16,16,16,16,16,17,18,18,20,21,21,21],"card_choices":[{"not_picked":["Gremlin:Rhythm","Gremlin:Tricksy"],"picked":"Gremlin:Jeer","floor":4},{"not_picked":["Gremlin:Tricksy","Gremlin:Kablamo"],"picked":"Gremlin:ArmsTheft","floor":6},{"not_picked":["Gremlin:ShankStone","Gremlin:Changeo"],"picked":"Gremlin:BulkUp","floor":7},{"not_picked":["Gremlin:Fury","Gremlin:Jeer"],"picked":"Gremlin:GremlinToss","floor":9},{"not_picked":["Gremlin:Pretaliation","Gremlin:Kablamo"],"picked":"Gremlin:Heckle","floor":12},{"not_picked":["Gremlin:Rhythm","Gremlin:Raid","Gremlin:SharpenBlades"],"picked":"SKIP","floor":13},{"not_picked":["Gremlin:BulkUp","Gremlin:FollowThrough"],"picked":"Gremlin:GlitterGuard","floor":15},{"not_picked":["Gremlin:TargetWeakness","Gremlin:Erupt"],"picked":"Gremlin:ShadowShiv","floor":16},{"not_picked":["infinitespire:Collect","infinitespire:SealOfDarkness+"],"picked":"ReplayTheSpireMod:Book of Names","floor":20},{"not_picked":["Gremlin:TwistTheKnife","Gremlin:PourSalt"],"picked":"Gremlin:Astound","floor":22},{"not_picked":["Gremlin:GlitterGuard","Gremlin:GremlinMeal"],"picked":"Gremlin:ShankStone","floor":25},{"not_picked":["Gremlin:CatScratch","Gremlin:FeelTheAudience"],"picked":"Gremlin:AggressiveDefense+1","floor":27},{"not_picked":["Gremlin:Tadah+1","Gremlin:Encore"],"picked":"Gremlin:Polish","floor":28},{"not_picked":["Gremlin:CatScratch+1","Gremlin:InfiniteBlocks"],"picked":"Gremlin:Enthusiasm+1","floor":30},{"not_picked":["Gremlin:FeelTheAudience+1","Gremlin:Tricksy","Gremlin:BulkUp"],"picked":"SKIP","floor":31},{"not_picked":["Gremlin:GremlinArms","Gremlin:DaggerDance","Gremlin:Glimmer"],"picked":"SKIP","floor":32},{"not_picked":["Gremlin:Encore","Gremlin:Erupt"],"picked":"Gremlin:CongaLine","floor":33},{"not_picked":["Gremlin:Jeer"],"picked":"SKIP","floor":36},{"not_picked":[],"picked":"Gremlin:Irritability+1","floor":37},{"not_picked":["Gremlin:Pretaliation"],"picked":"SKIP","floor":38},{"not_picked":[],"picked":"Gremlin:EdibleArmor","floor":40},{"not_picked":[],"picked":"Gremlin:GremlinMeal+1","floor":42},{"not_picked":["Gremlin:GremlinMeal+1"],"picked":"SKIP","floor":43},{"not_picked":["Gremlin:Changeo"],"picked":"SKIP","floor":44},{"not_picked":["Gremlin:Presto+1"],"picked":"SKIP","floor":45},{"not_picked":["Gremlin:Pretaliation+1"],"picked":"SKIP","floor":47},{"not_picked":[],"picked":"Gremlin:GremlinArms","floor":48},{"not_picked":["Gremlin:IrksomeBlow"],"picked":"SKIP","floor":49}],"player_experience":277505,"relics_obtained":[{"floor":7,"key":"Whetstone"},{"floor":8,"key":"RetroEgg"},{"floor":9,"key":"ReplayTheSpireMod:Lightbulb"},{"floor":24,"key":"CrustySpines"},{"floor":27,"key":"Boot"},{"floor":38,"key":"Juzu Bracelet"},{"floor":41,"key":"Oddly Smooth Stone"},{"floor":43,"key":"Ancient Tea Set"},{"floor":48,"key":"Replay:Kaleidoscope"}],"event_choices":[{"damage_healed":0,"gold_gain":0,"player_choice":"Damaged","damage_taken":1,"max_hp_gain":0,"max_hp_loss":0,"event_name":"Wheel of Change","floor":29,"gold_loss":0},{"cards_removed":["Gremlin:Jeer"],"damage_healed":0,"gold_gain":0,"player_choice":"Removed Attack","damage_taken":0,"max_hp_gain":0,"max_hp_loss":0,"event_name":"Falling","floor":39,"gold_loss":0}],"is_beta":false,"boss_relics":[{"not_picked":["infinitespire:Cupcake","Ectoplasm"],"picked":"hubris:Backtick"},{"not_picked":["Velvet Choker","beaked:MawFillet"],"picked":"Replay:Grab Bag"},{"not_picked":["Fusion Hammer","hubris:RunicObelisk"],"picked":"Philosopher\u0027s Stone"},{"not_picked":["ReplayTheSpireMod:DimensionalGlitch","Runic Dome"],"picked":"Busted Crown"},{"not_picked":["Calling Bell","hubris:ScarierMask"],"picked":"beaked:SacredDeck"}],"items_purged_floors":[21],"is_endless":false,"potions_floor_spawned":[13,25,28,31,33,37,42,44,45,48,49],"ascension_level":0}}