{"host":"rvgqag7mtxu5qaaz","time":1608575435,"event":{"mods":["AchievementEnabler","BaseMod","Downfall","Hermit","Hubris","Minty Spire (QoL Compilation)","Replay The Spire","StSLib","SuperFastMode","The Animator","The Construct","The Cursed","The Disciple","The Necromancer"],"gold_per_floor":[112,122,197,197,212,245,245,245,271,334,352,383,333,344,344,442,442,452,452,367,387,105,133,148,148,172,182,182,182,182,197,197,297,297,317,317,29,29,44,44,44,44,44,44,44,44,78,96,96,96,96],"floor_reached":50,"playtime":4935,"items_purged":["Decay"],"score":623,"play_id":"aa1f4476-074a-48f8-a793-b4f90b4ef2d5","local_time":"20201221133035","is_ascension_mode":true,"campfire_choices":[{"data":"Perseverance","floor":8.0,"key":"SMITH"},{"floor":15.0,"key":"REST"},{"floor":32.0,"key":"REST"},{"data":"BattleHymn","floor":40.0,"key":"SMITH"},{"data":"Apotheosis","floor":42.0,"key":"SMITH"},{"data":"DeusExMachina","floor":44.0,"key":"SMITH"},{"data":"Chrysalis","floor":46.0,"key":"SMITH"},{"floor":49.0,"key":"REST"}],"circlet_count":0,"master_deck":["Strike_P","Strike_P","Defend_P+1","Defend_P","Eruption+1","Vigilance+1","Pray","DeceiveReality","CutThroughFate","Perseverance+1","Nirvana","Nirvana","SandsOfTime","ConjureBlade+1","LessonLearned","JustLucky","BattleHymn+1","EmptyFist+1","Apotheosis+1","Impatience","DeusExMachina+1","Decay","Weave+1","Writhe","RitualDagger+1","EmptyFist+1","ThirdEye","Devotion+1","ReachHeaven+1","EmptyBody+1","WreathOfFlame+1","Fasting2+1","Weave+1","Enlightenment","Chrysalis+1","Bandage Up","Normality","Crescendo+1","Omniscience","Tantrum+1"],"relics":["PureWater","Dead Branch","Oddly Smooth Stone","Dream Catcher","Letter Opener","Pantograph","Cursed Key","Centennial Puzzle","Molten Egg 2","Damaru","Matryoshka","Astrolabe","Juzu Bracelet","Blood Vial","Omamori","Nunchaku","Regal Pillow"],"acts_visited":[],"potions_floor_usage":[50],"damage_taken":[{"damage":0.0,"enemies":"Cultist","floor":1.0,"turns":4.0},{"damage":0.0,"enemies":"Small Slimes","floor":2.0,"turns":3.0},{"damage":4.0,"enemies":"2 Louse","floor":5.0,"turns":3.0},{"damage":12.0,"enemies":"Gremlin Nob","floor":6.0,"turns":3.0},{"damage":9.0,"enemies":"3 Sentries","floor":10.0,"turns":8.0},{"damage":0.0,"enemies":"Exordium Thugs","floor":11.0,"turns":3.0},{"damage":6.0,"enemies":"Lagavulin","floor":12.0,"turns":10.0},{"damage":2.0,"enemies":"Looter","floor":14.0,"turns":4.0},{"damage":0.0,"enemies":"Slime Boss","floor":16.0,"turns":5.0},{"damage":20.0,"enemies":"3 Byrds","floor":18.0,"turns":5.0},{"damage":2.0,"enemies":"Spheric Guardian","floor":21.0,"turns":3.0},{"damage":27.0,"enemies":"Gremlin Leader","floor":23.0,"turns":7.0},{"damage":3.0,"enemies":"Shelled Parasite and Fungi","floor":24.0,"turns":4.0},{"damage":4.0,"enemies":"Snake Plant","floor":27.0,"turns":5.0},{"damage":0.0,"enemies":"3 Cultists","floor":31.0,"turns":4.0},{"damage":20.0,"enemies":"Champ","floor":33.0,"turns":10.0},{"damage":6.0,"enemies":"Orb Walker","floor":35.0,"turns":3.0},{"damage":8.0,"enemies":"3 Darklings","floor":39.0,"turns":11.0},{"damage":17.0,"enemies":"Nemesis","floor":47.0,"turns":8.0},{"damage":25.0,"enemies":"Sphere and 2 Shapes","floor":48.0,"turns":4.0},{"damage":84,"enemies":"Awakened One","floor":50,"turns":3}],"seed_played":"-4315881725422946937","potions_obtained":[{"floor":2.0,"key":"SkillPotion"},{"floor":5.0,"key":"AttackPotion"},{"floor":10.0,"key":"SteroidPotion"},{"floor":21.0,"key":"DistilledChaos"},{"floor":33.0,"key":"ColorlessPotion"},{"floor":39.0,"key":"ColorlessPotion"}],"is_trial":false,"path_per_floor":["M","M","?","?","M","E","?","R","T","?","M","E","?","M","R","B",null,"M","?","?","M","$","E","M","$","T","M","T","?","?","M","R","B",null,"M","?","$","?","M","R","?","R","T","R","$","R","E","M","R","B"],"character_chosen":"WATCHER","items_purchased":["Apotheosis","Impatience","Weave+1","Blood Vial"],"campfire_rested":3,"item_purchase_floors":[22,22,37,37],"current_hp_per_floor":[72,72,61,47,43,31,31,31,31,22,22,16,16,14,35,60,72,52,52,52,50,50,23,20,20,20,16,16,16,10,10,31,36,72,66,66,66,56,56,56,56,56,56,56,56,56,45,26,62,0,0],"gold":96,"neow_bonus":"ONE_RARE_RELIC","is_daily":false,"chose_seed":false,"campfire_upgraded":5,"win_rate":0.0,"timestamp":1608575435,"path_taken":["M","?","?","?","?","E","?","R","T","?","M","E","?","M","R","BOSS","M","?","?","M","?","E","M","$","T","M","?","?","?","M","R","BOSS","M","?","$","?","M","R","?","R","T","R","?","R","E","M","R","BOSS"],"items_purchased_type":["Card","Card","Card","Relic"],"build_version":"2020-12-13","purchased_purges":1,"victory":false,"max_hp_per_floor":[72,72,72,72,72,72,72,72,72,72,72,72,72,72,72,72,72,72,72,72,72,72,72,72,72,72,72,72,72,72,72,72,72,72,72,72,72,72,72,72,72,72,72,72,72,72,72,72,72,72,72],"card_choices":[{"not_picked":["WheelKick","PathToVictory"],"picked":"Pray","floor":1.0},{"not_picked":["SashWhip","WaveOfTheHand"],"picked":"DeceiveReality","floor":2.0},{"not_picked":["ThirdEye","Conclude"],"picked":"CutThroughFate","floor":5.0},{"not_picked":["TalkToTheHand","EmptyMind"],"picked":"Perseverance","floor":6.0},{"not_picked":["CrushJoints","Evaluate"],"picked":"Nirvana","floor":11.0},{"not_picked":["ClearTheMind","FollowUp"],"picked":"Nirvana","floor":12.0},{"not_picked":["Meditate","BowlingBash"],"picked":"SandsOfTime","floor":14.0},{"not_picked":["Halt","Indignation"],"picked":"ConjureBlade","floor":15.0},{"not_picked":["Vault","MasterReality"],"picked":"LessonLearned","floor":16.0},{"not_picked":["Evaluate","PathToVictory"],"picked":"JustLucky","floor":18.0},{"not_picked":["ThirdEye+1","Wallop"],"picked":"EmptyFist+1","floor":21.0},{"not_picked":["CrushJoints+1","Prostrate"],"picked":"DeusExMachina","floor":23.0},{"not_picked":["Protect","ReachHeaven+1","WindmillStrike+1"],"picked":"SKIP","floor":24.0},{"not_picked":["CrushJoints+1","Evaluate"],"picked":"Weave+1","floor":27.0},{"not_picked":["Halt","TalkToTheHand+1"],"picked":"EmptyFist+1","floor":31.0},{"not_picked":["ClearTheMind","TalkToTheHand+1"],"picked":"ThirdEye","floor":32.0},{"not_picked":["Scrawl","Brilliance+1"],"picked":"Devotion","floor":33.0},{"not_picked":["ReachHeaven+1","Pray+1"],"picked":"Fasting2+1","floor":35.0},{"not_picked":["Mayhem","Mind Blast+1"],"picked":"Enlightenment","floor":38.0},{"not_picked":["Swift Strike+1","Forethought"],"picked":"Chrysalis","floor":38.0},{"not_picked":["Blind","PanicButton"],"picked":"Bandage Up","floor":38.0},{"not_picked":["Wallop+1","Crescendo+1","Consecrate+1"],"picked":"SKIP","floor":39.0},{"not_picked":["Protect","FollowUp+1"],"picked":"Crescendo+1","floor":47.0},{"not_picked":["Prostrate","Nirvana"],"picked":"Omniscience","floor":48.0},{"not_picked":["Meditate+1","Pray"],"picked":"Tantrum+1","floor":49.0}],"player_experience":280983,"relics_obtained":[{"floor":6.0,"key":"Oddly Smooth Stone"},{"floor":9.0,"key":"Dream Catcher"},{"floor":12.0,"key":"Pantograph"},{"floor":23.0,"key":"Molten Egg 2"},{"floor":26.0,"key":"Damaru"},{"floor":28.0,"key":"Matryoshka"},{"floor":43.0,"key":"Omamori"},{"floor":43.0,"key":"Nunchaku"},{"floor":47.0,"key":"Regal Pillow"}],"event_choices":[{"damage_healed":0.0,"max_hp_gain":0.0,"max_hp_loss":0.0,"gold_gain":75.0,"event_name":"World of Goop","player_choice":"Gather Gold","floor":3.0,"gold_loss":0.0,"damage_taken":11.0},{"damage_healed":0.0,"max_hp_gain":0.0,"max_hp_loss":0.0,"gold_gain":0.0,"event_name":"Shining Light","player_choice":"Entered Light","floor":4.0,"gold_loss":0.0,"damage_taken":14.0,"cards_upgraded":["Defend_P","Eruption"]},{"cards_removed":["Normality"],"damage_healed":0.0,"max_hp_gain":0.0,"max_hp_loss":0.0,"gold_gain":0.0,"event_name":"Living Wall","player_choice":"Forget","floor":7.0,"gold_loss":0.0,"damage_taken":0.0},{"damage_healed":0.0,"max_hp_gain":0.0,"max_hp_loss":0.0,"gold_gain":0.0,"event_name":"Dead Adventurer","player_choice":"Searched \u00272\u0027 times","floor":10.0,"gold_loss":0.0,"damage_taken":0.0,"relics_obtained":["Letter Opener"]},{"cards_removed":["Strike_P"],"damage_healed":0.0,"max_hp_gain":0.0,"max_hp_loss":0.0,"gold_gain":0.0,"event_name":"The Cleric","player_choice":"Card Removal","floor":13.0,"gold_loss":50.0,"damage_taken":0.0},{"damage_healed":0.0,"max_hp_gain":0.0,"max_hp_loss":0.0,"gold_gain":0.0,"event_name":"The Library","player_choice":"Read","floor":19.0,"gold_loss":0.0,"damage_taken":0.0,"cards_obtained":["BattleHymn"]},{"damage_healed":0.0,"max_hp_gain":0.0,"max_hp_loss":0.0,"gold_gain":0.0,"event_name":"Addict","player_choice":"Obtained Relic","floor":20.0,"gold_loss":85.0,"damage_taken":0.0,"relics_obtained":["Centennial Puzzle"]},{"damage_healed":0.0,"max_hp_gain":0.0,"max_hp_loss":0.0,"gold_gain":0.0,"event_name":"Forgotten Altar","player_choice":"Smashed Altar","floor":29.0,"gold_loss":0.0,"damage_taken":0.0,"cards_obtained":["Decay"]},{"damage_healed":0.0,"max_hp_gain":0.0,"max_hp_loss":0.0,"gold_gain":0.0,"event_name":"Nest","player_choice":"Joined the Cult","floor":30.0,"gold_loss":0.0,"damage_taken":6.0,"cards_obtained":["RitualDagger"]},{"damage_healed":0.0,"max_hp_gain":0.0,"max_hp_loss":0.0,"gold_gain":0.0,"event_name":"WeMeetAgain","player_choice":"Gave Potion","floor":36.0,"gold_loss":0.0,"damage_taken":0.0,"relics_obtained":["Juzu Bracelet"]},{"damage_healed":0.0,"max_hp_gain":0.0,"max_hp_loss":0.0,"gold_gain":0.0,"event_name":"SensoryStone","player_choice":"Memory 3","floor":38.0,"gold_loss":0.0,"damage_taken":10.0},{"damage_healed":0.0,"max_hp_gain":0.0,"max_hp_loss":0.0,"gold_gain":0.0,"event_name":"Upgrade Shrine","player_choice":"Upgraded","floor":41.0,"gold_loss":0.0,"damage_taken":0.0,"cards_upgraded":["Devotion"]}],"is_beta":false,"boss_relics":[{"not_picked":["Runic Dome","Velvet Choker"],"picked":"Cursed Key"},{"not_picked":["Sozu","Coffee Dripper"],"picked":"Astrolabe"}],"items_purged_floors":[37],"is_endless":false,"potions_floor_spawned":[2,5,10,11,12,21,24,33,39],"killed_by":"Awakened One","ascension_level":1}}