{"host":"l12hrjjiowxu1z6t","time":1608573903,"event":{"mods":["BaseMod","Colored Powertips","Highlight Path","Minty Spire (QoL Compilation)","Quick Restart","SuperFastMode"],"gold_per_floor":[116,116,0,0,16,43,43,68,368,368,381,39,73,83,83,83,83],"floor_reached":16,"playtime":750,"items_purged":["Defend_R","Barricade"],"score":130,"play_id":"37dbf1cc-8d1b-4ec8-ae33-aa5ad9231a4f","local_time":"20201221130503","is_ascension_mode":true,"campfire_choices":[{"data":"Brutality","floor":7,"key":"SMITH"},{"data":"Rage","floor":10,"key":"SMITH"},{"data":"Dual Wield","floor":15,"key":"SMITH"}],"circlet_count":0,"master_deck":["Strike_R","Strike_R","Strike_R","Strike_R","Defend_R","Defend_R","Bash","Rampage+1","True Grit","Sever Soul","Rage+1","Brutality+1","True Grit","Dual Wield+1"],"relics":["Burning Blood","Peace Pipe","Happy Flower","Old Coin","Meat on the Bone","Question Card"],"acts_visited":["Exordium"],"potions_floor_usage":[13,13],"damage_taken":[{"damage":7,"enemies":"Small Slimes","floor":1,"turns":3},{"damage":0,"enemies":"Cultist","floor":5,"turns":3},{"damage":20,"enemies":"Gremlin Nob","floor":6,"turns":4},{"damage":26,"enemies":"3 Sentries","floor":8,"turns":8},{"damage":2,"enemies":"Jaw Worm","floor":11,"turns":3},{"damage":13,"enemies":"Lagavulin","floor":13,"turns":5},{"damage":5,"enemies":"Exordium Wildlife","floor":14,"turns":4},{"damage":49,"enemies":"Slime Boss","floor":16,"turns":7}],"seed_played":"1351445533310704919","potions_obtained":[{"floor":8,"key":"SteroidPotion"},{"floor":11,"key":"SkillPotion"}],"is_trial":false,"path_per_floor":["M","?","$","?","M","E","R","E","T","R","M","$","E","M","R","B"],"character_chosen":"IRONCLAD","items_purchased":["Rage","Meat on the Bone"],"campfire_rested":0,"item_purchase_floors":[3,12],"current_hp_per_floor":[71,71,71,71,72,58,58,38,38,38,42,42,47,48,48,0,0],"gold":83,"neow_bonus":"TRANSFORM_TWO_CARDS","is_daily":false,"chose_seed":false,"campfire_upgraded":3,"win_rate":0.0,"timestamp":1608573903,"path_taken":["M","?","?","?","M","E","R","E","T","R","M","?","E","?","R","BOSS"],"items_purchased_type":["Card","Relic"],"build_version":"2020-12-13","purchased_purges":2,"victory":false,"max_hp_per_floor":[72,72,72,72,72,72,72,72,72,72,72,72,72,72,72,72,72],"card_choices":[{"not_picked":["Body Slam","Cleave"],"picked":"True Grit","floor":1},{"not_picked":["Thunderclap","Shrug It Off","Entrench"],"picked":"SKIP","floor":5},{"not_picked":["Iron Wave","Shrug It Off"],"picked":"Brutality","floor":6},{"not_picked":["Pommel Strike","Sever Soul"],"picked":"True Grit","floor":8},{"not_picked":["Entrench","Thunderclap","Disarm"],"picked":"SKIP","floor":11},{"not_picked":["Bludgeon","Disarm"],"picked":"Dual Wield","floor":13},{"not_picked":["Heavy Blade","Anger","Body Slam","Perfected Strike"],"picked":"SKIP","floor":14}],"player_experience":141476,"relics_obtained":[{"floor":6,"key":"Peace Pipe"},{"floor":8,"key":"Happy Flower"},{"floor":9,"key":"Old Coin"},{"floor":13,"key":"Question Card"}],"event_choices":[{"damage_healed":0,"gold_gain":0,"player_choice":"1 cards matched","damage_taken":0,"max_hp_gain":0,"max_hp_loss":0,"event_name":"Match and Keep!","floor":2,"gold_loss":0,"cards_obtained":["Sever Soul"]},{"damage_healed":0,"gold_gain":0,"player_choice":"Grow","damage_taken":0,"max_hp_gain":0,"max_hp_loss":0,"event_name":"Living Wall","floor":4,"gold_loss":0,"cards_upgraded":["Rampage"]}],"is_beta":false,"boss_relics":[],"items_purged_floors":[3,12],"is_endless":false,"potions_floor_spawned":[8,11],"killed_by":"Slime Boss","ascension_level":2}}