{"host":"kjmsjq3kpb3v9rdj","time":1608527894,"event":{"mods":["AchievementEnabler","Aspiration","BaseMod","Better Altar","Better Match","Better Note","Better Sensory Stone","Better Skull","Better Third Choice","BetterRewards","CCEM","Conspire","Friendly Minions","GifTheSpireLib","Hubris","Infinite Spire","Ironclad Rager","Minty Spire (QoL Compilation)","Permanent Neow","Quick Restart","Replay The Spire","Shop Mod","Spicy Shops","Spikes Relics","StSLib","Stuff the Spire","Synergy Search","The Alterego","The Blue Laboratory","The Gatherer","Trackpad","Unceasing Turn Reminder","vexMod"],"gold_per_floor":[18,18,18,18,18,46,46,74,74,102,102,112,13,13,13,114,114,125,145,160,179,192,226,243,243,289,318,318,334,334,352,352,474,474,517,517,618,618,663,663],"floor_reached":39,"playtime":3000,"items_purged":["CommonCold"],"score":505,"play_id":"d6b2f5d7-ced8-4d31-abe2-0a110354a8fd","local_time":"20201220211814","is_ascension_mode":true,"campfire_choices":[{"data":"Absolvement","floor":7,"key":"SMITH"},{"floor":11,"key":"REST"},{"floor":15,"key":"REST"},{"data":"Absolvement","floor":28,"key":"SMITH"},{"data":"infinitespire:Collect","floor":30,"key":"SMITH"},{"data":"Replay:BasicMightCard","floor":32,"key":"SMITH"}],"circlet_count":0,"master_deck":["Twin Strike","Twin Strike","Twin Strike","Twin Strike","Twin Strike","Iron Wave","Iron Wave","Iron Wave","Iron Wave","Burning Pact","Absolvement+1","Replay:BasicMightCard+1","hubris:Fate","StuffTheSpire:Incineration","Fiend Fire","StuffTheSpire:Incineration","Warcry","Berserk","CurseOfTheBell","Pummel","Replay:Undeath\u0027s Touch","Disarm","Absolvement+1","True Grit+1","infinitespire:OneForAll","infinitespire:Collect+1","Havoc","Replay:Many Hands","Looming Evil","Dark Embrace+1"],"relics":["Burning Blood","Self Forming Clay","CrustySpines","ShockBauble","vexMod:RetaliationKit","Calling Bell","hubris:ChampionShield","hubris:SphereOfDissonance","Charon\u0027s Ashes","infinitespire:PuzzleCube","Blood Vial","Nunchaku","aspiration:HiddenCompartment","infinitespire:EvilPickle","trackpad:DemonHeart","ReplayTheSpireMod:Ring of Challenge","ReplayTheSpireMod:Ring of Collecting"],"acts_visited":["Exordium","TheCity","TheBeyond"],"potions_floor_usage":[6,16,23,24,31,39,39],"damage_taken":[{"damage":6,"enemies":"Cultist","floor":1,"turns":3},{"damage":12,"enemies":"Lagavulin","floor":6,"turns":4},{"damage":20,"enemies":"3 Sentries","floor":8,"turns":4},{"damage":27,"enemies":"Lagavulin","floor":10,"turns":5},{"damage":0,"enemies":"Jaw Worm","floor":12,"turns":1},{"damage":22,"enemies":"The Guardian","floor":16,"turns":7},{"damage":0,"enemies":"Spheric Guardian","floor":18,"turns":2},{"damage":4,"enemies":"Chosen","floor":19,"turns":2},{"damage":0,"enemies":"Centurion and Healer","floor":20,"turns":2},{"damage":0,"enemies":"3 Cultists","floor":21,"turns":1},{"damage":1,"enemies":"Cultist and Chosen","floor":22,"turns":3},{"damage":6,"enemies":"conspire:Head Lice","floor":23,"turns":3},{"damage":0,"enemies":"Snake Plant","floor":24,"turns":3},{"damage":27,"enemies":"Gremlin Leader","floor":27,"turns":3},{"damage":0,"enemies":"Snecko","floor":29,"turns":2},{"damage":0,"enemies":"3 Cultists","floor":31,"turns":3},{"damage":9,"enemies":"Pondfish","floor":33,"turns":5},{"damage":3,"enemies":"Orb Walker","floor":35,"turns":2},{"damage":36,"enemies":"3 Shapes","floor":37,"turns":3},{"damage":49,"enemies":"Spire Growth","floor":39,"turns":2}],"seed_played":"-1709465541641595178","potions_obtained":[{"floor":1,"key":"Block Potion"},{"floor":12,"key":"Milkshake"},{"floor":19,"key":"SpeedPotion"},{"floor":21,"key":"blueLaboratory:HummingbirdPotion"},{"floor":22,"key":"blueLaboratory:PyrophylliteBrew"},{"floor":23,"key":"blueLaboratory:IronCompound"},{"floor":33,"key":"Weak Potion"}],"is_trial":false,"path_per_floor":["M","?","?","?","?","E","R","E","T","E","R","M","$","?","R","B",null,"M","M","M","M","M","E","M","AVR","T","E","R","M","R","M","R","B",null,"M","?","M","?","M"],"character_chosen":"IRONCLAD","items_purchased":["Warcry"],"campfire_rested":2,"item_purchase_floors":[13],"current_hp_per_floor":[51,51,51,72,55,49,49,50,50,29,50,56,56,49,70,54,72,72,72,72,72,72,72,72,72,72,51,51,59,59,67,67,66,72,72,72,42,42,0,0],"gold":663,"neow_bonus":"IRONCLAD_BERSERKER","is_daily":false,"chose_seed":false,"campfire_upgraded":4,"win_rate":0.0,"timestamp":1608527894,"path_taken":["M","?","?","?","?","E","R","E","T","E","R","?","$","?","R","BOSS","M","M","M","M","M","E","M","AVR","T","E","R","M","R","M","R","BOSS","M","?","M","?","M"],"items_purchased_type":["Card"],"build_version":"2020-12-13","purchased_purges":1,"victory":false,"max_hp_per_floor":[72,72,72,72,72,72,72,72,72,72,72,72,72,72,72,72,72,72,72,72,72,72,72,72,72,72,72,72,72,72,72,72,72,72,72,72,72,72,72,72],"card_choices":[{"not_picked":["Blood for Blood","Wild Strike"],"picked":"Burning Pact","floor":1},{"not_picked":["Panacea","StuffTheSpire:FreeRealEstate"],"picked":"Replay:BasicMightCard","floor":3},{"not_picked":["infinitespire:Oblivion","ReplayTheSpireMod:Black Plague"],"picked":"hubris:Fate","floor":5},{"not_picked":["Dark Embrace","Iron Wave"],"picked":"StuffTheSpire:Incineration","floor":6},{"not_picked":["Anger","Run Through","Pommel Strike"],"picked":"SKIP","floor":8},{"not_picked":["Massacre","StuffTheSpire:Slingshot"],"picked":"Fiend Fire","floor":10},{"not_picked":["StuffTheSpire:Resist","Heavy Blade"],"picked":"StuffTheSpire:Incineration","floor":12},{"not_picked":["conspire:HitWhereItHurts","Double Tap"],"picked":"Berserk","floor":16},{"not_picked":["True Grit","Rage"],"picked":"Pummel","floor":18},{"not_picked":["Clothesline","Run Through"],"picked":"Replay:Undeath\u0027s Touch","floor":19},{"not_picked":["ReplayTheSpireMod:Strike From Hell","StuffTheSpire:RockThrow"],"picked":"Disarm","floor":20},{"not_picked":["Thunderclap+1","Sword Boomerang"],"picked":"Absolvement","floor":21},{"not_picked":["Iron Wave+1","ReplayReversal","Wild Strike"],"picked":"SKIP","floor":22},{"not_picked":["Shrug It Off","Evolve+1"],"picked":"True Grit+1","floor":23},{"not_picked":["Burning Pact","Thunderclap"],"picked":"infinitespire:OneForAll","floor":24},{"not_picked":["True Grit","Headbutt+1","ReplayTheSpireMod:Strike From Hell"],"picked":"SKIP","floor":27},{"not_picked":["hubris:ReadiedAction","hubris:CleavingFinish"],"picked":"Havoc","floor":29},{"not_picked":["Searing Blow+1","hubris:ReadiedAction","Invigoration"],"picked":"SKIP","floor":31},{"not_picked":["Double Tap","Immolate"],"picked":"Replay:Many Hands","floor":33},{"not_picked":["Shrug It Off","Headbutt","Havoc"],"picked":"SKIP","floor":35},{"not_picked":["Whirlwind+1","Berserk"],"picked":"Dark Embrace+1","floor":37}],"player_experience":475388,"relics_obtained":[{"floor":6,"key":"Self Forming Clay"},{"floor":8,"key":"CrustySpines"},{"floor":9,"key":"ShockBauble"},{"floor":10,"key":"vexMod:RetaliationKit"},{"floor":17,"key":"hubris:ChampionShield"},{"floor":17,"key":"hubris:SphereOfDissonance"},{"floor":17,"key":"Charon\u0027s Ashes"},{"floor":23,"key":"infinitespire:PuzzleCube"},{"floor":26,"key":"Nunchaku"},{"floor":27,"key":"aspiration:HiddenCompartment"},{"floor":36,"key":"ReplayTheSpireMod:Ring of Challenge"},{"floor":36,"key":"ReplayTheSpireMod:Ring of Collecting"}],"event_choices":[{"damage_healed":0,"gold_gain":1,"player_choice":"1","damage_taken":0,"max_hp_gain":0,"max_hp_loss":0,"event_name":"betterStone:BetterStone","floor":3,"gold_loss":0},{"damage_healed":24,"gold_gain":0,"player_choice":"Banana","damage_taken":0,"max_hp_gain":0,"max_hp_loss":0,"event_name":"Big Fish","floor":4,"gold_loss":0},{"cards_removed":["Bash"],"damage_healed":0,"gold_gain":0,"player_choice":"Card Removal","damage_taken":7,"max_hp_gain":0,"max_hp_loss":0,"event_name":"Golden Wing","floor":14,"gold_loss":0},{"damage_healed":0,"gold_gain":0,"player_choice":"Ignored","damage_taken":0,"max_hp_gain":0,"max_hp_loss":0,"event_name":"betterThird:BetterPortal","floor":38,"gold_loss":0}],"is_beta":false,"boss_relics":[{"not_picked":["Replay:Bronze Core","vexMod:FluxCapacitor"],"picked":"Calling Bell"},{"not_picked":["Fusion Hammer","hubris:VirtuousBlindfold"],"picked":"trackpad:DemonHeart"}],"items_purged_floors":[13],"is_endless":false,"potions_floor_spawned":[1,12,19,21,22,23,33],"killed_by":"Spire Growth","ascension_level":3}}