{"host":"gndxudri6ebovps6","time":1608590531,"event":{"mods":["AchievementEnabler","Act Like it!","Aspiration","BaseMod","Better Altar","Better Match","Better Sensory Stone","Better Skull","Better Vampires","BetterRewards","Block Reminder","GifTheSpireLib","Hermit","Hubris","Infinite Spire","Marked Mod","Minty Spire (QoL Compilation)","Pale of the Ancients","Quick Restart","Replay The Spire","Shop Mod","Spicy Shops","Spikes Relics","StSLib","Stuff the Spire","The Cursed","everything is the same but u backflip on backflip","vexMod"],"gold_per_floor":[109,122,142,217,232,232,232],"floor_reached":6,"playtime":312,"items_purged":[],"score":80,"play_id":"7ee8d9e8-bce3-4bfa-bb2b-5d62cb0d827b","local_time":"20201221204211","is_ascension_mode":true,"campfire_choices":[],"circlet_count":0,"master_deck":["hermit:Strike_Hermit","hermit:Strike_Hermit","hermit:Strike_Hermit","hermit:Strike_Hermit+1","hermit:Defend_Hermit","hermit:Defend_Hermit","hermit:Defend_Hermit","hermit:Defend_Hermit","hermit:Snapshot","hermit:Covet","hermit:Determination","hermit:Determination","hermit:Determination","hermit:Determination","Intolerance","hermit:Quickdraw+1","hermit:CalledShot","hermit:LoneWolf","hermit:Coalescence","hermit:SprayPray","hermit:Deadeye"],"relics":["hermit:Momento","aspiration:FetidBarrel","Bag of Marbles","Girya","aspiration:HummingbirdHeart","Replay:Baseball","ReplayTheSpireMod:CursedCoin","Lantern","Replay:Wax Seal","Incense Burner","ClockworkSouvenir","Whetstone","StuffTheSpire:TintedRock","Akabeko","hubris:EmptyBottle"],"acts_visited":["Exordium"],"potions_floor_usage":[],"damage_taken":[{"damage":0.0,"enemies":"Jaw Worm","floor":1.0,"turns":2.0},{"damage":0.0,"enemies":"Small Slimes","floor":2.0,"turns":3.0},{"damage":15.0,"enemies":"infinitespire:Voidling","floor":3.0,"turns":4.0},{"damage":0.0,"enemies":"Blue Slaver","floor":5.0,"turns":3.0},{"damage":14,"enemies":"Lagavulin","floor":6,"turns":3}],"seed_played":"-6779038755213210499","potions_obtained":[{"floor":3.0,"key":"LiquidBronze"}],"is_trial":false,"path_per_floor":["M","M","M","?","M","E"],"character_chosen":"HERMIT","items_purchased":["aspiration:FetidBarrel","Bag of Marbles","hermit:Determination","Girya","hermit:Determination","aspiration:HummingbirdHeart","Replay:Baseball","ReplayTheSpireMod:CursedCoin","hermit:Quickdraw","Lantern","Replay:Wax Seal","Incense Burner","ClockworkSouvenir","Whetstone","StuffTheSpire:TintedRock","Akabeko","hermit:CalledShot","hubris:EmptyBottle"],"campfire_rested":0,"item_purchase_floors":[0,0,0,0,0,0,0,0,0,0,0,0,0,0,0,0,0,0],"current_hp_per_floor":[20,20,14,3,3,0,0],"gold":232,"neow_bonus":"","is_daily":false,"chose_seed":false,"campfire_upgraded":0,"win_rate":0.0,"timestamp":1608590531,"path_taken":["M","M","M","?","M","E"],"items_purchased_type":["Relic","Relic","Card","Relic","Card","Relic","Relic","Relic","Card","Relic","Relic","Relic","Relic","Relic","Relic","Relic","Card","Relic"],"build_version":"2020-12-13","purchased_purges":0,"victory":false,"max_hp_per_floor":[75,75,75,75,75,75,75],"card_choices":[{"not_picked":["hermit:Cheat","hermit:HighCaliber"],"picked":"hermit:LoneWolf","floor":1.0},{"not_picked":["hermit:Determination","hermit:Misfire"],"picked":"hermit:Coalescence","floor":2.0},{"not_picked":["hermit:Roulette","hermit:LowProfile"],"picked":"hermit:SprayPray","floor":3.0},{"not_picked":["hermit:Spite","hermit:ItchyTrigger"],"picked":"hermit:Deadeye","floor":5.0}],"player_experience":492651,"relics_obtained":[],"event_choices":[{"damage_healed":0.0,"max_hp_gain":0.0,"max_hp_loss":0.0,"gold_gain":75.0,"event_name":"World of Goop","player_choice":"Gather Gold","floor":4.0,"gold_loss":0.0,"damage_taken":11.0}],"is_beta":false,"boss_relics":[],"items_purged_floors":[],"is_endless":false,"potions_floor_spawned":[3],"killed_by":"Lagavulin","ascension_level":9}}