{"host":"bxn2em57qlx5u4i0","time":1608515240,"event":{"mods":["BaseMod","Colored Map","Colored Powertips","Highlight Path","Minty Spire (QoL Compilation)","Random Character Button","Relic Sorter","Relic Stats","StSLib","SuperFastMode"],"gold_per_floor":[118,118,83,83,83,113,151,196,208,246,292,334,378,401,413,496,508,539,551,563,603,257,283,309,339,363,394,425,51,83,15,15,89,89,101,101,126,143,171,204,204,230,239,239,291,305,340,380,380,380,380,380,380,36,36,36],"floor_reached":55,"playtime":2232,"items_purged":[],"score":3494,"play_id":"e410dbbf-99c7-46d6-ab12-34308d3c0bd7","local_time":"20201220204720","daily_mods":["SealedDeck","Heirloom","Flight","DeadlyEvents","Elite Swarm","Binary"],"is_ascension_mode":true,"campfire_choices":[{"data":"Footwork","floor":15.0,"key":"SMITH"},{"floor":32,"key":"RECALL"},{"floor":41,"key":"REST"},{"data":"Writhe","floor":44,"key":"PURGE"},{"data":"Deadly Poison","floor":49,"key":"PURGE"},{"data":"Poisoned Stab","floor":53,"key":"PURGE"}],"circlet_count":0,"master_deck":["AscendersBane","Endless Agony","Footwork+1","Footwork+1","Dodge and Roll","Backflip+1","Deflect+1","Slice","Terror+1","Escape Plan","After Image","Cloak And Dagger+1","After Image","Escape Plan+1","Adrenaline+1","Finesse+1","Adrenaline+1"],"relics":["Ring of the Snake","Busted Crown","Mango","Torii","The Courier","MawBank","Unceasing Top","StrikeDummy","Gremlin Horn","Oddly Smooth Stone","Orichalcum","Centennial Puzzle","Matryoshka","Fusion Hammer","Du-Vu Doll","Shuriken","Anchor","Question Card","Toxic Egg 2","Peace Pipe","Boot","Happy Flower","Regal Pillow","Lee\u0027s Waffle","Kunai","Bottled Tornado","Cursed Key","Bird Faced Urn","CeramicFish","Bottled Lightning","Mummified Hand","Molten Egg 2","Tough Bandages","Mercury Hourglass","War Paint","HandDrill","Toy Ornithopter"],"acts_visited":["Exordium","TheCity","TheBeyond","TheEnding"],"potions_floor_usage":[27,40,47,54,55],"damage_taken":[{"damage":2.0,"enemies":"Jaw Worm","floor":1.0,"turns":2.0},{"damage":0.0,"enemies":"Gremlin Nob","floor":6.0,"turns":3.0},{"damage":0.0,"enemies":"Lagavulin","floor":7.0,"turns":4.0},{"damage":1.0,"enemies":"3 Sentries","floor":8.0,"turns":9.0},{"damage":0.0,"enemies":"Gremlin Nob","floor":10.0,"turns":3.0},{"damage":0.0,"enemies":"Lagavulin","floor":11.0,"turns":6.0},{"damage":1.0,"enemies":"3 Sentries","floor":12.0,"turns":9.0},{"damage":0.0,"enemies":"Lagavulin","floor":13.0,"turns":5.0},{"damage":0.0,"enemies":"Small Slimes","floor":14.0,"turns":2.0},{"damage":0.0,"enemies":"Hexaghost","floor":16.0,"turns":7.0},{"damage":12.0,"enemies":"2 Thieves","floor":18.0,"turns":3.0},{"damage":0.0,"enemies":"Gremlin Leader","floor":21.0,"turns":6.0},{"damage":46.0,"enemies":"Slavers","floor":23.0,"turns":12.0},{"damage":0.0,"enemies":"Book of Stabbing","floor":24.0,"turns":4.0},{"damage":0.0,"enemies":"Gremlin Leader","floor":25.0,"turns":6.0},{"damage":8,"enemies":"Slavers","floor":27,"turns":10},{"damage":0,"enemies":"Book of Stabbing","floor":28,"turns":4},{"damage":0,"enemies":"Gremlin Leader","floor":30,"turns":4},{"damage":0,"enemies":"Champ","floor":33,"turns":7},{"damage":0,"enemies":"Orb Walker","floor":35,"turns":3},{"damage":0,"enemies":"Mind Bloom Boss Battle","floor":37,"turns":4},{"damage":0,"enemies":"3 Shapes","floor":38,"turns":3},{"damage":0,"enemies":"Giant Head","floor":39,"turns":5},{"damage":64,"enemies":"Nemesis","floor":40,"turns":8},{"damage":0,"enemies":"Giant Head","floor":42,"turns":5},{"damage":0,"enemies":"2 Orb Walkers","floor":45,"turns":4},{"damage":0,"enemies":"Sphere and 2 Shapes","floor":46,"turns":4},{"damage":15,"enemies":"Nemesis","floor":47,"turns":9},{"damage":0,"enemies":"Giant Head","floor":48,"turns":4},{"damage":0,"enemies":"Awakened One","floor":50,"turns":8},{"damage":0,"enemies":"Donu and Deca","floor":51,"turns":10},{"damage":112,"enemies":"Shield and Spear","floor":55,"turns":14}],"seed_played":"7810914162479674772","potions_obtained":[{"floor":7.0,"key":"AttackPotion"},{"floor":10.0,"key":"CunningPotion"},{"floor":11.0,"key":"Energy Potion"},{"floor":12.0,"key":"AttackPotion"},{"floor":18.0,"key":"BlessingOfTheForge"},{"floor":27,"key":"SteroidPotion"},{"floor":30,"key":"Regen Potion"},{"floor":35,"key":"PowerPotion"},{"floor":42,"key":"Block Potion"},{"floor":46,"key":"GhostInAJar"}],"is_trial":true,"path_per_floor":["M","?","?","?","T","E","E","E","T","E","E","E","E","M","R","B",null,"M","?","?","E","$","E","E","E","T","E","E","$","E","$","R","B",null,"M","?","?","M","E","E","R","E","T","R","?","M","E","E","R","B","B",null,"R","$","E"],"character_chosen":"THE_SILENT","items_purchased":["Shuriken","Anchor","Lee\u0027s Waffle","Kunai","Cloak And Dagger+1","Escape Plan+1","Fruit Juice","HandDrill","Toy Ornithopter"],"campfire_rested":1,"item_purchase_floors":[22,22,29,29,29,31,54,54,54],"current_hp_per_floor":[71,53,73,73,73,73,73,72,72,72,72,71,71,71,71,71,78,66,66,66,66,66,20,20,20,20,12,12,87,87,87,87,87,87,87,77,77,77,77,23,64,72,72,72,80,87,72,80,80,87,87,87,87,92,0,0],"gold":36,"neow_bonus":"","is_daily":false,"chose_seed":false,"campfire_upgraded":1,"win_rate":0.0,"timestamp":1608515240,"path_taken":["M","?","?","?","?","E","E","E","T","E","E","E","E","M","R","BOSS","M","?","?","?","$","E","E","E","T","E","E","$","E","$","R","BOSS","M","?","?","?","?","E","R","E","T","R","?","?","E","E","R","BOSS","BOSS","R","$","E"],"items_purchased_type":["Relic","Relic","Relic","Relic","Card","Card","Potion","Relic","Relic"],"build_version":"2020-12-13","purchased_purges":0,"victory":false,"max_hp_per_floor":[80,80,80,80,80,80,80,80,80,80,80,80,80,80,80,80,80,80,80,80,80,80,80,80,80,80,80,80,87,87,87,87,87,87,87,87,87,87,87,87,87,87,87,87,87,87,87,87,87,87,87,87,87,92,92,92],"relic_stats":{"Regal Pillow":15,"Torii":16,"Gremlin Horn":[28,28],"CeramicFish":18,"Boot":[52],"Cursed Key":1,"Centennial Puzzle":[19],"Tough Bandages":[0],"Mummified Hand":[21],"HandDrill":[0],"Kunai":[89],"Ring of the Snake":[69],"Lee\u0027s Waffle":75,"Happy Flower":[32],"counters":[32,187],"Orichalcum":[42],"War Paint":["Backflip","Deflect"],"MawBank":192,"Question Card":19,"Mercury Hourglass":[109],"Peace Pipe":3,"Busted Crown":64,"Shuriken":[97],"Bird Faced Urn":[48],"obtain_stats":[{"Regal Pillow":28,"Torii":2,"Gremlin Horn":9,"CeramicFish":40,"Mango":0,"Bottled Tornado":30,"Boot":26,"Cursed Key":34,"Centennial Puzzle":12,"Tough Bandages":45,"Matryoshka":13,"Mummified Hand":43,"Fusion Hammer":17,"HandDrill":54,"Kunai":29,"Toxic Egg 2":24,"Ring of the Snake":0,"Lee\u0027s Waffle":29,"Happy Flower":27,"Oddly Smooth Stone":10,"The Courier":5,"Orichalcum":11,"War Paint":48,"MawBank":6,"Question Card":23,"Mercury Hourglass":47,"Du-Vu Doll":21,"Peace Pipe":25,"Anchor":22,"Busted Crown":0,"Shuriken":22,"Bird Faced Urn":39,"Molten Egg 2":43,"Bottled Lightning":42,"StrikeDummy":8,"Unceasing Top":7,"Toy Ornithopter":54},{"Regal Pillow":17,"Torii":1,"Gremlin Horn":4,"CeramicFish":24,"Mango":0,"Bottled Tornado":18,"Boot":15,"Cursed Key":19,"Centennial Puzzle":7,"Tough Bandages":26,"Matryoshka":8,"Mummified Hand":25,"Fusion Hammer":10,"HandDrill":31,"Kunai":17,"Toxic Egg 2":14,"Ring of the Snake":0,"Lee\u0027s Waffle":17,"Happy Flower":16,"Oddly Smooth Stone":5,"The Courier":1,"Orichalcum":6,"War Paint":29,"MawBank":2,"Question Card":13,"Mercury Hourglass":28,"Du-Vu Doll":12,"Peace Pipe":15,"Anchor":12,"Busted Crown":0,"Shuriken":12,"Bird Faced Urn":23,"Molten Egg 2":25,"Bottled Lightning":25,"StrikeDummy":4,"Unceasing Top":3,"Toy Ornithopter":31},{"Regal Pillow":95,"Torii":2,"Gremlin Horn":18,"CeramicFish":129,"Mango":0,"Bottled Tornado":99,"Boot":81,"Cursed Key":106,"Centennial Puzzle":36,"Tough Bandages":138,"Matryoshka":41,"Mummified Hand":134,"Fusion Hammer":50,"HandDrill":173,"Kunai":95,"Toxic Egg 2":75,"Ring of the Snake":0,"Lee\u0027s Waffle":95,"Happy Flower":91,"Oddly Smooth Stone":21,"The Courier":2,"Orichalcum":27,"War Paint":155,"MawBank":5,"Question Card":71,"Mercury Hourglass":151,"Du-Vu Doll":59,"Peace Pipe":81,"Anchor":59,"Busted Crown":0,"Shuriken":59,"Bird Faced Urn":121,"Molten Egg 2":134,"Bottled Lightning":134,"StrikeDummy":18,"Unceasing Top":9,"Toy Ornithopter":173}],"Unceasing Top":[125],"Toy Ornithopter":5},"card_choices":[{"not_picked":["Corpse Explosion+1"],"picked":"SKIP","floor":24.0},{"not_picked":[],"picked":"After Image","floor":25.0},{"not_picked":["Envenom"],"picked":"SKIP","floor":27},{"not_picked":["Grand Finale"],"picked":"SKIP","floor":28},{"not_picked":[],"picked":"After Image","floor":30},{"not_picked":[],"picked":"Adrenaline+1","floor":33},{"not_picked":["Prepared+1"],"picked":"SKIP","floor":35},{"not_picked":[],"picked":"Finesse+1","floor":36},{"not_picked":["Dagger Throw"],"picked":"SKIP","floor":38},{"not_picked":["Glass Knife"],"picked":"SKIP","floor":39},{"not_picked":["Night Terror+1"],"picked":"SKIP","floor":40},{"not_picked":["Wraith Form v2"],"picked":"SKIP","floor":42},{"not_picked":["Blur+1"],"picked":"SKIP","floor":46},{"not_picked":["Storm of Steel+1"],"picked":"SKIP","floor":47},{"not_picked":[],"picked":"Adrenaline+1","floor":48}],"player_experience":2842047,"relics_obtained":[{"floor":5.0,"key":"The Courier"},{"floor":6.0,"key":"MawBank"},{"floor":7.0,"key":"Unceasing Top"},{"floor":8.0,"key":"StrikeDummy"},{"floor":9.0,"key":"Gremlin Horn"},{"floor":10.0,"key":"Oddly Smooth Stone"},{"floor":11.0,"key":"Orichalcum"},{"floor":12.0,"key":"Centennial Puzzle"},{"floor":13.0,"key":"Matryoshka"},{"floor":21.0,"key":"Du-Vu Doll"},{"floor":23.0,"key":"Question Card"},{"floor":24.0,"key":"Toxic Egg 2"},{"floor":25.0,"key":"Peace Pipe"},{"floor":26.0,"key":"Boot"},{"floor":27,"key":"Happy Flower"},{"floor":28,"key":"Regal Pillow"},{"floor":30,"key":"Bottled Tornado"},{"floor":39,"key":"Bird Faced Urn"},{"floor":40,"key":"CeramicFish"},{"floor":42,"key":"Bottled Lightning"},{"floor":43,"key":"Mummified Hand"},{"floor":43,"key":"Molten Egg 2"},{"floor":45,"key":"Tough Bandages"},{"floor":47,"key":"Mercury Hourglass"},{"floor":48,"key":"War Paint"}],"event_choices":[{"damage_healed":0.0,"max_hp_gain":0.0,"max_hp_loss":0.0,"gold_gain":0.0,"event_name":"Scrap Ooze","player_choice":"Success","floor":2.0,"gold_loss":0.0,"damage_taken":18.0,"relics_obtained":["Torii"]},{"damage_healed":20.0,"max_hp_gain":0.0,"max_hp_loss":0.0,"gold_gain":0.0,"event_name":"The Cleric","player_choice":"Healed","floor":3.0,"gold_loss":35.0,"damage_taken":0.0},{"damage_healed":0.0,"max_hp_gain":0.0,"max_hp_loss":0.0,"gold_gain":0.0,"event_name":"Living Wall","player_choice":"Grow","floor":4.0,"gold_loss":0.0,"damage_taken":0.0,"cards_upgraded":["Terror"]},{"damage_healed":0.0,"max_hp_gain":0.0,"max_hp_loss":0.0,"gold_gain":0.0,"event_name":"The Library","player_choice":"Read","floor":19.0,"gold_loss":0.0,"damage_taken":0.0,"cards_obtained":["Escape Plan"]},{"damage_healed":0.0,"max_hp_gain":0.0,"max_hp_loss":0.0,"gold_gain":0.0,"event_name":"Upgrade Shrine","player_choice":"Upgraded","floor":20.0,"gold_loss":0.0,"damage_taken":0.0,"cards_upgraded":["Footwork"]},{"damage_healed":0,"gold_gain":0,"player_choice":"Memory 3","damage_taken":10,"max_hp_gain":0,"max_hp_loss":0,"event_name":"SensoryStone","floor":36,"gold_loss":0},{"damage_healed":0,"gold_gain":0,"player_choice":"Fight","damage_taken":0,"max_hp_gain":0,"max_hp_loss":0,"event_name":"MindBloom","floor":37,"gold_loss":0},{"damage_healed":0,"gold_gain":0,"player_choice":"Fight","damage_taken":0,"max_hp_gain":0,"max_hp_loss":0,"event_name":"Mysterious Sphere","floor":45,"gold_loss":0}],"is_beta":false,"boss_relics":[{"not_picked":["WristBlade","Ring of the Serpent"],"picked":"Fusion Hammer"},{"not_picked":["Astrolabe","Empty Cage"],"picked":"Cursed Key"}],"items_purged_floors":[],"is_endless":false,"potions_floor_spawned":[7,10,11,12,14,18,27,30,35,37,38,42,46],"killed_by":"Shield and Spear","ascension_level":20}}