{"host":"ozhpk21u0qc04ewp","time":1608579255,"event":{"mods":["Aspiration","BaseMod","Better Third Choice","Downfall","Energized Spire","GifTheSpireLib","Hermit","Hubris","Minty Spire (QoL Compilation)","Replay The Spire","StSLib","Stuff the Spire","The Hierophant"],"gold_per_floor":[119,136,64,80,80,80,77,77,103,113,113,132,158,174,174,253,253,269,269,194,109,110,110,91,91,117,155,170,199,199,215,215,306,306,341,177,177,177,227,227,227,193,193,240,240,240,240,240,240,271,271,186],"floor_reached":53,"playtime":3087,"items_purged":["hierophant:Defend_Hierophant"],"score":760,"play_id":"4a71a065-28e6-4f35-b66b-795daa6b3a90","local_time":"20201221113415","is_ascension_mode":false,"campfire_choices":[{"data":"hierophant:Sermon","floor":6,"key":"SMITH"},{"data":"hierophant:ChurchCoffers","floor":8,"key":"SMITH"},{"data":"hierophant:Martyrdom","floor":11,"key":"SMITH"},{"data":"hierophant:Glossolalia","floor":23,"key":"SMITH"},{"data":"hierophant:LocustPlague","floor":30,"key":"SMITH"},{"data":"StuffTheSpire:WarGroove","floor":32,"key":"SMITH"},{"data":"hierophant:Community","floor":41,"key":"SMITH"},{"data":"expansioncontent:CaCaw","floor":49,"key":"SMITH"},{"floor":51,"key":"REST"}],"circlet_count":0,"master_deck":["hierophant:Strike_Hierophant","hierophant:Strike_Hierophant","hierophant:Strike_Hierophant","hierophant:Punish","hierophant:Defend_Hierophant","hierophant:Defend_Hierophant","hierophant:Defend_Hierophant","hierophant:ChurchCoffers+1","hierophant:SolarFlare","hierophant:FlamingChariot+1","hierophant:ArchangelShield+1","hierophant:Sermon+1","hierophant:MirrorShield","hierophant:Martyrdom+1","hierophant:ArchangelShield","hierophant:Shelter","hierophant:LocustPlague+1","hierophant:Glossolalia+1","StuffTheSpire:Brawn","hierophant:OrnateBuckler","hierophant:Sermon","StuffTheSpire:WarGroove+1","hierophant:Chorus+1","hierophant:RustyCrate","hierophant:Doubloon","hierophant:Doubloon","hierophant:Doubloon","hierophant:Martyrdom+1","hierophant:AuricForm","CurseOfTheBell","expansioncontent:CaCaw+1","hierophant:Community+1","Parasite","expansioncontent:FaceSlap","hierophant:FlamingChariot+1"],"relics":["hierophant:PropheticMaskRelic","NeowsBlessing","aspiration:HatOfInfinitePower","aspiration:HiddenCompartment","Centennial Puzzle","hubris:RunicObelisk","hubris:Spice","Meat on the Bone","Bag of Marbles","ReplayTheSpireMod:TigerMarble","Calling Bell","hubris:TenFootPole","StuffTheSpire:RubySignet","Bird Faced Urn","hubris:Icosahedron","StoneCalendar","hubris:64BitClover"],"acts_visited":["Exordium","TheCity","TheBeyond"],"potions_floor_usage":[12,13,14,16,28,29,33,33,39,44,50,50],"damage_taken":[{"damage":0,"enemies":"Cultist","floor":1,"turns":1},{"damage":0,"enemies":"Small Slimes","floor":2,"turns":1},{"damage":0,"enemies":"Jaw Worm","floor":4,"turns":1},{"damage":18,"enemies":"Replay:BlueRogue","floor":7,"turns":6},{"damage":5,"enemies":"Exordium Wildlife","floor":10,"turns":4},{"damage":0,"enemies":"Looter","floor":12,"turns":2},{"damage":4,"enemies":"3 Sentries","floor":13,"turns":4},{"damage":0,"enemies":"3 Louse","floor":14,"turns":2},{"damage":35,"enemies":"Slime Boss","floor":16,"turns":4},{"damage":0,"enemies":"Spheric Guardian","floor":18,"turns":3},{"damage":1,"enemies":"Chosen","floor":22,"turns":3},{"damage":10,"enemies":"Gremlin Leader","floor":24,"turns":4},{"damage":9,"enemies":"Replay:Snechameleon","floor":27,"turns":5},{"damage":3,"enemies":"Snake Plant","floor":28,"turns":4},{"damage":6,"enemies":"Chosen and Byrds","floor":29,"turns":5},{"damage":10,"enemies":"Cultist and Chosen","floor":31,"turns":4},{"damage":28,"enemies":"hubris:MusketHawk","floor":33,"turns":7},{"damage":0,"enemies":"3 Shapes","floor":35,"turns":3},{"damage":10,"enemies":"Orb Walker","floor":39,"turns":2},{"damage":26,"enemies":"Writhing Mass","floor":42,"turns":5},{"damage":32,"enemies":"4 Shapes","floor":44,"turns":7},{"damage":14,"enemies":"Nemesis","floor":50,"turns":3},{"damage":38,"enemies":"Awakened One","floor":52,"turns":7}],"seed_played":"-80084895646629347","potions_obtained":[{"floor":1,"key":"SneckoOil"},{"floor":7,"key":"hexamod:EctoCoolerPotion"},{"floor":10,"key":"sneckomod:MuddlingPotion"},{"floor":12,"key":"champ:CounterPotion"},{"floor":13,"key":"Ancient Potion"},{"floor":18,"key":"Block Potion"},{"floor":28,"key":"DistilledChaos"},{"floor":31,"key":"Venom Potion"},{"floor":33,"key":"Fire Potion"},{"floor":39,"key":"EssenceOfSteel"},{"floor":42,"key":"sneckomod:MuddlingPotion"}],"is_trial":false,"path_per_floor":["M","M","$","M","?","R","E","R","T","M","R","M","E","M","R","B",null,"M","?","?","?","M","R","E","?","T","E","M","M","R","M","R","B",null,"M","$","?","?","M","?","R","M","T","M","PTL","PTL","?","?","R","E","R","B",null],"character_chosen":"HIEROPHANT","items_purchased":["hierophant:ArchangelShield","expansioncontent:CaCaw"],"campfire_rested":1,"item_purchase_floors":[3,36],"current_hp_per_floor":[75,75,75,75,75,75,57,57,57,52,52,52,48,48,70,35,75,75,57,57,65,64,64,54,34,34,37,46,52,52,42,42,26,83,83,83,83,79,69,69,69,57,57,45,45,45,45,45,45,44,67,45],"gold":186,"neow_bonus":"THREE_ENEMY_KILL","is_daily":false,"chose_seed":false,"campfire_upgraded":8,"win_rate":0.0,"timestamp":1608579255,"path_taken":["M","?","$","M","?","R","E","R","T","?","R","M","E","M","R","BOSS","M","?","?","?","M","R","E","?","T","E","M","M","R","M","R","BOSS","M","$","?","?","M","?","R","?","T","M","PTL","PTL","?","?","R","E","R","BOSS"],"items_purchased_type":["Card","Card"],"build_version":"2020-12-13","purchased_purges":1,"victory":true,"max_hp_per_floor":[75,75,75,75,75,75,75,75,75,75,75,75,75,75,75,75,75,75,75,75,83,83,83,83,83,83,83,83,83,83,83,83,83,83,83,83,83,79,79,79,79,79,79,79,79,79,79,79,79,79,79,79],"card_choices":[{"not_picked":["hierophant:HammerAndAnvil","hierophant:CursedGold"],"picked":"hierophant:SolarFlare","floor":1},{"not_picked":["hierophant:ThreeLashes","hierophant:Zeal"],"picked":"hierophant:FlamingChariot","floor":2},{"not_picked":["hierophant:Determination","hierophant:DisplayOfPower"],"picked":"hierophant:Sermon","floor":4},{"not_picked":["hierophant:ArchangelShield","hierophant:EyeForCoin"],"picked":"hierophant:MirrorShield","floor":7},{"not_picked":["hierophant:Zeal","hierophant:Remorse"],"picked":"hierophant:Martyrdom","floor":10},{"not_picked":["hierophant:DisplayOfPower","hierophant:FaithHealing"],"picked":"hierophant:ArchangelShield","floor":12},{"not_picked":["hierophant:ConvertCurrency","hierophant:Remorse","hierophant:Mercenaries"],"picked":"SKIP","floor":13},{"not_picked":["hierophant:RecallFunds","hierophant:Smite"],"picked":"hierophant:Shelter","floor":14},{"not_picked":["hierophant:DeathKnell","hierophant:Cornucopia"],"picked":"hierophant:LocustPlague","floor":16},{"not_picked":["hierophant:Upheaval","hierophant:HammerAndAnvil+1"],"picked":"hierophant:Glossolalia","floor":18},{"not_picked":["hierophant:DisplayOfPower+1","hierophant:Smite"],"picked":"hierophant:OrnateBuckler","floor":22},{"not_picked":["hierophant:Alms+1","hierophant:AuricBeam"],"picked":"hierophant:Sermon","floor":24},{"not_picked":["hierophant:RecallFunds","hierophant:FieryStrike"],"picked":"hierophant:Chorus+1","floor":27},{"not_picked":["hierophant:SealAway","hierophant:PassingBell"],"picked":"hierophant:RustyCrate","floor":28},{"not_picked":["hierophant:Sermon","hierophant:FieryStrike"],"picked":"hierophant:Martyrdom+1","floor":29},{"not_picked":["hierophant:Dazzle","hierophant:Encroach","hierophant:Anathema"],"picked":"SKIP","floor":31},{"not_picked":["hierophant:Determination","hierophant:Anathema"],"picked":"hierophant:AuricForm","floor":33},{"not_picked":["hierophant:Smite","hierophant:Dazzle+1","hierophant:MirrorShield+1"],"picked":"SKIP","floor":35},{"not_picked":["hierophant:Prophecy+1","hierophant:Remorse"],"picked":"hierophant:Community","floor":39},{"not_picked":["hierophant:FieryStrike","hierophant:Doubloon","hierophant:Remorse"],"picked":"SKIP","floor":42},{"not_picked":["hierophant:Zeal","hierophant:Community","hierophant:ThreeLashes+1"],"picked":"SKIP","floor":44},{"not_picked":["Panacea","HandOfGreed"],"picked":"expansioncontent:FaceSlap","floor":47},{"not_picked":["hierophant:MirrorShield+1","hierophant:DeathKnell"],"picked":"hierophant:FlamingChariot+1","floor":50}],"player_experience":87018,"relics_obtained":[{"floor":7,"key":"aspiration:HatOfInfinitePower"},{"floor":9,"key":"aspiration:HiddenCompartment"},{"floor":13,"key":"Centennial Puzzle"},{"floor":24,"key":"Meat on the Bone"},{"floor":26,"key":"Bag of Marbles"},{"floor":27,"key":"ReplayTheSpireMod:TigerMarble"},{"floor":34,"key":"hubris:TenFootPole"},{"floor":34,"key":"StuffTheSpire:RubySignet"},{"floor":34,"key":"Bird Faced Urn"},{"floor":43,"key":"StoneCalendar"},{"floor":50,"key":"hubris:64BitClover"}],"event_choices":[{"damage_healed":0,"gold_gain":0,"player_choice":"Upgraded","damage_taken":0,"max_hp_gain":0,"max_hp_loss":0,"event_name":"Upgrade Shrine","floor":5,"gold_loss":0,"cards_upgraded":["hierophant:ArchangelShield"]},{"cards_removed":["hierophant:Strike_Hierophant"],"damage_healed":0,"gold_gain":0,"player_choice":"Gave Gold","damage_taken":0,"max_hp_gain":0,"max_hp_loss":0,"event_name":"Beggar","floor":20,"gold_loss":75},{"damage_healed":0,"gold_gain":0,"player_choice":"Obtained Relic","damage_taken":0,"relics_obtained":["hubris:Spice"],"max_hp_gain":0,"max_hp_loss":0,"event_name":"Addict","floor":21,"gold_loss":85},{"damage_healed":0,"gold_gain":0,"player_choice":"Ignored","damage_taken":0,"max_hp_gain":0,"max_hp_loss":0,"event_name":"Tomb of Lord Red Mask","floor":37,"gold_loss":0},{"damage_healed":0,"gold_gain":0,"player_choice":"Max HP","damage_taken":0,"max_hp_gain":0,"max_hp_loss":4,"event_name":"Winding Halls","floor":38,"gold_loss":0},{"damage_healed":0,"gold_gain":0,"player_choice":"Memory 1","damage_taken":0,"max_hp_gain":0,"max_hp_loss":0,"event_name":"SensoryStone","floor":47,"gold_loss":0},{"damage_healed":0,"gold_gain":0,"player_choice":"Ignored","damage_taken":0,"max_hp_gain":0,"max_hp_loss":0,"event_name":"betterThird:BetterPortal","floor":48,"gold_loss":0}],"is_beta":false,"boss_relics":[{"not_picked":["hubris:Stopwatch","hubris:TerracottaHorce"],"picked":"hubris:RunicObelisk"},{"not_picked":["Replay:Ancient Bell","Painkiller Herb"],"picked":"Calling Bell"}],"items_purged_floors":[36],"is_endless":false,"potions_floor_spawned":[1,7,10,12,13,18,28,31,33,39,42],"ascension_level":0}}