{"host":"6z6y4ky8uzsz1dpj","time":1608557257,"event":{"mods":["2.2 Compatiblity","AchievementEnabler","BaseMod","BetterRewards","Challenge The Spire","Colored Map","Hubris","Minty Spire (QoL Compilation)","Quick Restart","Replay The Spire","StSLib"],"gold_per_floor":[110,122,132,132,147,178,143,143,169,244,273,273,289,322,322,423,423,434,281,296,309,2,27,27,62,89,121,133,152,152,93,93,192,192,212,222,222,233,244,277,304,304,304,304,304,329,329,364,364,364,364,364,38,66,66],"floor_reached":56,"playtime":2413,"items_purged":["Strike_B","Strike_B"],"score":1622,"play_id":"2dd430d6-f612-4e1f-8a48-292794661531","local_time":"20201221082737","is_ascension_mode":true,"campfire_choices":[{"data":"Capacitor","floor":12,"key":"SMITH"},{"data":"Sunder","floor":15,"key":"SMITH"},{"floor":24,"key":"REST"},{"floor":32,"key":"DIG"},{"floor":42,"key":"RECALL"},{"floor":44,"key":"REST"},{"floor":47,"key":"DIG"},{"floor":49,"key":"REST"},{"data":"Strike_B","floor":52,"key":"PURGE"}],"circlet_count":0,"master_deck":["Defend_B","Defend_B+1","Defend_B","Defend_B","Zap","Dualcast","Self Repair","Conserve Battery","Conserve Battery+1","Capacitor+1","Conserve Battery","Coolheaded","Blizzard+1","Storm","Storm+1","Sunder+1","All For One","ReplayTheSpireMod:Calculation Training+1","Storm","Ball Lightning+1","Redo","Specialist","Cold Snap","FIFO Queue","Chill+1","Machine Learning","Rebound","Cold Snap","Static Discharge+1","Hello World+1","Barrage","Barrage","Electrodynamics","Storm+1","Cold Snap+1","ReplayTheSpireMod:Calculation Training+1","Hologram","Machine Learning","Madness","Madness","Doom and Gloom+1","White Noise+1","Heatsinks","Force Field","Finesse","hubris:PowerSurge"],"relics":["Cracked Core","HornCleat","hubris:AstralHammer","Carrot","Replay:Ringing Soul","Gremlin Food","SlaversCollar","Mercury Hourglass","Blue Doll","Tiny Chest","Potion Belt","Replay:Antivirus Software","Fusion Hammer","hubris:64BitClover","Singing Bowl","Regal Pillow","Replay:Bottled Flurry","Replay:Multitool","Bottled Lightning","ReplayTheSpireMod:TigerMarble","Art of War","Snack Pack"],"acts_visited":["Exordium","TheCity","TheBeyond","TheEnding"],"potions_floor_usage":[6,11,14,50,55,55,55],"damage_taken":[{"damage":10,"enemies":"2 Louse","floor":1,"turns":3},{"damage":3,"enemies":"Cultist","floor":2,"turns":4},{"damage":7,"enemies":"Jaw Worm","floor":3,"turns":4},{"damage":16,"enemies":"Exordium Thugs","floor":5,"turns":7},{"damage":28,"enemies":"3 Sentries","floor":6,"turns":9},{"damage":23,"enemies":"Lagavulin","floor":11,"turns":8},{"damage":0,"enemies":"Large Slime","floor":13,"turns":7},{"damage":11,"enemies":"3 Sentries","floor":14,"turns":4},{"damage":23,"enemies":"Fading Forest","floor":16,"turns":11},{"damage":32,"enemies":"Shell Parasite","floor":18,"turns":6},{"damage":36,"enemies":"Chosen","floor":20,"turns":5},{"damage":5,"enemies":"Snake Plant","floor":21,"turns":3},{"damage":32,"enemies":"Book of Stabbing","floor":23,"turns":5},{"damage":0,"enemies":"Gremlin Leader","floor":25,"turns":5},{"damage":4,"enemies":"Slavers","floor":27,"turns":3},{"damage":1,"enemies":"Shelled Parasite and Fungi","floor":28,"turns":4},{"damage":20,"enemies":"Centurion and Healer","floor":29,"turns":6},{"damage":16,"enemies":"Collector","floor":33,"turns":7},{"damage":0,"enemies":"3 Darklings","floor":35,"turns":2},{"damage":8,"enemies":"Orb Walker","floor":36,"turns":2},{"damage":0,"enemies":"Sphere and 2 Shapes","floor":38,"turns":3},{"damage":11,"enemies":"Spire Growth","floor":39,"turns":3},{"damage":0,"enemies":"Reptomancer","floor":40,"turns":3},{"damage":11,"enemies":"Giant Head","floor":46,"turns":6},{"damage":0,"enemies":"Reptomancer","floor":48,"turns":4},{"damage":41,"enemies":"Awakened One","floor":50,"turns":7},{"damage":19,"enemies":"Shield and Spear","floor":54,"turns":3},{"damage":119,"enemies":"The Heart","floor":55,"turns":6}],"seed_played":"7781617412783523052","potions_obtained":[{"floor":3,"key":"Ancient Potion"},{"floor":4,"key":"LiquidBronze"},{"floor":4,"key":"LifebloodPotion"},{"floor":5,"key":"Block Potion"},{"floor":11,"key":"ColorlessPotion"},{"floor":14,"key":"PotionOfCapacity"},{"floor":16,"key":"SpeedPotion"},{"floor":28,"key":"Weak Potion"},{"floor":38,"key":"Weak Potion"},{"floor":39,"key":"SpeedPotion"},{"floor":46,"key":"Swift Potion"},{"floor":54,"key":"EssenceOfDarkness"}],"is_trial":false,"path_per_floor":["M","M","M","?","M","E","?","?","T","?","E","R","M","E","R","B",null,"M","$","M","M","$","E","R","E","T","E","M","M","?","$","R_BF","B",null,"M","M","?","M","M","E","T","R","T","R","?","E","R","E","R_BF","B",null,"R","$","E","B",null],"character_chosen":"DEFECT","items_purchased":["Self Repair","HornCleat","Storm","Specialist","Cold Snap","FIFO Queue","Hello World","Barrage","Heatsinks","Art of War","Force Field","Finesse"],"campfire_rested":3,"item_purchase_floors":[0,0,19,22,22,22,31,31,53,53,53,53],"current_hp_per_floor":[64,68,68,68,59,38,56,56,56,45,32,32,42,41,41,28,87,65,68,42,47,50,28,59,69,69,75,77,67,67,70,70,57,123,126,128,128,132,124,127,127,127,127,138,124,123,123,126,147,113,147,147,150,141,31],"gold":66,"neow_bonus":"","is_daily":false,"chose_seed":false,"campfire_upgraded":2,"win_rate":0.0,"timestamp":1608557257,"path_taken":["M","M","M","?","?","E","?","?","T","?","E","R","M","E","R","BOSS","M","$","M","M","$","E","R","E","T","E","M","M","?","?","R_BF","BOSS","M","M","?","M","M","E","?","R","T","R","?","E","R","E","R_BF","BOSS","R","$","E","BOSS"],"items_purchased_type":["Card","Relic","Card","Card","Card","Card","Card","Card","Card","Relic","Card","Card"],"build_version":"2020-12-13","purchased_purges":2,"victory":true,"max_hp_per_floor":[75,75,75,75,75,75,75,75,75,75,78,78,81,84,84,87,87,90,93,96,99,102,105,105,108,108,111,114,117,117,120,120,123,123,126,129,129,132,135,138,138,138,138,138,141,144,144,147,147,147,147,147,150,153,153],"card_choices":[{"not_picked":["Turbo","Go for the Eyes"],"picked":"Conserve Battery","floor":1},{"not_picked":["Go for the Eyes","Turbo"],"picked":"Conserve Battery","floor":2},{"not_picked":["Sweeping Beam","Time Bomb"],"picked":"Capacitor","floor":3},{"not_picked":["Hyperbeam","Steam"],"picked":"Conserve Battery","floor":5},{"not_picked":["Beam Cell","hubris:PowerSurge"],"picked":"Coolheaded","floor":6},{"not_picked":["Leap","Streamline"],"picked":"Storm","floor":11},{"not_picked":["Barrage","ReplayGash"],"picked":"Storm","floor":13},{"not_picked":["Glacier","Streamline"],"picked":"Sunder","floor":14},{"not_picked":["hubris:SpecializedCircuitry","Biased Cognition"],"picked":"All For One","floor":16},{"not_picked":["Steam+1","Rebound"],"picked":"ReplayTheSpireMod:Calculation Training+1","floor":18},{"not_picked":["Conserve Battery+1","Reprogram"],"picked":"Ball Lightning+1","floor":20},{"not_picked":["Leap","BasicCrystalCard"],"picked":"Redo","floor":21},{"not_picked":["Turbo+1","Steam"],"picked":"Chill+1","floor":23},{"not_picked":["Chaos","Ball Lightning"],"picked":"Machine Learning","floor":25},{"not_picked":["Go for the Eyes","Undo"],"picked":"Rebound","floor":27},{"not_picked":["Hologram","Leap+1"],"picked":"Cold Snap","floor":28},{"not_picked":["Rebound","Double Energy"],"picked":"Static Discharge+1","floor":29},{"not_picked":["Buffer","Thunder Strike"],"picked":"Electrodynamics","floor":33},{"not_picked":["Heatsinks","Leap"],"picked":"Storm+1","floor":35},{"not_picked":["Leap","Compile Driver+1"],"picked":"Cold Snap+1","floor":36},{"not_picked":["Storm+1","Redo+1"],"picked":"ReplayTheSpireMod:Calculation Training+1","floor":38},{"not_picked":["Steam+1","Reinforced Body+1"],"picked":"Hologram","floor":39},{"not_picked":["Skim","ReplayTheSpireMod:Repulse+1"],"picked":"Machine Learning","floor":40},{"not_picked":["Panic Button+1","Beam Cell+1"],"picked":"Doom and Gloom+1","floor":46},{"not_picked":["Undo+1","Darkness+1"],"picked":"White Noise+1","floor":48},{"not_picked":["Turbo+1","FIFO Queue"],"picked":"hubris:PowerSurge","floor":54}],"player_experience":173372,"relics_obtained":[{"floor":6,"key":"Carrot"},{"floor":11,"key":"Replay:Ringing Soul"},{"floor":14,"key":"Gremlin Food"},{"floor":23,"key":"Mercury Hourglass"},{"floor":25,"key":"Blue Doll"},{"floor":26,"key":"Tiny Chest"},{"floor":27,"key":"Potion Belt"},{"floor":32,"key":"Replay:Antivirus Software"},{"floor":40,"key":"Singing Bowl"},{"floor":41,"key":"Regal Pillow"},{"floor":43,"key":"Replay:Bottled Flurry"},{"floor":46,"key":"Replay:Multitool"},{"floor":47,"key":"Bottled Lightning"},{"floor":48,"key":"ReplayTheSpireMod:TigerMarble"},{"floor":54,"key":"Snack Pack"}],"event_choices":[{"damage_healed":0,"gold_gain":0,"player_choice":"Got Potions","damage_taken":0,"max_hp_gain":0,"max_hp_loss":0,"event_name":"Lab","floor":4,"gold_loss":0},{"damage_healed":18,"gold_gain":0,"player_choice":"Healed","damage_taken":0,"max_hp_gain":0,"max_hp_loss":0,"event_name":"The Cleric","floor":7,"gold_loss":35},{"damage_healed":0,"gold_gain":75,"player_choice":"Gather Gold","damage_taken":11,"max_hp_gain":0,"max_hp_loss":0,"event_name":"World of Goop","floor":10,"gold_loss":0},{"damage_healed":0,"gold_gain":0,"player_choice":"Upgraded","damage_taken":0,"max_hp_gain":0,"max_hp_loss":0,"event_name":"Upgrade Shrine","floor":30,"gold_loss":0,"cards_upgraded":["Storm"]},{"damage_healed":0,"gold_gain":0,"player_choice":"Gave Potion","damage_taken":0,"relics_obtained":["hubris:64BitClover"],"max_hp_gain":0,"max_hp_loss":0,"event_name":"WeMeetAgain","floor":37,"gold_loss":0},{"damage_healed":0,"gold_gain":0,"player_choice":"Embrace Madness","damage_taken":17,"max_hp_gain":0,"max_hp_loss":0,"event_name":"Winding Halls","floor":45,"gold_loss":0,"cards_obtained":["Madness","Madness"]}],"is_beta":false,"boss_relics":[{"not_picked":["Velvet Choker","Honey Jar"],"picked":"SlaversCollar"},{"not_picked":["Cursed Key","Runic Pyramid"],"picked":"Fusion Hammer"}],"items_purged_floors":[19,22],"is_endless":false,"potions_floor_spawned":[3,5,11,14,16,18,21,28,38,39,46,54],"ascension_level":3}}