{"host":"867cnhxguf2bzj4x","time":1608566373,"event":{"mods":["BaseMod","GifTheSpireLib","Minty Spire (QoL Compilation)","StSLib","The Bug Knight","The Cursed","The Hierophant","The Servant 0.9.4"],"gold_per_floor":[114,64,64,78,78,110,110,128,155,155,155,230,0,64,64,165,165,185,260,132,147,12,28,28,28,40,52,84,96,123,135,135],"floor_reached":31,"playtime":1319,"items_purged":["HollowMod:MothsMistake","HollowMod:NailStrikeStart"],"score":256,"play_id":"84e9671d-34b6-4daf-94f2-f3fbc87dcbbb","local_time":"20201221165933","is_ascension_mode":false,"campfire_choices":[{"data":"HollowMod:FocusHealStart","floor":7,"key":"SMITH"},{"data":"HollowMod:CycloneSlash","floor":10,"key":"SMITH"},{"data":"HollowMod:NewLastStag","floor":15,"key":"SMITH"},{"floor":24,"key":"REST"}],"circlet_count":0,"master_deck":["HollowMod:NailStrikeStart","HollowMod:NailStrikeStart","HollowMod:QuickDashStart","HollowMod:QuickDashStart","HollowMod:QuickDashStart","HollowMod:FocusHealStart+1","HollowMod:PogoStrike","HollowMod:CycloneSlash+1","HollowMod:ChannelNail","HollowMod:NewLastStag+1","HollowMod:NewLittleFool","HollowMod:SlysStrikes","HollowMod:SiblingsSouls","HollowMod:CornifersMapStart","HollowMod:Grubsong","HollowMod:SoulStrike+1"],"relics":["HollowMod:VesselMask","NeowsBlessing","MealTicket","Bronze Scales","SlaversCollar","MawBank","HollowMod:StagPassRelic","Frozen Egg 2"],"acts_visited":["Exordium","TheCity"],"potions_floor_usage":[14,16,28],"damage_taken":[{"damage":0.0,"enemies":"Cultist","floor":1.0,"turns":1.0},{"damage":0.0,"enemies":"2 Louse","floor":4.0,"turns":1.0},{"damage":0.0,"enemies":"HollowMod:MossKnight","floor":6.0,"turns":1.0},{"damage":9,"enemies":"Small Slimes","floor":8,"turns":3},{"damage":11,"enemies":"Gremlin Nob","floor":14,"turns":3},{"damage":58,"enemies":"The Guardian","floor":16,"turns":8},{"damage":27,"enemies":"HollowMod:HuskSentry","floor":18,"turns":5},{"damage":27,"enemies":"Spheric Guardian","floor":21,"turns":4},{"damage":53,"enemies":"Snake Plant","floor":23,"turns":5},{"damage":36,"enemies":"3 Cultists","floor":28,"turns":4},{"damage":24,"enemies":"Centurion and Healer","floor":30,"turns":7},{"damage":7,"enemies":"Snake Plant","floor":31,"turns":1}],"seed_played":"2731070923555275684","potions_obtained":[{"floor":1.0,"key":"ColorlessPotion"},{"floor":4.0,"key":"SneckoOil"},{"floor":6.0,"key":"Fire Potion"},{"floor":21,"key":"PowerPotion"},{"floor":28,"key":"Ancient Potion"}],"is_trial":false,"path_per_floor":["M","$","?","M","?","E","R","M","T","R","?","?","?","?","R","B",null,"M","?","$","M","$","M","R","T","T","?","M","$","M","M"],"character_chosen":"THE_BUGKNIGHT","items_purchased":["HollowMod:TaintedHusks","HollowMod:SiblingsSouls","HollowMod:Grubsong"],"campfire_rested":1,"item_purchase_floors":[2,20,22],"current_hp_per_floor":[75,75,75,75,75,75,75,71,71,71,64,53,53,48,48,2,75,54,47,62,41,56,9,31,31,31,31,1,16,2,0,0],"gold":135,"neow_bonus":"THREE_ENEMY_KILL","is_daily":false,"chose_seed":false,"campfire_upgraded":3,"win_rate":0.0,"timestamp":1608566373,"path_taken":["M","$","?","?","?","E","R","M","T","R","?","?","?","?","R","BOSS","M","?","$","?","$","M","R","?","T","?","M","$","M","M"],"items_purchased_type":["Card","Card","Card"],"build_version":"2020-12-13","purchased_purges":2,"victory":false,"max_hp_per_floor":[75,75,75,75,75,75,75,75,75,75,75,75,75,75,75,75,75,75,75,75,75,75,75,75,75,75,75,75,75,75,75,75],"card_choices":[{"not_picked":["HollowMod:LifebloodCocoon","HollowMod:Grubsong"],"picked":"HollowMod:MothsMistake","floor":1.0},{"not_picked":["HollowMod:ShapeofUnn","HollowMod:CrystalDash"],"picked":"HollowMod:ChannelNail","floor":4.0},{"not_picked":["HollowMod:WraithStrike","HollowMod:MawleksShell","HollowMod:SiblingsShadow"],"picked":"SKIP","floor":6.0},{"not_picked":["HollowMod:SoulShaman","HollowMod:DesolateDive","HollowMod:HeavyBlow"],"picked":"SKIP","floor":8},{"not_picked":["HollowMod:ShadowDash","HollowMod:PureVessel"],"picked":"HollowMod:NewLittleFool","floor":14},{"not_picked":["HollowMod:LordofShades","HollowMod:PureVessel"],"picked":"HollowMod:SlysStrikes","floor":16},{"not_picked":["HollowMod:PureNailStrike","HollowMod:ChannelNail","HollowMod:GrimmsGift"],"picked":"SKIP","floor":18},{"not_picked":["HollowMod:VengefulVoid","HollowMod:ChannelNail"],"picked":"HollowMod:CornifersMapStart","floor":21},{"not_picked":["HollowMod:HeavyBlow","HollowMod:CoiledNail"],"picked":"HollowMod:SoulStrike+1","floor":23},{"not_picked":["HollowMod:GrimmsGift","HollowMod:TaintedHusks","HollowMod:HeavyBlow+1"],"picked":"SKIP","floor":28},{"not_picked":["HollowMod:LordofShades+1","HollowMod:VengefulVoid","HollowMod:CycloneSlash"],"picked":"SKIP","floor":30}],"player_experience":79967,"relics_obtained":[{"floor":6.0,"key":"MealTicket"},{"floor":14,"key":"Bronze Scales"},{"floor":25,"key":"MawBank"},{"floor":26,"key":"HollowMod:StagPassRelic"}],"event_choices":[{"damage_healed":0.0,"max_hp_gain":0.0,"max_hp_loss":0.0,"gold_gain":0.0,"cards_transformed":["HollowMod:QuickDashStart"],"event_name":"Transmorgrifier","player_choice":"Transformed","floor":3.0,"gold_loss":0.0,"damage_taken":0.0,"cards_obtained":["HollowMod:CycloneSlash"]},{"cards_removed":["HollowMod:TaintedHusks"],"damage_healed":0,"gold_gain":0,"player_choice":"Card Removal","damage_taken":7,"max_hp_gain":0,"max_hp_loss":0,"event_name":"Golden Wing","floor":11,"gold_loss":0},{"damage_healed":0,"gold_gain":75,"player_choice":"Gather Gold","damage_taken":11,"max_hp_gain":0,"max_hp_loss":0,"event_name":"World of Goop","floor":12,"gold_loss":0},{"damage_healed":0,"gold_gain":30,"player_choice":"Searched \u00272\u0027 times","damage_taken":0,"max_hp_gain":0,"max_hp_loss":0,"event_name":"Dead Adventurer","floor":14,"gold_loss":0},{"damage_healed":0,"gold_gain":75,"player_choice":"Touch","damage_taken":7,"max_hp_gain":0,"max_hp_loss":0,"event_name":"FaceTrader","floor":19,"gold_loss":0},{"damage_healed":0,"gold_gain":0,"player_choice":"Opened","damage_taken":0,"relics_obtained":["Frozen Egg 2"],"max_hp_gain":0,"max_hp_loss":0,"event_name":"The Mausoleum","floor":27,"gold_loss":0}],"is_beta":false,"boss_relics":[{"not_picked":["Calling Bell","Tiny House"],"picked":"SlaversCollar"}],"items_purged_floors":[20,22],"is_endless":false,"potions_floor_spawned":[1,4,6,21,28],"killed_by":"Snake Plant","ascension_level":0}}