{"host":"5smcqgbe0rrg6qum","time":1608510637,"event":{"mods":["A Magickal Journey","BaseMod","Hermit","Minty Spire (QoL Compilation)","StSLib","The Blackbeard","The Death Knight","The Necromancer","The Poker Player","The Servant 0.9.4","The Showman"],"gold_per_floor":[112,112,132,145,162,188,201,201,201,217,236,255,222,257,257,356,356,366,366,381,48,48,63,63,63,63,83,112,112,129,47,47,150,150,167,167,184,234,248,248,277,277,277,277,287,303,321,171,171,171,171],"floor_reached":50,"playtime":5086,"items_purged":[],"score":533,"play_id":"1eb955c2-5b0b-446f-a32d-7478c6d8ff96","local_time":"20201220163037","is_ascension_mode":false,"campfire_choices":[{"floor":8,"key":"REST"},{"floor":15,"key":"REST"},{"data":"hermit:EternalForm","floor":24,"key":"SMITH"},{"floor":32,"key":"REST"},{"data":"hermit:GoldenBullet","floor":40,"key":"SMITH"},{"floor":42,"key":"REST"},{"floor":49,"key":"REST"}],"circlet_count":0,"master_deck":["hermit:Strike_Hermit","hermit:Strike_Hermit","hermit:Strike_Hermit","hermit:Defend_Hermit","hermit:Defend_Hermit+1","hermit:Defend_Hermit+1","hermit:Defend_Hermit","hermit:Snapshot","hermit:Covet","hermit:Shortfuse+1","hermit:Snipe+1","hermit:Ricochet","hermit:Headshot","hermit:RoundhouseKick","hermit:NoHoldsBarred","hermit:EternalForm+1","hermit:Vantage","hermit:Feint","hermit:Combo","hermit:BodyArmor","hermit:BlackWind","hermit:Deadeye","Pain","hermit:HighCaliber","hermit:HighCaliber","hermit:Manifest","hermit:Cheat","hermit:CalledShot+1","hermit:Spite+1","hermit:CursedWeapon","hermit:Malice","hermit:FinalCanter","CurseOfTheBell","hermit:Desperado","hermit:LuckOfTheDraw","hermit:Quickdraw","hermit:GoldenBullet+1","hermit:NoHoldsBarred","hermit:Quickdraw+1","hermit:Quickdraw+1","hermit:Desperado+1","hermit:WideOpen+1","hermit:Horror+1","hermit:GoldenBullet","hermit:LoneWolf","hermit:BigShot+1"],"relics":["hermit:ClaspedLocket","NeowsBlessing","Blood Vial","War Paint","Vajra","WarpedTongs","TungstenRod","hermit:Spyglass","DeathKnight:SindragosasSkull","Bottled Tornado","Calling Bell","Bag of Marbles","InkBottle","FossilizedHelix","CaptainsWheel","Dream Catcher","Bottled Lightning"],"acts_visited":["Exordium","TheCity","TheBeyond"],"potions_floor_usage":[14,16,38,41,50],"damage_taken":[{"damage":0,"enemies":"Jaw Worm","floor":1,"turns":1},{"damage":0,"enemies":"Cultist","floor":3,"turns":1},{"damage":0,"enemies":"Small Slimes","floor":4,"turns":1},{"damage":5,"enemies":"Gremlin Gang","floor":5,"turns":4},{"damage":28,"enemies":"Gremlin Nob","floor":6,"turns":4},{"damage":7,"enemies":"Blue Slaver","floor":7,"turns":3},{"damage":0,"enemies":"Large Slime","floor":10,"turns":4},{"damage":1,"enemies":"2 Fungi Beasts","floor":11,"turns":3},{"damage":11,"enemies":"Lots of Slimes","floor":12,"turns":2},{"damage":20,"enemies":"3 Sentries","floor":14,"turns":5},{"damage":38,"enemies":"Hexaghost","floor":16,"turns":10},{"damage":17,"enemies":"2 Thieves","floor":18,"turns":4},{"damage":20,"enemies":"Spheric Guardian","floor":20,"turns":4},{"damage":0,"enemies":"Snecko","floor":23,"turns":4},{"damage":19,"enemies":"Sentry and Sphere","floor":27,"turns":6},{"damage":8,"enemies":"Book of Stabbing","floor":28,"turns":4},{"damage":11,"enemies":"Snake Plant","floor":30,"turns":2},{"damage":29,"enemies":"Automaton","floor":33,"turns":9},{"damage":9,"enemies":"3 Darklings","floor":35,"turns":3},{"damage":1,"enemies":"Orb Walker","floor":37,"turns":3},{"damage":10,"enemies":"Mind Bloom Boss Battle","floor":38,"turns":6},{"damage":8,"enemies":"Sphere and 2 Shapes","floor":39,"turns":4},{"damage":13,"enemies":"Nemesis","floor":41,"turns":9},{"damage":7,"enemies":"3 Darklings","floor":45,"turns":3},{"damage":36,"enemies":"4 Shapes","floor":46,"turns":4},{"damage":1,"enemies":"Sphere and 2 Shapes","floor":47,"turns":3},{"damage":63,"enemies":"Time Eater","floor":50,"turns":9}],"seed_played":"-5816172155575415448","potions_obtained":[{"floor":3,"key":"Strength Potion"},{"floor":5,"key":"LiquidMemories"},{"floor":7,"key":"SteroidPotion"},{"floor":18,"key":"Weak Potion"},{"floor":20,"key":"SmokeBomb"},{"floor":30,"key":"Regen Potion"},{"floor":35,"key":"EssenceOfSteel"},{"floor":45,"key":"Block Potion"},{"floor":47,"key":"hermit:Tonic"}],"is_trial":false,"path_per_floor":["M","?","M","M","M","E","M","R","T","M","M","M","$","E","R","B",null,"M","?","M","$","T","M","R","?","T","M","E","?","M","$","R","B",null,"M","?","M","?","M","R","E","R","T","?","M","M","M","$","R","B"],"character_chosen":"HERMIT","items_purchased":["hermit:Combo","TungstenRod","hermit:HighCaliber","hermit:Malice","hermit:GoldenBullet","hermit:LoneWolf"],"campfire_rested":5,"item_purchase_floors":[13,21,21,31,48,48],"current_hp_per_floor":[75,60,60,60,55,27,22,44,44,46,47,38,38,20,42,6,75,58,58,40,40,40,42,42,42,42,29,24,24,15,15,37,11,75,67,67,68,72,67,67,60,75,75,75,68,35,36,36,58,0,0],"gold":171,"neow_bonus":"THREE_ENEMY_KILL","is_daily":false,"chose_seed":false,"campfire_upgraded":2,"win_rate":0.0,"timestamp":1608510637,"path_taken":["M","?","M","M","M","E","M","R","T","M","M","M","$","E","R","BOSS","M","?","M","$","?","M","R","?","T","?","E","?","M","$","R","BOSS","M","?","M","?","M","R","E","R","T","?","?","M","M","$","R","BOSS"],"items_purchased_type":["Card","Relic","Card","Card","Card","Card"],"build_version":"2020-12-13","purchased_purges":0,"victory":false,"max_hp_per_floor":[75,75,75,75,75,75,75,75,75,75,75,75,75,75,75,75,75,75,75,75,75,75,75,75,75,75,75,75,75,75,75,75,75,75,75,75,75,75,75,75,75,75,75,75,75,75,75,75,75,75,75],"card_choices":[{"not_picked":["hermit:Desperado","hermit:Coalescence"],"picked":"hermit:Shortfuse","floor":1},{"not_picked":["hermit:CalledShot","hermit:SprayPray"],"picked":"hermit:Snipe","floor":3},{"not_picked":["hermit:WideOpen","hermit:Dive"],"picked":"hermit:Ricochet","floor":4},{"not_picked":["hermit:HighCaliber","hermit:GhostlyPresence"],"picked":"hermit:Headshot","floor":5},{"not_picked":["hermit:HoleUp","hermit:ItchyTrigger"],"picked":"hermit:RoundhouseKick","floor":6},{"not_picked":["hermit:TrackingShot","hermit:Headshot"],"picked":"hermit:NoHoldsBarred","floor":7},{"not_picked":["hermit:Malice","hermit:Glare"],"picked":"hermit:EternalForm","floor":10},{"not_picked":["hermit:Coalescence","hermit:Gestalt"],"picked":"hermit:Vantage","floor":11},{"not_picked":["hermit:Ricochet","hermit:Roulette"],"picked":"hermit:Feint","floor":12},{"not_picked":["hermit:BigShot","hermit:Determination"],"picked":"hermit:BodyArmor","floor":14},{"not_picked":["hermit:EternalForm","hermit:Adapt"],"picked":"hermit:BlackWind","floor":16},{"not_picked":["hermit:Vantage","hermit:Headshot"],"picked":"hermit:Deadeye","floor":18},{"not_picked":["hermit:LuckOfTheDraw","hermit:LowProfile"],"picked":"hermit:HighCaliber","floor":20},{"not_picked":["hermit:Snipe+1","hermit:Coalescence"],"picked":"hermit:Manifest","floor":23},{"not_picked":["hermit:Headshot","hermit:ItchyTrigger"],"picked":"hermit:CalledShot+1","floor":27},{"not_picked":["hermit:Coalescence+1","hermit:OverwhelmingPower"],"picked":"hermit:Spite+1","floor":28},{"not_picked":["hermit:Gestalt+1","hermit:BodyArmor+1"],"picked":"hermit:CursedWeapon","floor":30},{"not_picked":["hermit:FatalDesire","hermit:Adapt"],"picked":"hermit:FinalCanter","floor":33},{"not_picked":["hermit:Spite+1","hermit:WideOpen+1"],"picked":"hermit:Desperado","floor":35},{"not_picked":["hermit:Snipe","hermit:Virtue"],"picked":"hermit:LuckOfTheDraw","floor":37},{"not_picked":["hermit:DeadMansHand","hermit:HoleUp"],"picked":"hermit:Quickdraw","floor":38},{"not_picked":["hermit:FullyLoaded","hermit:TakeAim"],"picked":"hermit:GoldenBullet","floor":39},{"not_picked":["hermit:Reprieve","hermit:TrackingShot"],"picked":"hermit:NoHoldsBarred","floor":41},{"not_picked":["hermit:Desperado","hermit:Spite"],"picked":"hermit:Quickdraw+1","floor":42},{"not_picked":["hermit:HoleUp","hermit:Gestalt"],"picked":"hermit:Desperado+1","floor":45},{"not_picked":["hermit:Coalescence","hermit:Desperado+1"],"picked":"hermit:WideOpen+1","floor":46},{"not_picked":["hermit:Desperado+1","hermit:Gestalt+1"],"picked":"hermit:Horror+1","floor":47},{"not_picked":["hermit:Determination","hermit:Snipe"],"picked":"hermit:BigShot+1","floor":49}],"player_experience":22868,"relics_obtained":[{"floor":6,"key":"Blood Vial"},{"floor":9,"key":"War Paint"},{"floor":14,"key":"Vajra"},{"floor":22,"key":"hermit:Spyglass"},{"floor":26,"key":"DeathKnight:SindragosasSkull"},{"floor":28,"key":"Bottled Tornado"},{"floor":34,"key":"Bag of Marbles"},{"floor":34,"key":"InkBottle"},{"floor":34,"key":"FossilizedHelix"},{"floor":38,"key":"CaptainsWheel"},{"floor":41,"key":"Dream Catcher"},{"floor":43,"key":"Bottled Lightning"}],"event_choices":[{"damage_healed":0,"gold_gain":0,"player_choice":"Entered Light","damage_taken":15,"max_hp_gain":0,"max_hp_loss":0,"event_name":"Shining Light","floor":2,"gold_loss":0,"cards_upgraded":["hermit:Defend_Hermit","hermit:Shortfuse"]},{"damage_healed":0,"gold_gain":0,"player_choice":"Rummage","damage_taken":0,"relics_obtained":["WarpedTongs"],"max_hp_gain":0,"max_hp_loss":0,"event_name":"Accursed Blacksmith","floor":19,"gold_loss":0,"cards_obtained":["Pain"]},{"damage_healed":0,"gold_gain":0,"cards_transformed":["hermit:Strike_Hermit"],"player_choice":"Transformed","damage_taken":0,"max_hp_gain":0,"max_hp_loss":0,"event_name":"Transmorgrifier","floor":25,"gold_loss":0,"cards_obtained":["hermit:Cheat"]},{"damage_healed":0,"gold_gain":0,"player_choice":"Fight","damage_taken":0,"max_hp_gain":0,"max_hp_loss":0,"event_name":"MindBloom","floor":38,"gold_loss":0},{"damage_healed":0,"gold_gain":0,"player_choice":"Copied","damage_taken":0,"max_hp_gain":0,"max_hp_loss":0,"event_name":"Duplicator","floor":44,"gold_loss":0,"cards_obtained":["hermit:Quickdraw"]}],"is_beta":false,"boss_relics":[{"not_picked":["Sozu","SacredBark"],"picked":"hermit:ClaspedLocket"},{"not_picked":["Black Star","Velvet Choker"],"picked":"Calling Bell"}],"items_purged_floors":[],"is_endless":false,"potions_floor_spawned":[3,5,7,18,20,27,30,35,45,47],"killed_by":"Time Eater","ascension_level":0}}