{"host":"pf9sh7nh6rpu9sau","time":1608583136,"event":{"mods":["2.2 Compatiblity","BaseMod","BetterRewards","Downfall","Hermit","Hubris","Mad Scientist","Minty Spire (QoL Compilation)","Permanent Neow","Quick Restart","Replay The Spire","Somnambulant","StSLib","The Clintock","The Cursed","The Disciple","The Hierophant","The Necromancer","The Runesmith","The Servant 0.9.4","TheVacant"],"gold_per_floor":[99,134,134,149,149,166,166,177,177,203,203,221,221,234,250,348,348,348,364,53,53,68,94,94,113,113,113,113],"floor_reached":26,"playtime":2516,"items_purged":["hexamod:Strike"],"score":238,"play_id":"e7d33ee3-6ad2-48d8-8d5f-db1a6449ad71","local_time":"20201221153856","is_ascension_mode":false,"campfire_choices":[{"data":"hexamod:Sear","floor":1,"key":"SMITH"},{"data":"hexamod:Float","floor":3,"key":"SMITH"},{"data":"hexamod:GhostflameBarrier","floor":5,"key":"SMITH"},{"data":"hexamod:RainOfEmbers","floor":9,"key":"SMITH"},{"data":"hexamod:TimeOfNeed","floor":18,"key":"SMITH"},{"data":"hexamod:ExtraCrispy","floor":21,"key":"SMITH"}],"circlet_count":0,"master_deck":["hexamod:Strike+1","hexamod:Strike+1","hexamod:Strike+1","hexamod:Defend+1","hexamod:Defend","hexamod:Defend+1","hexamod:Defend+1","hexamod:Sear+1","hexamod:Float+1","hexamod:GhostflameBarrier+1","hexamod:RainOfEmbers+1","hexamod:SixthSeal","hexamod:Incineration","Parasite","hexamod:TimeOfNeed+1","hexamod:ExtraCrispy+1","hexamod:ExtraCrispy+1"],"relics":["hexamod:SpiritBrand","Strawberry","Replay:WaspNest","Gremlin Horn","SlaversCollar","TheAbacus","Replay:Bottled Steam","Sundial"],"acts_visited":["Exordium","TheCity"],"potions_floor_usage":[10,14,23],"damage_taken":[{"damage":28,"enemies":"Lagavulin","floor":2,"turns":6},{"damage":0,"enemies":"Jaw Worm","floor":4,"turns":3},{"damage":0,"enemies":"Cultist","floor":6,"turns":4},{"damage":0,"enemies":"Small Slimes","floor":8,"turns":3},{"damage":4,"enemies":"Gremlin Nob","floor":10,"turns":3},{"damage":6,"enemies":"Blue Slaver","floor":12,"turns":4},{"damage":6,"enemies":"Large Slime","floor":14,"turns":7},{"damage":0,"enemies":"Exordium Wildlife","floor":15,"turns":3},{"damage":34,"enemies":"downfall:Ironclad","floor":16,"turns":9},{"damage":0,"enemies":"Spheric Guardian","floor":19,"turns":3},{"damage":4,"enemies":"downfall:FleeingMerchant","floor":20,"turns":4},{"damage":13,"enemies":"3 Byrds","floor":22,"turns":3},{"damage":53,"enemies":"Slavers","floor":23,"turns":7},{"damage":7,"enemies":"Snake Plant","floor":25,"turns":4},{"damage":8,"enemies":"Cultist and Chosen","floor":26,"turns":4}],"seed_played":"6728642691099095084","potions_obtained":[{"floor":4,"key":"Adrenaline Potion"},{"floor":6,"key":"Strength Potion"},{"floor":8,"key":"Fire Potion"},{"floor":19,"key":"Dexterity Potion"},{"floor":22,"key":"FearPotion"}],"is_trial":false,"path_per_floor":["R","E","R","M","R","M","T","M","R","E","?","M","?","M","M","B",null,"R","M","$","R","M","E","T","M","M"],"character_chosen":"THE_SPIRIT","items_purchased":["hexamod:ExtraCrispy","TheAbacus"],"campfire_rested":0,"item_purchase_floors":[20,20],"current_hp_per_floor":[77,56,56,56,56,56,56,56,56,52,52,46,67,61,61,27,84,84,84,80,80,67,14,14,7,0,0,0],"gold":113,"neow_bonus":"TEN_PERCENT_HP_BONUS","is_daily":false,"chose_seed":false,"campfire_upgraded":6,"win_rate":0.0,"timestamp":1608583136,"path_taken":["R","E","R","M","R","M","T","M","R","E","?","?","?","M","M","BOSS","R","M","$","R","M","E","T","M","M"],"items_purchased_type":["Card","Relic"],"build_version":"2020-12-13","purchased_purges":1,"victory":false,"max_hp_per_floor":[77,84,84,84,84,84,84,84,84,84,84,84,84,84,84,84,84,84,84,84,84,84,84,84,84,84,84,84],"card_choices":[{"not_picked":["hexamod:InspiringFlames","hexamod:PowerFromBeyond","hexamod:Rewind"],"picked":"SKIP","floor":2},{"not_picked":["hexamod:Hexaguard","hexamod:HauntingEcho"],"picked":"hexamod:GhostflameBarrier","floor":4},{"not_picked":["hexamod:AdvancingGuard","hexamod:ShieldOfDarkness"],"picked":"hexamod:RainOfEmbers","floor":6},{"not_picked":["hexamod:FastForward","hexamod:AdvancingGuard","hexamod:NightmareGuise"],"picked":"SKIP","floor":8},{"not_picked":["hexamod:InspiringFlames","hexamod:NightmareGuise"],"picked":"hexamod:SixthSeal","floor":10},{"not_picked":["hexamod:GhostShield","hexamod:GhostLash"],"picked":"hexamod:Incineration","floor":12},{"not_picked":["hexamod:GhostflameBarrier","hexamod:NightmareStrike","hexamod:EtherealExpedition"],"picked":"SKIP","floor":14},{"not_picked":["hexamod:ThirdSeal","hexamod:HeatShield","hexamod:DynamicBlow"],"picked":"SKIP","floor":15},{"not_picked":["hexamod:TimeWarp","hexamod:SearingWound"],"picked":"hexamod:TimeOfNeed","floor":16},{"not_picked":["hexamod:Hexaguard","hexamod:HeatMetal+1"],"picked":"hexamod:ExtraCrispy","floor":19},{"not_picked":["hexamod:GhostLash","hexamod:EtherealExpedition","hexamod:SwordOfDarkness"],"picked":"SKIP","floor":20},{"not_picked":["hexamod:BacktrackSmack","hexamod:SwordOfDarkness","hexamod:GiftsFromTheDead"],"picked":"SKIP","floor":22},{"not_picked":["hexamod:FirstSeal","hexamod:HauntingEcho","hexamod:Firestarter"],"picked":"SKIP","floor":23},{"not_picked":["hexamod:FourthSeal","hexamod:GhostLash","hexamod:FastForward+1"],"picked":"SKIP","floor":25}],"player_experience":697200,"relics_obtained":[{"floor":2,"key":"Strawberry"},{"floor":7,"key":"Replay:WaspNest"},{"floor":10,"key":"Gremlin Horn"},{"floor":23,"key":"Replay:Bottled Steam"},{"floor":24,"key":"Sundial"}],"event_choices":[{"damage_healed":0,"gold_gain":0,"player_choice":"Forge","damage_taken":0,"max_hp_gain":0,"max_hp_loss":0,"event_name":"Accursed Blacksmith","floor":11,"gold_loss":0,"cards_upgraded":["hexamod:Defend"]},{"damage_healed":21,"gold_gain":0,"player_choice":"Healed and dodged fight","damage_taken":0,"max_hp_gain":0,"max_hp_loss":0,"event_name":"Mushrooms","floor":13,"gold_loss":0,"cards_obtained":["Parasite"]}],"is_beta":false,"boss_relics":[{"not_picked":["Replay:Bronze Core","Cursed Key"],"picked":"SlaversCollar"}],"items_purged_floors":[20],"is_endless":false,"potions_floor_spawned":[4,6,8,19,22],"killed_by":"Cultist and Chosen","ascension_level":0}}