{"host":"6yklbc9za0aylqsj","time":1608575932,"event":{"mods":["AchievementEnabler","BaseMod","Bestiary","Colored Map","Colored Powertips","Minty Spire (QoL Compilation)","Rare Cards Sparkle","Relic Stats","Slay-I","StSLib"],"gold_per_floor":[113,126,146,158,158,158,191,191,263,293,307,68,68,84,84,163,163,121,121,139,158,25,25,50,69,115,128,128,128,128],"floor_reached":29,"playtime":948,"items_purged":["Strike_G"],"score":589,"play_id":"73e5c60f-2dfa-4bff-aa53-e578e135f0e8","local_time":"20201221193852","is_ascension_mode":true,"campfire_choices":[{"data":"Phantasmal Killer","floor":6,"key":"SMITH"},{"floor":15,"key":"REST"},{"floor":23,"key":"REST"}],"circlet_count":0,"master_deck":["AscendersBane","Defend_G+1","Defend_G","Defend_G+1","Defend_G","Survivor","Neutralize+1","Deadly Poison","Blade Dance","Phantasmal Killer+1","Footwork","Sucker Punch","Dagger Spray","Glass Knife","Noxious Fumes+1","Burst+1","Calculated Gamble+1","Outmaneuver","Deflect+1","Deadly Poison+1","Noxious Fumes","Noxious Fumes+1","Skewer"],"relics":["Ring of the Snake","NeowsBlessing","Mango","Bottled Tornado","Omamori","Anchor","Torii","Astrolabe","Centennial Puzzle","MealTicket"],"acts_visited":["Exordium","TheCity"],"potions_floor_usage":[2,7,10,16,18,21,27,27],"damage_taken":[{"damage":0,"enemies":"Small Slimes","floor":1,"turns":1},{"damage":0,"enemies":"Jaw Worm","floor":2,"turns":1},{"damage":0,"enemies":"Cultist","floor":3,"turns":1},{"damage":1,"enemies":"Looter","floor":4,"turns":4},{"damage":0,"enemies":"Gremlin Nob","floor":7,"turns":3},{"damage":15,"enemies":"Lagavulin","floor":10,"turns":8},{"damage":2,"enemies":"3 Louse","floor":11,"turns":5},{"damage":13,"enemies":"Lots of Slimes","floor":14,"turns":5},{"damage":3,"enemies":"Hexaghost","floor":16,"turns":9},{"damage":9,"enemies":"2 Thieves","floor":18,"turns":5},{"damage":39,"enemies":"Shell Parasite","floor":20,"turns":6},{"damage":0,"enemies":"Centurion and Healer","floor":21,"turns":6},{"damage":7,"enemies":"Book of Stabbing","floor":24,"turns":6},{"damage":9,"enemies":"Snecko","floor":25,"turns":6},{"damage":1,"enemies":"Sentry and Sphere","floor":27,"turns":4},{"damage":33,"enemies":"Gremlin Leader","floor":29,"turns":5}],"seed_played":"-5480116754647133784","potions_obtained":[{"floor":1,"key":"Fire Potion"},{"floor":2,"key":"Fruit Juice"},{"floor":3,"key":"DistilledChaos"},{"floor":14,"key":"PowerPotion"},{"floor":16,"key":"Poison Potion"},{"floor":20,"key":"Fire Potion"},{"floor":24,"key":"DistilledChaos"},{"floor":27,"key":"CultistPotion"}],"is_trial":false,"path_per_floor":["M","M","M","M","?","R","E","?","T","E","M","$","?","M","R","B",null,"M","?","M","M","$","R","E","M","T","M","?","E"],"character_chosen":"THE_SILENT","items_purchased":["Anchor","Noxious Fumes","Block Potion"],"campfire_rested":2,"item_purchase_floors":[12,22,22],"current_hp_per_floor":[59,64,64,63,42,42,56,56,56,41,39,39,28,15,40,37,73,64,64,25,25,25,50,43,34,34,33,33,0,0],"gold":128,"neow_bonus":"THREE_ENEMY_KILL","is_daily":false,"chose_seed":false,"campfire_upgraded":1,"win_rate":0.0,"timestamp":1608575932,"path_taken":["M","M","M","M","?","R","E","?","T","E","?","$","?","M","R","BOSS","M","?","M","M","$","R","E","M","T","M","?","E"],"items_purchased_type":["Relic","Card","Potion"],"build_version":"2020-12-13","purchased_purges":1,"victory":false,"max_hp_per_floor":[66,71,71,71,71,71,85,85,85,85,85,85,85,85,85,85,85,85,85,85,85,85,85,85,85,85,85,85,85,85],"relic_stats":{"Centennial Puzzle":[9],"Torii":41,"counters":[16,75],"Astrolabe":["Noxious Fumes","Burst","Calculated Gamble"],"MealTicket":0,"obtain_stats":[{"Anchor":12,"Centennial Puzzle":24,"NeowsBlessing":0,"Torii":13,"Astrolabe":17,"Mango":7,"MealTicket":26,"Omamori":10,"Bottled Tornado":9,"Ring of the Snake":0},{"Anchor":7,"Centennial Puzzle":13,"NeowsBlessing":0,"Torii":7,"Astrolabe":9,"Mango":5,"MealTicket":14,"Omamori":6,"Bottled Tornado":5,"Ring of the Snake":0},{"Anchor":23,"Centennial Puzzle":60,"NeowsBlessing":0,"Torii":23,"Astrolabe":37,"Mango":10,"MealTicket":66,"Omamori":18,"Bottled Tornado":10,"Ring of the Snake":0}],"Ring of the Snake":[32]},"card_choices":[{"not_picked":["Tactician","Prepared"],"picked":"Deadly Poison","floor":1},{"not_picked":["Accuracy","Infinite Blades"],"picked":"Blade Dance","floor":2},{"not_picked":["Outmaneuver","Acrobatics","Underhanded Strike"],"picked":"SKIP","floor":3},{"not_picked":["Acrobatics","Underhanded Strike"],"picked":"Phantasmal Killer","floor":4},{"not_picked":["Dagger Spray","Deadly Poison"],"picked":"Footwork","floor":7},{"not_picked":["Eviscerate","Dagger Throw","Doppelganger"],"picked":"SKIP","floor":10},{"not_picked":["Accuracy","Underhanded Strike"],"picked":"Sucker Punch","floor":11},{"not_picked":["Sucker Punch","Flying Knee"],"picked":"Dagger Spray","floor":14},{"not_picked":["After Image","Grand Finale"],"picked":"Glass Knife","floor":16},{"not_picked":["Flechettes","Deadly Poison","Blade Dance"],"picked":"SKIP","floor":18},{"not_picked":["Dagger Spray","Reflex"],"picked":"Deflect+1","floor":20},{"not_picked":["PiercingWail","Outmaneuver"],"picked":"Deadly Poison+1","floor":21},{"not_picked":["A Thousand Cuts","Dagger Throw","PiercingWail+1"],"picked":"SKIP","floor":24},{"not_picked":["Prepared","Dagger Spray"],"picked":"Noxious Fumes+1","floor":25},{"not_picked":["Well Laid Plans","Sucker Punch","Quick Slash"],"picked":"SKIP","floor":27}],"player_experience":677930,"relics_obtained":[{"floor":7,"key":"Mango"},{"floor":9,"key":"Bottled Tornado"},{"floor":10,"key":"Omamori"},{"floor":24,"key":"Centennial Puzzle"},{"floor":26,"key":"MealTicket"}],"event_choices":[{"damage_healed":0,"gold_gain":0,"player_choice":"Entered Light","damage_taken":21,"max_hp_gain":0,"max_hp_loss":0,"event_name":"Shining Light","floor":5,"gold_loss":0,"cards_upgraded":["Defend_G","Defend_G"]},{"damage_healed":0,"gold_gain":0,"player_choice":"Forge","damage_taken":0,"max_hp_gain":0,"max_hp_loss":0,"event_name":"Accursed Blacksmith","floor":8,"gold_loss":0,"cards_upgraded":["Neutralize"]},{"damage_healed":0,"gold_gain":0,"player_choice":"Success","damage_taken":11,"relics_obtained":["Torii"],"max_hp_gain":0,"max_hp_loss":0,"event_name":"Scrap Ooze","floor":13,"gold_loss":0},{"damage_healed":0,"gold_gain":0,"cards_transformed":["Strike_G","Strike_G"],"player_choice":"Became Test Subject","damage_taken":0,"max_hp_gain":0,"max_hp_loss":0,"event_name":"Drug Dealer","floor":19,"gold_loss":0,"cards_obtained":["Outmaneuver","Predator"]},{"damage_healed":0,"gold_gain":0,"cards_transformed":["Predator"],"player_choice":"Transformed","damage_taken":0,"max_hp_gain":0,"max_hp_loss":0,"event_name":"Transmorgrifier","floor":28,"gold_loss":0,"cards_obtained":["Skewer"]}],"is_beta":false,"boss_relics":[{"not_picked":["Philosopher\u0027s Stone","Coffee Dripper"],"picked":"Astrolabe"}],"items_purged_floors":[12],"is_endless":false,"potions_floor_spawned":[1,2,3,14,16,20,24,25,27],"killed_by":"Gremlin Leader","ascension_level":20}}