{"host":"9v3x998ddbx8o276","time":1608542090,"event":{"mods":["AchievementEnabler","BaseMod","Colored Map","Highlight Path","Minty Spire (QoL Compilation)","Quick Restart","Rare Cards Sparkle"],"gold_per_floor":[113,124,124,124,137,165,165,178,178,195,195,210,228,245,245,317,317,333,333,345,357,357,357],"floor_reached":22,"playtime":868,"items_purged":[],"score":384,"play_id":"1a3d9f23-3c04-424d-9ca2-846c59e9e9bd","local_time":"20201221194450","is_ascension_mode":true,"campfire_choices":[{"data":"Corpse Explosion","floor":7.0,"key":"SMITH"},{"floor":11.0,"key":"REST"},{"floor":15.0,"key":"REST"}],"circlet_count":0,"master_deck":["AscendersBane","Strike_G","Strike_G","Strike_G","Strike_G","Strike_G","Defend_G","Defend_G","Defend_G","Defend_G","Defend_G","Survivor","Neutralize","Poisoned Stab","Footwork+1","Dagger Spray","Corpse Explosion+1","Deadly Poison","Masterful Stab","Dagger Throw","Dodge and Roll","PiercingWail","Riddle With Holes","Flechettes","Malaise","CurseOfTheBell","Backflip","Decay","Prepared","Distraction"],"relics":["Ring of the Snake","NeowsBlessing","Bag of Preparation","Dream Catcher","Calling Bell","Bag of Marbles","Matryoshka","Bird Faced Urn"],"acts_visited":["Exordium","TheCity"],"potions_floor_usage":[22],"damage_taken":[{"damage":0.0,"enemies":"Jaw Worm","floor":1.0,"turns":1.0},{"damage":0.0,"enemies":"Cultist","floor":2.0,"turns":1.0},{"damage":0.0,"enemies":"Small Slimes","floor":5.0,"turns":1.0},{"damage":19.0,"enemies":"Lagavulin","floor":6.0,"turns":11.0},{"damage":10.0,"enemies":"3 Louse","floor":8.0,"turns":2.0},{"damage":10.0,"enemies":"Blue Slaver","floor":10.0,"turns":5.0},{"damage":15.0,"enemies":"Exordium Thugs","floor":12.0,"turns":4.0},{"damage":0.0,"enemies":"3 Louse","floor":13.0,"turns":2.0},{"damage":4.0,"enemies":"2 Fungi Beasts","floor":14.0,"turns":2.0},{"damage":12.0,"enemies":"The Guardian","floor":16.0,"turns":11.0},{"damage":19.0,"enemies":"Spheric Guardian","floor":18.0,"turns":6.0},{"damage":33.0,"enemies":"3 Byrds","floor":20.0,"turns":4.0},{"damage":0.0,"enemies":"3 Cultists","floor":21.0,"turns":2.0},{"damage":0,"enemies":"Centurion and Healer","floor":22,"turns":1}],"seed_played":"-9163832630439638812","potions_obtained":[{"floor":1.0,"key":"Block Potion"},{"floor":6.0,"key":"Fire Potion"},{"floor":10.0,"key":"DuplicationPotion"},{"floor":16.0,"key":"FearPotion"}],"is_trial":false,"path_per_floor":["M","M","?","?","M","E","R","M","T","M","R","M","M","M","R","B",null,"M","?","M","M","M"],"character_chosen":"THE_SILENT","items_purchased":[],"campfire_rested":2,"item_purchase_floors":[],"current_hp_per_floor":[59,59,59,59,59,40,40,30,30,20,39,24,24,20,39,27,56,39,39,6,6,6,6],"gold":357,"neow_bonus":"THREE_ENEMY_KILL","is_daily":false,"chose_seed":false,"campfire_upgraded":1,"win_rate":0.0,"timestamp":1608542090,"path_taken":["M","M","?","?","?","E","R","M","T","M","R","M","?","M","R","BOSS","M","?","M","M","M"],"items_purchased_type":[],"build_version":"2020-12-13","purchased_purges":0,"victory":false,"max_hp_per_floor":[66,66,66,66,66,66,66,66,66,66,66,66,66,66,66,66,66,66,66,66,66,66,66],"card_choices":[{"not_picked":["Calculated Gamble","Deflect"],"picked":"Poisoned Stab","floor":1.0},{"not_picked":["Catalyst","Deflect"],"picked":"Footwork","floor":2.0},{"not_picked":["Distraction","Prepared"],"picked":"Dagger Spray","floor":5.0},{"not_picked":["Distraction","Sucker Punch"],"picked":"Corpse Explosion","floor":6.0},{"not_picked":["Dagger Spray","All Out Attack"],"picked":"Deadly Poison","floor":8.0},{"not_picked":["Endless Agony","Outmaneuver"],"picked":"Masterful Stab","floor":10.0},{"not_picked":["Outmaneuver","Tactician"],"picked":"Dagger Throw","floor":11.0},{"not_picked":["Dagger Throw","Endless Agony"],"picked":"Dodge and Roll","floor":12.0},{"not_picked":["Expertise","Choke"],"picked":"PiercingWail","floor":13.0},{"not_picked":["Sucker Punch","Deflect"],"picked":"Riddle With Holes","floor":14.0},{"not_picked":["Eviscerate","Cloak And Dagger"],"picked":"Flechettes","floor":15.0},{"not_picked":["Unload","Storm of Steel"],"picked":"Malaise","floor":16.0},{"not_picked":["PiercingWail","Dodge and Roll"],"picked":"Backflip","floor":18.0},{"not_picked":["Slice","Flying Knee"],"picked":"Prepared","floor":20.0},{"not_picked":["Poisoned Stab","Underhanded Strike"],"picked":"Distraction","floor":21.0}],"player_experience":2044541,"relics_obtained":[{"floor":6.0,"key":"Bag of Preparation"},{"floor":9.0,"key":"Dream Catcher"},{"floor":17.0,"key":"Bag of Marbles"},{"floor":17.0,"key":"Matryoshka"},{"floor":17.0,"key":"Bird Faced Urn"}],"event_choices":[{"damage_healed":0.0,"max_hp_gain":0.0,"max_hp_loss":0.0,"gold_gain":0.0,"event_name":"Living Wall","player_choice":"Grow","floor":3.0,"gold_loss":0.0,"damage_taken":0.0,"cards_upgraded":["Footwork"]},{"damage_healed":0.0,"max_hp_gain":0.0,"max_hp_loss":0.0,"gold_gain":0.0,"event_name":"The Cleric","player_choice":"Leave","floor":4.0,"gold_loss":0.0,"damage_taken":0.0},{"damage_healed":0.0,"max_hp_gain":0.0,"max_hp_loss":0.0,"gold_gain":0.0,"event_name":"Forgotten Altar","player_choice":"Smashed Altar","floor":19.0,"gold_loss":0.0,"damage_taken":0.0,"cards_obtained":["Decay"]}],"is_beta":false,"boss_relics":[{"not_picked":["Runic Dome","HoveringKite"],"picked":"Calling Bell"}],"items_purged_floors":[],"is_endless":false,"potions_floor_spawned":[1,6,10,12,16,21],"killed_by":"Centurion and Healer","ascension_level":20}}