{"host":"qwttrqaysb380yri","time":1608587999,"event":{"mods":["BaseMod","Custom Start","Minty Spire (QoL Compilation)","Permanent Neow","Puzzle Mod","Relic Stats","StSLib","The Cursed","The Hierophant"],"gold_per_floor":[117,134,134,134,151,185,69,104,131,154,154,186,186,212,212,299,299,325,325,325,240,263,294,294,194,220,254,278,278,278,278],"floor_reached":30,"playtime":906,"items_purged":["Strike_G","Strike_G"],"score":486,"play_id":"bc576dc4-c7cc-43e1-b1a8-7c2e4ada67b5","local_time":"20201221225959","is_ascension_mode":true,"campfire_choices":[{"floor":11.0,"key":"REST"},{"data":"Poisoned Stab","floor":13,"key":"SMITH"},{"data":"Night Terror","floor":15,"key":"SMITH"},{"floor":24,"key":"REST"},{"data":"Burst","floor":29,"key":"SMITH"}],"circlet_count":0,"master_deck":["AscendersBane","Strike_G","Strike_G+1","Strike_G+1","Defend_G","Defend_G+1","Defend_G","Defend_G","Defend_G","Survivor","Neutralize","Sadistic Nature","Deadly Poison+1","Bane","Poisoned Stab+1","Dagger Spray+1","Backflip","Deflect","Reflex","Night Terror+1","Burst+1","Sucker Punch+1","Dodge and Roll","Acrobatics","Venomology"],"relics":["Ring of the Snake","CeramicFish","Regal Pillow","Bronze Scales","Frozen Egg 2","Sozu","Ornamental Fan","WingedGreaves","Ginger","Lantern","Whetstone"],"acts_visited":["Exordium","TheCity"],"potions_floor_usage":[12,23],"damage_taken":[{"damage":1.0,"enemies":"Jaw Worm","floor":1.0,"turns":4.0},{"damage":0.0,"enemies":"2 Louse","floor":2.0,"turns":2.0},{"damage":0.0,"enemies":"Small Slimes","floor":5.0,"turns":2.0},{"damage":14.0,"enemies":"3 Sentries","floor":6.0,"turns":8.0},{"damage":22.0,"enemies":"Lagavulin","floor":8.0,"turns":4.0},{"damage":1.0,"enemies":"2 Fungi Beasts","floor":10.0,"turns":2.0},{"damage":15,"enemies":"3 Sentries","floor":12,"turns":5},{"damage":2,"enemies":"3 Louse","floor":14,"turns":2},{"damage":5,"enemies":"Hexaghost","floor":16,"turns":8},{"damage":2,"enemies":"3 Byrds","floor":18,"turns":2},{"damage":13,"enemies":"Spheric Guardian","floor":22,"turns":4},{"damage":12,"enemies":"Book of Stabbing","floor":23,"turns":4},{"damage":17,"enemies":"Gremlin Leader","floor":27,"turns":5},{"damage":0,"enemies":"Snake Plant","floor":28,"turns":3},{"damage":29,"enemies":"3 Cultists","floor":30,"turns":5}],"seed_played":"1014016444784989385","potions_obtained":[{"floor":1.0,"key":"Poison Potion"},{"floor":2.0,"key":"SteroidPotion"},{"floor":8.0,"key":"SneckoOil"},{"floor":14,"key":"EssenceOfSteel"}],"is_trial":false,"path_per_floor":["M","M","?","?","M","E","$","E","T","M","R","E","R","M","R","B",null,"M","?","?","?","M","E","R","$","T","E","M","R","M"],"character_chosen":"THE_SILENT","items_purchased":["Backflip"],"campfire_rested":2,"item_purchase_floors":[7],"current_hp_per_floor":[58,58,46,46,46,32,32,10,10,9,42,27,27,25,25,20,50,48,48,38,38,25,13,47,47,47,30,30,30,1,1],"gold":278,"neow_bonus":"RANDOM_COLORLESS_2","is_daily":false,"chose_seed":false,"campfire_upgraded":3,"win_rate":0.0,"timestamp":1608587999,"path_taken":["M","M","?","?","M","E","?","E","T","M","R","E","R","M","R","BOSS","M","?","?","?","M","E","R","$","T","E","M","R","M"],"items_purchased_type":["Card"],"build_version":"2020-12-13","purchased_purges":2,"victory":false,"max_hp_per_floor":[60,60,60,60,60,60,60,60,60,60,60,60,60,60,60,60,60,60,60,65,65,65,65,65,65,65,65,65,65,65,65],"relic_stats":{"Sozu":3,"Regal Pillow":30,"counters":[15,60],"Ornamental Fan":[32],"CeramicFish":90,"Bronze Scales":[201],"Ginger":[4],"Whetstone":["Strike_G","Dagger Spray"],"obtain_stats":[{"Sozu":17,"Regal Pillow":8,"Lantern":26,"Ornamental Fan":19,"CeramicFish":6,"Bronze Scales":9,"WingedGreaves":21,"Ginger":23,"Whetstone":27,"Frozen Egg 2":12,"Ring of the Snake":0},{"Sozu":9,"Regal Pillow":5,"Lantern":12,"Ornamental Fan":10,"CeramicFish":4,"Bronze Scales":5,"WingedGreaves":10,"Ginger":12,"Whetstone":13,"Frozen Egg 2":7,"Ring of the Snake":0},{"Sozu":37,"Regal Pillow":20,"Lantern":47,"Ornamental Fan":39,"CeramicFish":16,"Bronze Scales":20,"WingedGreaves":39,"Ginger":47,"Whetstone":52,"Frozen Egg 2":27,"Ring of the Snake":0}],"Ring of the Snake":[30]},"card_choices":[{"not_picked":["Mayhem","Secret Weapon"],"picked":"Sadistic Nature","floor":0.0},{"not_picked":["Leg Sweep","Dagger Spray"],"picked":"Deadly Poison","floor":1.0},{"not_picked":["Infinite Blades","Heel Hook"],"picked":"Bane","floor":2.0},{"not_picked":["Predator","Leg Sweep"],"picked":"Poisoned Stab","floor":5.0},{"not_picked":["Leg Sweep","Catalyst"],"picked":"Dagger Spray","floor":6.0},{"not_picked":["Dagger Throw","Predator"],"picked":"Deflect","floor":8.0},{"not_picked":["Acrobatics","Blur"],"picked":"Reflex","floor":10.0},{"not_picked":["Cloak And Dagger","Underhanded Strike","Dagger Spray"],"picked":"SKIP","floor":12},{"not_picked":["Slice","Cloak And Dagger"],"picked":"Night Terror","floor":14},{"not_picked":["Night Terror","Glass Knife"],"picked":"Burst","floor":16},{"not_picked":["Endless Agony","Infinite Blades+1"],"picked":"Sucker Punch+1","floor":18},{"not_picked":["Flying Knee","Masterful Stab"],"picked":"Dodge and Roll","floor":22},{"not_picked":["Blade Dance+1","Dagger Throw","All Out Attack"],"picked":"SKIP","floor":23},{"not_picked":["Caltrops+1","Catalyst"],"picked":"Acrobatics","floor":27},{"not_picked":["Dagger Throw","Dodge and Roll"],"picked":"Venomology","floor":28}],"player_experience":1929892,"relics_obtained":[{"floor":6.0,"key":"CeramicFish"},{"floor":8.0,"key":"Regal Pillow"},{"floor":9.0,"key":"Bronze Scales"},{"floor":12,"key":"Frozen Egg 2"},{"floor":23,"key":"Ginger"},{"floor":26,"key":"Lantern"},{"floor":27,"key":"Whetstone"}],"event_choices":[{"damage_healed":0.0,"max_hp_gain":0.0,"max_hp_loss":0.0,"gold_gain":0.0,"event_name":"Shining Light","player_choice":"Entered Light","floor":3.0,"gold_loss":0.0,"damage_taken":12.0,"cards_upgraded":["Defend_G","Strike_G"]},{"damage_healed":0.0,"max_hp_gain":0.0,"max_hp_loss":0.0,"gold_gain":0.0,"event_name":"Living Wall","player_choice":"Grow","floor":4.0,"gold_loss":0.0,"damage_taken":0.0,"cards_upgraded":["Deadly Poison"]},{"damage_healed":0,"gold_gain":0,"player_choice":"Opened","damage_taken":0,"relics_obtained":["Ornamental Fan"],"max_hp_gain":0,"max_hp_loss":0,"event_name":"The Mausoleum","floor":19,"gold_loss":0},{"damage_healed":0,"gold_gain":0,"player_choice":"Shed Blood","damage_taken":15,"max_hp_gain":5,"max_hp_loss":0,"event_name":"Forgotten Altar","floor":20,"gold_loss":0},{"damage_healed":0,"gold_gain":0,"player_choice":"Obtained Relic","damage_taken":0,"relics_obtained":["WingedGreaves"],"max_hp_gain":0,"max_hp_loss":0,"event_name":"Addict","floor":21,"gold_loss":85}],"is_beta":false,"boss_relics":[{"not_picked":["Astrolabe","Tiny House"],"picked":"Sozu"}],"items_purged_floors":[7,25],"is_endless":false,"potions_floor_spawned":[1,2,8,14,18,23],"killed_by":"3 Cultists","ascension_level":14}}