{"host":"1hv1kueuvc4r3rdp","time":1608576340,"event":{"mods":["AchievementEnabler","BaseMod","DeckTracker","Highlight Path","Minty Spire (QoL Compilation)","Permanent Neow","StSLib"],"gold_per_floor":[212,31,49,65,84,112,112,138,184,218,402,402,414,21,21,130,130,151,151,162,162,187,187,187,187],"floor_reached":24,"playtime":1325,"items_purged":[],"score":281,"play_id":"f0490a96-3b50-4d8e-92e9-da6b8bc5f595","local_time":"20201221124540","is_ascension_mode":true,"campfire_choices":[{"floor":7,"key":"REST"},{"floor":12,"key":"REST"},{"floor":15,"key":"REST"},{"floor":23,"key":"REST"}],"circlet_count":0,"master_deck":["Strike_B+1","Strike_B+1","Strike_B+1","Strike_B+1","Defend_B+1","Defend_B+1","Defend_B+1","Defend_B+1","Zap","Dualcast","Cold Snap","Defragment","Sweeping Beam","Sunder","Chill","Go for the Eyes","Glacier","Capacitor","Doubt","Ball Lightning","Creative AI","Steam+1","Leap"],"relics":["Cracked Core","Peace Pipe","Shuriken","CeramicFish","Potion Belt","Strawberry","ClockworkSouvenir","Nuclear Battery","MutagenicStrength"],"acts_visited":["Exordium","TheCity"],"potions_floor_usage":[6,10,20,24],"damage_taken":[{"damage":5,"enemies":"Small Slimes","floor":1,"turns":3},{"damage":7,"enemies":"2 Louse","floor":3,"turns":2},{"damage":0,"enemies":"Jaw Worm","floor":4,"turns":3},{"damage":0,"enemies":"Exordium Wildlife","floor":5,"turns":2},{"damage":30,"enemies":"Gremlin Nob","floor":6,"turns":5},{"damage":22,"enemies":"Lagavulin","floor":8,"turns":7},{"damage":20,"enemies":"Gremlin Nob","floor":10,"turns":6},{"damage":0,"enemies":"Lots of Slimes","floor":13,"turns":2},{"damage":39,"enemies":"Hexaghost","floor":16,"turns":12},{"damage":16,"enemies":"Spheric Guardian","floor":18,"turns":4},{"damage":13,"enemies":"3 Byrds","floor":20,"turns":6},{"damage":17,"enemies":"Shelled Parasite and Fungi","floor":22,"turns":7},{"damage":45,"enemies":"Slavers","floor":24,"turns":4}],"seed_played":"-8093568514217892989","potions_obtained":[{"floor":3,"key":"Strength Potion"},{"floor":4,"key":"Block Potion"},{"floor":6,"key":"Swift Potion"},{"floor":8,"key":"Block Potion"},{"floor":22,"key":"LiquidBronze"}],"is_trial":false,"path_per_floor":["M","$","M","M","M","E","R","E","T","E","?","R","M","$","R","B",null,"M","?","M","?","M","R","E"],"character_chosen":"DEFECT","items_purchased":["Defragment","Sweeping Beam","Sunder","Ball Lightning","Strawberry","ClockworkSouvenir","AttackPotion"],"campfire_rested":4,"item_purchase_floors":[2,2,2,14,14,14,14],"current_hp_per_floor":[63,63,56,56,56,26,48,26,26,6,6,28,28,35,59,20,67,51,51,38,38,21,45,0,0],"gold":187,"neow_bonus":"HUNDRED_GOLD","is_daily":false,"chose_seed":false,"campfire_upgraded":0,"win_rate":0.0,"timestamp":1608576340,"path_taken":["M","$","M","M","M","E","R","E","T","E","?","R","M","$","R","BOSS","M","?","M","?","M","R","E"],"items_purchased_type":["Card","Card","Card","Card","Relic","Relic","Potion"],"build_version":"2020-12-13","purchased_purges":0,"victory":false,"max_hp_per_floor":[75,75,75,75,75,75,75,75,75,75,75,75,75,82,82,82,82,82,82,82,82,82,82,82,82],"card_choices":[{"not_picked":["Rebound","Leap"],"picked":"Cold Snap","floor":1},{"not_picked":["Barrage","Redo"],"picked":"Chill","floor":3},{"not_picked":["Reprogram","Turbo","Hologram"],"picked":"SKIP","floor":4},{"not_picked":["Cold Snap","Streamline"],"picked":"Go for the Eyes","floor":5},{"not_picked":["Storm","Go for the Eyes","Scrape"],"picked":"SKIP","floor":6},{"not_picked":["Compile Driver","Multi-Cast"],"picked":"Glacier","floor":8},{"not_picked":["Stack","Storm"],"picked":"Capacitor","floor":10},{"not_picked":["Rebound","Steam Power","Auto Shields"],"picked":"SKIP","floor":13},{"not_picked":["Hyperbeam","Meteor Strike"],"picked":"Creative AI","floor":16},{"not_picked":["Reprogram","BootSequence"],"picked":"Steam+1","floor":18},{"not_picked":["Coolheaded","Hologram","Go for the Eyes"],"picked":"SKIP","floor":20},{"not_picked":["Redo","Doom and Gloom"],"picked":"Leap","floor":22}],"player_experience":1083202,"relics_obtained":[{"floor":6,"key":"Peace Pipe"},{"floor":8,"key":"Shuriken"},{"floor":9,"key":"CeramicFish"},{"floor":10,"key":"Potion Belt"}],"event_choices":[{"damage_healed":0,"gold_gain":175,"player_choice":"AGREE","damage_taken":0,"max_hp_gain":0,"max_hp_loss":0,"event_name":"Liars Game","floor":11,"gold_loss":0,"cards_obtained":["Doubt"]},{"damage_healed":0,"gold_gain":0,"player_choice":"Simplicity","damage_taken":0,"max_hp_gain":0,"max_hp_loss":0,"event_name":"Back to Basics","floor":19,"gold_loss":0,"cards_upgraded":["Strike_B","Strike_B","Strike_B","Strike_B","Defend_B","Defend_B","Defend_B","Defend_B"]},{"damage_healed":0,"gold_gain":0,"player_choice":"Inject Mutagens","damage_taken":0,"relics_obtained":["MutagenicStrength"],"max_hp_gain":0,"max_hp_loss":0,"event_name":"Drug Dealer","floor":21,"gold_loss":0}],"is_beta":false,"boss_relics":[{"not_picked":["Inserter","Snecko Eye"],"picked":"Nuclear Battery"}],"items_purged_floors":[],"is_endless":false,"potions_floor_spawned":[3,4,6,8,22],"killed_by":"Slavers","ascension_level":6}}