{"host":"qy7jow5usmjkdnnq","time":1608590222,"event":{"mods":["BaseMod","Colored Map","Downfall","Minty Spire (QoL Compilation)","Permanent Neow","Relic Stats","StSLib"],"gold_per_floor":[99,132,121,121,121,183,183,183,252,252,88,88,120,120,142,269,269,269,320,345,345,427,277,277,401,495,664,130,155,155,240,279,403,403,403,403,558,785,1141,1066,1066,1066,1066,1260,1260,2338,3096,4119,5854,9895,9895,15078,61,61,101],"floor_reached":56,"playtime":4610,"items_purged":["sneckomod:Defend"],"score":1908,"play_id":"f4191d94-fbbf-4df9-ba57-99f0bfd81f2b","local_time":"20201221233702","is_ascension_mode":true,"campfire_choices":[{"data":"sneckomod:GlitteringGambit","floor":1.0,"key":"SMITH"},{"floor":4.0,"key":"RECALL"},{"data":"sneckomod:UnlimitedRolls","floor":8.0,"key":"SMITH"},{"data":"sneckomod:TailWhip","floor":10.0,"key":"SMITH"},{"data":"sneckomod:Restock","floor":18,"key":"SMITH"},{"data":"sneckomod:SnekBite","floor":21,"key":"SMITH"},{"data":"sneckomod:UnknownVulnerable","floor":23,"key":"SMITH"},{"data":"sneckomod:GlitteringGambit","floor":35,"key":"SMITH"},{"data":"sneckomod:Restock","floor":40,"key":"SMITH"},{"data":"sneckomod:SoulCleanse","floor":54,"key":"SMITH"}],"circlet_count":28,"master_deck":["sneckomod:Defend","sneckomod:Defend","sneckomod:TailWhip+1","sneckomod:SnekBite+1","sneckomod:Unknown","sneckomod:Unknown","sneckomod:GlitteringGambit+1","sneckomod:UnknownClassBLUE","sneckomod:UnlimitedRolls+1","sneckomod:SoulCleanse+1","sneckomod:UnknownVulnerable+1","sneckomod:UnknownStrike","sneckomod:SlitherStrike+1","sneckomod:Restock+1","sneckomod:UnknownClassSLIMEBOUND","sneckomod:PureSnecko+1","sneckomod:UnknownCommonSkill","sneckomod:TrashToTreasure+1","sneckomod:UnknownCommonSkill+1","sneckomod:UnknownStrength+1","sneckomod:UnknownBlock+1","sneckomod:MasterEye+1","sneckomod:Restock+1","sneckomod:QuickMove","Slimebound:Tackle+1","Slimebound:Tackle+1","Slimebound:Tackle+1","sneckomod:UnknownCommonSkill+1","sneckomod:GlitteringGambit+1","sneckomod:UnknownVulnerable+1","expansioncontent:Collect","expansioncontent:DefensiveMode","expansioncontent:PolyBeam","sneckomod:UnknownBlock+1","sneckomod:SnakeSap+1"],"relics":["sneckomod:SneckoSoul","WingedGreaves","The Courier","Eternal Feather","Unceasing Top","Shuriken","downfall:ShatteredFragment","Busted Crown","PreservedInsect","Red Mask","Darkstone Periapt","downfall:HeartBlessingRed","downfall:HeartBlessingGreen","Torii","Question Card","CaptainsWheel","Bronze Scales","Matryoshka","Tiny Chest","Mummified Hand","Anchor","Sozu","Gremlin Horn","Ornamental Fan","downfall:HeartBlessingBlue","Pantograph","sneckomod:UnknownEgg","Bag of Marbles","Letter Opener","Bottled Flame","downfall:TeleportStone","Kunai","StoneCalendar","Boot","ClockworkSouvenir","Blood Vial","Centennial Puzzle","TungstenRod","sneckomod:LoadedDie","FossilizedHelix","Happy Flower","Pen Nib","HornCleat","White Beast Statue","Du-Vu Doll","Toy Ornithopter","Mango","Ice Cream","War Paint","Turnip","Incense Burner","Blue Candle","Orichalcum","Lizard Tail","Ginger","Lantern","Thread and Needle","Pocketwatch","Gambling Chip","Calipers","Art of War","Dead Branch","Strawberry","Whetstone","Oddly Smooth Stone","Circlet"],"acts_visited":["Exordium","TheCity","TheBeyond","TheEnding"],"potions_floor_usage":[16,19,27],"damage_taken":[{"damage":12.0,"enemies":"Gremlin Nob","floor":2.0,"turns":4.0},{"damage":0.0,"enemies":"downfall:FleeingMerchant","floor":3.0,"turns":4.0},{"damage":51.0,"enemies":"Lagavulin","floor":6.0,"turns":8.0},{"damage":33.0,"enemies":"Gremlin Nob","floor":9.0,"turns":6.0},{"damage":0.0,"enemies":"downfall:FleeingMerchant","floor":11.0,"turns":4.0},{"damage":1.0,"enemies":"Small Slimes","floor":13.0,"turns":3.0},{"damage":0.0,"enemies":"Cultist","floor":15.0,"turns":6.0},{"damage":18,"enemies":"downfall:Defect","floor":16,"turns":4},{"damage":24,"enemies":"Slavers","floor":19,"turns":4},{"damage":14,"enemies":"Masked Bandits","floor":20,"turns":3},{"damage":31,"enemies":"Book of Stabbing","floor":22,"turns":4},{"damage":15,"enemies":"Gremlin Leader","floor":25,"turns":3},{"damage":2,"enemies":"Spheric Guardian","floor":26,"turns":3},{"damage":9,"enemies":"Slavers","floor":27,"turns":3},{"damage":0,"enemies":"downfall:FleeingMerchant","floor":28,"turns":4},{"damage":0,"enemies":"Centurion and Healer","floor":29,"turns":4},{"damage":13,"enemies":"Snake Plant","floor":32,"turns":3},{"damage":6,"enemies":"downfall:Silent","floor":33,"turns":4},{"damage":15,"enemies":"Reptomancer","floor":37,"turns":2},{"damage":0,"enemies":"3 Shapes","floor":38,"turns":3},{"damage":15,"enemies":"Nemesis","floor":39,"turns":3},{"damage":0,"enemies":"Reptomancer","floor":44,"turns":2},{"damage":2,"enemies":"3 Darklings","floor":46,"turns":2},{"damage":1,"enemies":"Maw","floor":47,"turns":5},{"damage":15,"enemies":"Writhing Mass","floor":48,"turns":3},{"damage":3,"enemies":"3 Darklings","floor":49,"turns":1},{"damage":6,"enemies":"downfall:Watcher","floor":50,"turns":3},{"damage":8,"enemies":"downfall:CharBossMerchant","floor":52,"turns":3},{"damage":0,"enemies":"downfall:NeowBoss","floor":55,"turns":7}],"seed_played":"-1623897633097875325","potions_obtained":[{"floor":2.0,"key":"FairyPotion"},{"floor":9.0,"key":"LiquidMemories"},{"floor":15.0,"key":"Swift Potion"},{"floor":20,"key":"BlessingOfTheForge"},{"floor":22,"key":"Energy Potion"},{"floor":26,"key":"champ:CounterPotion"}],"is_trial":false,"path_per_floor":["R","E","$","R","?","E","T","R","E","R","$","T","M","?","M","B",null,"R","E","?","R","E","R","T","E","M","E","$","M","?","?","M","B",null,"R","?","E","M","E","R","T","T","?","E","?","M","M","M","M","B",null,"E","$","R","B",null],"character_chosen":"THE_SNECKO","items_purchased":["Shuriken","Bronze Scales","sneckomod:MasterEye","sneckomod:Restock","Matryoshka","Tiny Chest","Mummified Hand","Anchor","StoneCalendar","Boot","ClockworkSouvenir","Blood Vial","Centennial Puzzle","TungstenRod","sneckomod:LoadedDie","FossilizedHelix","Happy Flower","Pen Nib","HornCleat","White Beast Statue","Du-Vu Doll","Toy Ornithopter","Mango","Ice Cream","War Paint","Turnip","Incense Burner","Blue Candle","Orichalcum","Lizard Tail","Ginger","Lantern","Thread and Needle","Pocketwatch","Gambling Chip","Calipers","Art of War","Dead Branch","Strawberry","Whetstone","Oddly Smooth Stone","Circlet","Circlet","Circlet","Circlet","Circlet","Circlet","Circlet","Circlet","Circlet","Circlet","Circlet","Circlet","Circlet","Circlet","Circlet","Circlet","Circlet","Circlet","Circlet","Circlet","Circlet","Circlet","Circlet","Circlet","Circlet","Circlet","Circlet","Circlet"],"campfire_rested":0,"item_purchase_floors":[11,28,28,28,28,28,28,28,53,53,53,53,53,53,53,53,53,53,53,53,53,53,53,53,53,53,53,53,53,53,53,53,53,53,53,53,53,53,53,53,53,53,53,53,53,53,53,53,53,53,53,53,53,53,53,53,53,53,53,53,53,53,53,53,53,53,53,53,53],"current_hp_per_floor":[63,52,53,53,92,41,41,47,14,20,21,21,21,28,28,10,94,94,71,57,69,49,61,61,46,45,57,58,58,58,44,32,26,103,103,103,104,104,96,114,114,114,104,115,115,113,112,97,97,109,115,115,136,136,136],"gold":101,"neow_bonus":"THREE_RARE_CARDS","is_daily":false,"chose_seed":false,"campfire_upgraded":9,"win_rate":0.0,"timestamp":1608590222,"path_taken":["R","E","$","R","?","E","T","R","E","R","?","?","?","?","M","BOSS","R","E","?","R","E","R","T","E","M","E","$","M","?","?","M","BOSS","R","?","E","M","E","R","T","?","?","E","?","?","M","M","M","BOSS","E","$","R","BOSS"],"items_purchased_type":["Relic","Relic","Card","Card","Relic","Relic","Relic","Relic","Relic","Relic","Relic","Relic","Relic","Relic","Relic","Relic","Relic","Relic","Relic","Relic","Relic","Relic","Relic","Relic","Relic","Relic","Relic","Relic","Relic","Relic","Relic","Relic","Relic","Relic","Relic","Relic","Relic","Relic","Relic","Relic","Relic","Undefined","Undefined","Undefined","Undefined","Undefined","Undefined","Undefined","Undefined","Undefined","Undefined","Undefined","Undefined","Undefined","Undefined","Undefined","Undefined","Undefined","Undefined","Undefined","Undefined","Undefined","Undefined","Undefined","Undefined","Undefined","Undefined","Undefined","Undefined"],"build_version":"2020-12-13","purchased_purges":1,"victory":true,"max_hp_per_floor":[90,91,92,92,92,92,92,92,92,92,93,93,94,94,94,94,94,94,95,95,95,99,99,99,99,100,101,102,102,102,102,103,103,103,103,103,104,104,104,114,114,114,114,115,115,115,115,115,115,115,115,115,136,136,136],"relic_stats":{"Darkstone Periapt":0,"Torii":11,"Gremlin Horn":[11,12],"StoneCalendar":[0],"Ginger":[0],"Whetstone":["sneckomod:SnakeSap","sneckomod:SlitherStrike"],"Boot":[0],"Sozu":5,"Blood Vial":0,"Centennial Puzzle":[0],"Lizard Tail":0,"Mummified Hand":[87],"Pantograph":18,"Gambling Chip":[1],"Tiny Chest":1,"Kunai":[15],"Happy Flower":[2],"counters":[29,108],"Blue Candle":[0],"Dead Branch":[107],"Eternal Feather":44,"PreservedInsect":407,"Pen Nib":[5],"Letter Opener":[286],"War Paint":["sneckomod:UnknownBlock","sneckomod:TrashToTreasure"],"Orichalcum":[6],"Question Card":21,"Busted Crown":50,"Shuriken":[75],"Ornamental Fan":[136],"Bronze Scales":[70],"Turnip":[0],"Art of War":[0],"obtain_stats":[{"Ice Cream":53,"Calipers":53,"Gremlin Horn":37,"sneckomod:LoadedDie":53,"downfall:HeartBlessingGreen":23,"downfall:TeleportStone":45,"Ginger":53,"Whetstone":53,"sneckomod:SneckoSoul":0,"Boot":53,"Sozu":34,"Blood Vial":53,"Centennial Puzzle":53,"Lizard Tail":53,"HornCleat":53,"Strawberry":53,"Kunai":52,"downfall:ShatteredFragment":14,"Happy Flower":53,"sneckomod:UnknownEgg":41,"Blue Candle":53,"Dead Branch":53,"Oddly Smooth Stone":53,"Eternal Feather":7,"Pen Nib":53,"Letter Opener":42,"War Paint":53,"Question Card":25,"Du-Vu Doll":53,"Bottled Flame":44,"Shuriken":11,"Bronze Scales":28,"Unceasing Top":9,"Pocketwatch":53,"Darkstone Periapt":22,"Lantern":53,"Torii":24,"StoneCalendar":53,"Mango":53,"Incense Burner":53,"ClockworkSouvenir":53,"Matryoshka":28,"Mummified Hand":28,"downfall:HeartBlessingBlue":40,"Pantograph":41,"Gambling Chip":53,"Tiny Chest":28,"WingedGreaves":2,"Red Mask":20,"downfall:HeartBlessingRed":23,"Circlet":53,"Thread and Needle":53,"The Courier":6,"PreservedInsect":19,"Orichalcum":53,"White Beast Statue":53,"CaptainsWheel":27,"Anchor":28,"Busted Crown":17,"Ornamental Fan":39,"Turnip":53,"Bag of Marbles":42,"Art of War":53,"TungstenRod":53,"FossilizedHelix":53,"Toy Ornithopter":53},{"Ice Cream":28,"Calipers":28,"Gremlin Horn":19,"sneckomod:LoadedDie":28,"downfall:HeartBlessingGreen":11,"downfall:TeleportStone":22,"Ginger":28,"Whetstone":28,"sneckomod:SneckoSoul":0,"Boot":28,"Sozu":18,"Blood Vial":28,"Centennial Puzzle":28,"Lizard Tail":28,"HornCleat":28,"Strawberry":28,"Kunai":28,"downfall:ShatteredFragment":6,"Happy Flower":28,"sneckomod:UnknownEgg":21,"Blue Candle":28,"Dead Branch":28,"Oddly Smooth Stone":28,"Eternal Feather":3,"Pen Nib":28,"Letter Opener":21,"War Paint":28,"Question Card":12,"Du-Vu Doll":28,"Bottled Flame":22,"Shuriken":5,"Bronze Scales":15,"Unceasing Top":4,"Pocketwatch":28,"Darkstone Periapt":11,"Lantern":28,"Torii":11,"StoneCalendar":28,"Mango":28,"Incense Burner":28,"ClockworkSouvenir":28,"Matryoshka":15,"Mummified Hand":15,"downfall:HeartBlessingBlue":21,"Pantograph":21,"Gambling Chip":28,"Tiny Chest":15,"WingedGreaves":1,"Red Mask":10,"downfall:HeartBlessingRed":11,"Circlet":28,"Thread and Needle":28,"The Courier":3,"PreservedInsect":9,"Orichalcum":28,"White Beast Statue":28,"CaptainsWheel":14,"Anchor":15,"Busted Crown":8,"Ornamental Fan":21,"Turnip":28,"Bag of Marbles":21,"Art of War":28,"TungstenRod":28,"FossilizedHelix":28,"Toy Ornithopter":28},{"Ice Cream":101,"Calipers":101,"Gremlin Horn":76,"sneckomod:LoadedDie":101,"downfall:HeartBlessingGreen":50,"downfall:TeleportStone":84,"Ginger":101,"Whetstone":101,"sneckomod:SneckoSoul":0,"Boot":101,"Sozu":74,"Blood Vial":101,"Centennial Puzzle":101,"Lizard Tail":101,"HornCleat":101,"Strawberry":101,"Kunai":101,"downfall:ShatteredFragment":29,"Happy Flower":101,"sneckomod:UnknownEgg":82,"Blue Candle":101,"Dead Branch":101,"Oddly Smooth Stone":101,"Eternal Feather":16,"Pen Nib":101,"Letter Opener":82,"War Paint":101,"Question Card":53,"Du-Vu Doll":101,"Bottled Flame":84,"Shuriken":26,"Bronze Scales":63,"Unceasing Top":22,"Pocketwatch":101,"Darkstone Periapt":50,"Lantern":101,"Torii":50,"StoneCalendar":101,"Mango":101,"Incense Burner":101,"ClockworkSouvenir":101,"Matryoshka":63,"Mummified Hand":63,"downfall:HeartBlessingBlue":82,"Pantograph":82,"Gambling Chip":101,"Tiny Chest":63,"WingedGreaves":4,"Red Mask":46,"downfall:HeartBlessingRed":50,"Circlet":101,"Thread and Needle":101,"The Courier":16,"PreservedInsect":43,"Orichalcum":101,"White Beast Statue":101,"CaptainsWheel":59,"Anchor":63,"Busted Crown":39,"Ornamental Fan":82,"Turnip":101,"Bag of Marbles":82,"Art of War":101,"TungstenRod":101,"FossilizedHelix":101,"Toy Ornithopter":101}],"Unceasing Top":[75],"TungstenRod":0,"Toy Ornithopter":0,"Pocketwatch":[0]},"card_choices":[{"not_picked":["sneckomod:UnknownRareSkill","sneckomod:UnknownRareAttack"],"picked":"sneckomod:GlitteringGambit","floor":0.0},{"not_picked":["sneckomod:QuickBite","sneckomod:DiceCrush"],"picked":"sneckomod:UnknownClassBLUE","floor":2.0},{"not_picked":["sneckomod:IronFang","sneckomod:UnknownCommonSkill"],"picked":"sneckomod:UnknownClassGREEN","floor":3.0},{"not_picked":["sneckomod:Unknown1Cost","sneckomod:Rotation"],"picked":"sneckomod:UnlimitedRolls","floor":6.0},{"not_picked":["sneckomod:IronFang","sneckomod:RainOfDice"],"picked":"sneckomod:SoulCleanse","floor":9.0},{"not_picked":["sneckomod:UnknownWeak","sneckomod:DiceCrush"],"picked":"sneckomod:UnknownVulnerable","floor":11.0},{"not_picked":["sneckomod:UnknownBlock","sneckomod:SoulRoll"],"picked":"sneckomod:UnknownStrike","floor":13.0},{"not_picked":["sneckomod:DiceCrush","sneckomod:PureSnecko"],"picked":"sneckomod:SlitherStrike","floor":15.0},{"not_picked":["sneckomod:Cheat","sneckomod:Transmogrify"],"picked":"sneckomod:Restock","floor":16},{"not_picked":[],"picked":"sneckomod:UnknownClassSLIMEBOUND","floor":19},{"not_picked":[],"picked":"sneckomod:PureSnecko+1","floor":20},{"not_picked":[],"picked":"sneckomod:UnknownCommonSkill","floor":22},{"not_picked":[],"picked":"sneckomod:TrashToTreasure","floor":25},{"not_picked":["sneckomod:UnknownVulnerable"],"picked":"sneckomod:UnknownCommonSkill+1","floor":26},{"not_picked":["sneckomod:DiceBoulder+1"],"picked":"sneckomod:UnknownStrength+1","floor":27},{"not_picked":["sneckomod:UnknownX"],"picked":"sneckomod:UnknownBlock","floor":28},{"not_picked":["sneckomod:SoulCleanse+1"],"picked":"sneckomod:QuickMove","floor":29},{"not_picked":["sneckomod:Nope"],"picked":"sneckomod:UnknownCommonSkill+1","floor":32},{"not_picked":["sneckomod:Restock"],"picked":"sneckomod:GlitteringGambit","floor":33},{"not_picked":["sneckomod:RainOfDice"],"picked":"sneckomod:UnknownVulnerable+1","floor":37},{"not_picked":["sneckomod:SerpentIdol","sneckomod:SoulRoll+1"],"picked":"SKIP","floor":38},{"not_picked":["sneckomod:Unknown1Cost+1","sneckomod:WideSting+1"],"picked":"SKIP","floor":39},{"not_picked":["expansioncontent:GoopSpray"],"picked":"expansioncontent:Collect","floor":43},{"not_picked":["expansioncontent:LastStand"],"picked":"expansioncontent:DefensiveMode","floor":43},{"not_picked":["expansioncontent:DonusPower"],"picked":"expansioncontent:PolyBeam","floor":43},{"not_picked":["sneckomod:UnknownWeak+1"],"picked":"sneckomod:UnknownBlock+1","floor":44},{"not_picked":["sneckomod:Unknown1Cost+1","sneckomod:UnknownBlock+1"],"picked":"SKIP","floor":46},{"not_picked":["sneckomod:DiceCrush+1","sneckomod:UnknownVulnerable+1"],"picked":"SKIP","floor":47},{"not_picked":["sneckomod:UnknownCommonSkill+1","sneckomod:DiceCrush+1"],"picked":"SKIP","floor":48},{"not_picked":["sneckomod:UnknownWeak+1"],"picked":"sneckomod:SnakeSap","floor":49},{"not_picked":["sneckomod:UnknownEthereal+1","sneckomod:QuickMove"],"picked":"SKIP","floor":52}],"player_experience":516271,"relics_obtained":[{"floor":2.0,"key":"WingedGreaves"},{"floor":6.0,"key":"The Courier"},{"floor":7.0,"key":"Eternal Feather"},{"floor":9.0,"key":"Unceasing Top"},{"floor":19,"key":"PreservedInsect"},{"floor":20,"key":"Red Mask"},{"floor":22,"key":"Darkstone Periapt"},{"floor":24,"key":"Torii"},{"floor":25,"key":"Question Card"},{"floor":27,"key":"CaptainsWheel"},{"floor":37,"key":"Gremlin Horn"},{"floor":39,"key":"Ornamental Fan"},{"floor":41,"key":"Pantograph"},{"floor":41,"key":"sneckomod:UnknownEgg"},{"floor":42,"key":"Bag of Marbles"},{"floor":42,"key":"Letter Opener"},{"floor":44,"key":"Bottled Flame"},{"floor":52,"key":"Kunai"}],"event_choices":[{"cards_removed":["sneckomod:UnknownClassGREEN"],"damage_healed":39.0,"max_hp_gain":0.0,"max_hp_loss":0.0,"gold_gain":0.0,"event_name":"Bonfire Elementals","player_choice":"Offered Uncommon","floor":5.0,"gold_loss":0.0,"damage_taken":0.0},{"damage_healed":0,"gold_gain":0,"player_choice":"Fought Bandits","damage_taken":0,"max_hp_gain":0,"max_hp_loss":0,"event_name":"Masked Bandits","floor":20,"gold_loss":0},{"damage_healed":0,"gold_gain":0,"player_choice":"Upgraded","damage_taken":0,"max_hp_gain":0,"max_hp_loss":0,"event_name":"Upgrade Shrine","floor":36,"gold_loss":0,"cards_upgraded":["sneckomod:MasterEye"]}],"is_beta":false,"boss_relics":[{"not_picked":["Calling Bell","SacredBark"],"picked":"Busted Crown"},{"not_picked":["Runic Dome","Pandora\u0027s Box"],"picked":"Sozu"}],"items_purged_floors":[53],"is_endless":false,"potions_floor_spawned":[2,9,15,20,22,26,39,46,47,49,52],"ascension_level":2}}