{"host":"llpusn9usp8rznkj","time":1608533293,"event":{"mods":["2.2 Compatiblity","BaseMod","Colored Map","Colored Powertips","Conspire","Downfall","Hubris","Minty Spire (QoL Compilation)","Rare Cards Sparkle","Replay The Spire","StSLib","The Cursed"],"gold_per_floor":[116,116,66,66,41,88,100,158,181,181,193,193,205,205,205,238,238,238,238],"floor_reached":18,"playtime":439,"items_purged":[],"score":310,"play_id":"d6afadd5-d13c-4002-923d-62f57ed23605","local_time":"20201221014813","is_ascension_mode":true,"campfire_choices":[{"data":"Poisoned Stab","floor":12,"key":"SMITH"},{"floor":17,"key":"REST"}],"circlet_count":0,"master_deck":["AscendersBane","Strike_G","Strike_G","Strike_G","Strike_G","Defend_G","Defend_G","Defend_G","Defend_G","Defend_G","Survivor","Neutralize+1","Backflip","Dagger Spray+1","conspire:SpireCoStock","PiercingWail","Deadly Poison","Poisoned Stab+1","Deadly Poison","Backflip","Draining Mist","Caltrops"],"relics":["Ring of the Snake","NeowsBlessing","ReplayFunnel","Ginger"],"acts_visited":["Exordium"],"potions_floor_usage":[10,13,18],"damage_taken":[{"damage":0.0,"enemies":"2 Louse","floor":1.0,"turns":1.0},{"damage":0.0,"enemies":"Gremlin Nob","floor":6.0,"turns":1.0},{"damage":0.0,"enemies":"Cultist","floor":7.0,"turns":1.0},{"damage":21.0,"enemies":"Lagavulin","floor":8.0,"turns":8.0},{"damage":0,"enemies":"Gremlin Nob","floor":10,"turns":3},{"damage":7,"enemies":"Small Slimes","floor":11,"turns":2},{"damage":0,"enemies":"2 Fungi Beasts","floor":13,"turns":3},{"damage":22,"enemies":"Gremlin Gang","floor":16,"turns":5},{"damage":32,"enemies":"Slime Boss","floor":18,"turns":6}],"seed_played":"1947966070694975091","potions_obtained":[{"floor":7.0,"key":"SmokeBomb"},{"floor":11,"key":"ColorlessPotion"},{"floor":16,"key":"ColorlessPotion"}],"is_trial":false,"path_per_floor":["M","?","?","?","$","E","M","E","T","E","M","R","M","PTL","PTL","M","R","B"],"character_chosen":"THE_SILENT","items_purchased":["PiercingWail"],"campfire_rested":1,"item_purchase_floors":[5],"current_hp_per_floor":[59,59,59,59,59,59,59,38,38,38,31,31,31,31,31,9,28,0,0],"gold":238,"neow_bonus":"THREE_ENEMY_KILL","is_daily":false,"chose_seed":false,"campfire_upgraded":1,"win_rate":0.0,"timestamp":1608533293,"path_taken":["M","?","?","?","$","E","M","E","T","E","?","R","?","PTL","PTL","?","R","BOSS"],"items_purchased_type":["Card"],"build_version":"2020-12-13","purchased_purges":0,"victory":false,"max_hp_per_floor":[66,66,66,66,66,66,66,66,66,66,66,66,66,66,66,66,66,66,66],"card_choices":[{"not_picked":["Sucker Punch","All Out Attack"],"picked":"Backflip","floor":1.0},{"not_picked":["Flying Knee","Cloak And Dagger"],"picked":"Deadly Poison","floor":6.0},{"not_picked":["Outmaneuver","Underhanded Strike"],"picked":"Poisoned Stab","floor":7.0},{"not_picked":["Backstab","hubris:SlightOfHand"],"picked":"Deadly Poison","floor":8.0},{"not_picked":["Underhanded Strike","Dagger Spray"],"picked":"Backflip","floor":11},{"not_picked":["Backflip","Quick Slash"],"picked":"Draining Mist","floor":13},{"not_picked":["Backflip","Flechettes"],"picked":"Caltrops","floor":16}],"player_experience":1106149,"relics_obtained":[{"floor":6.0,"key":"ReplayFunnel"},{"floor":8.0,"key":"Ginger"}],"event_choices":[{"damage_healed":0.0,"max_hp_gain":0.0,"max_hp_loss":0.0,"gold_gain":0.0,"event_name":"conspire:Investor","player_choice":"Invest 1","floor":3.0,"gold_loss":0.0,"damage_taken":0.0},{"damage_healed":0.0,"max_hp_gain":0.0,"max_hp_loss":0.0,"gold_gain":0.0,"event_name":"Accursed Blacksmith","player_choice":"Forge","floor":4.0,"gold_loss":0.0,"damage_taken":0.0,"cards_upgraded":["Neutralize"]}],"is_beta":false,"boss_relics":[],"items_purged_floors":[],"is_endless":false,"potions_floor_spawned":[7,10,11,16],"killed_by":"Slime Boss","ascension_level":20}}