{"host":"wcdwdpnxbe04tinu","time":1608536843,"event":{"mods":["BaseMod","Downfall","Minty Spire (QoL Compilation)","Relic Sorter","StSLib"],"gold_per_floor":[99,113,113,113,143,159,159,84,84,84],"floor_reached":9,"playtime":294,"items_purged":[],"score":62,"play_id":"ed9b6e9e-68cf-4548-af70-fb613493a4fa","local_time":"20201221014723","is_ascension_mode":true,"campfire_choices":[{"floor":1,"key":"RECALL"},{"data":"champ:StanceDance","floor":8,"key":"SMITH"}],"circlet_count":0,"master_deck":["champ:Strike","champ:Strike","champ:Strike","champ:Strike","champ:Defend","champ:Defend","champ:Defend","champ:Defend","champ:Execute+1","champ:Taunt+1","champ:BladeFlurry+1","champ:AdrenalArmor","champ:StanceDance+1"],"relics":["champ:ChampionCrown","Whetstone","Ornamental Fan","downfall:HeartBlessingRed"],"acts_visited":["Exordium"],"potions_floor_usage":[],"damage_taken":[{"damage":16,"enemies":"Jaw Worm","floor":2,"turns":4},{"damage":59,"enemies":"3 Sentries","floor":5,"turns":10},{"damage":14,"enemies":"2 Louse","floor":6,"turns":4},{"damage":35,"enemies":"Gremlin Nob","floor":9,"turns":3}],"seed_played":"7091641635587777019","potions_obtained":[{"floor":6,"key":"champ:CounterPotion"}],"is_trial":false,"path_per_floor":["R","M","?","?","E","M","T","R","E"],"character_chosen":"THE_CHAMP","items_purchased":[],"campfire_rested":0,"item_purchase_floors":[],"current_hp_per_floor":[90,79,79,79,35,28,28,28,0,0],"gold":84,"neow_bonus":"THREE_CARDS","is_daily":false,"chose_seed":false,"campfire_upgraded":1,"win_rate":0.0,"timestamp":1608536843,"path_taken":["R","M","?","?","E","?","T","R","E"],"items_purchased_type":[],"build_version":"2020-12-13","purchased_purges":0,"victory":false,"max_hp_per_floor":[90,90,90,90,90,90,90,90,90,90],"card_choices":[{"not_picked":["champ:Encircle","champ:SwordSigil"],"picked":"champ:BladeFlurry","floor":0},{"not_picked":["champ:PerfectedStrike","champ:TornadoPunch","champ:Encircle"],"picked":"SKIP","floor":2},{"not_picked":["champ:CalledShot","champ:ShieldSigil"],"picked":"champ:AdrenalArmor","floor":5},{"not_picked":["champ:BerserkerStyle","champ:StanceDance","champ:Control"],"picked":"SKIP","floor":6},{"not_picked":["champ:BerserkerStyle","champ:Control"],"picked":"champ:StanceDance","floor":6}],"player_experience":530793,"relics_obtained":[{"floor":5,"key":"Whetstone"},{"floor":7,"key":"Ornamental Fan"}],"event_choices":[{"damage_healed":0,"gold_gain":0,"player_choice":"Forge","damage_taken":0,"max_hp_gain":0,"max_hp_loss":0,"event_name":"Accursed Blacksmith","floor":4,"gold_loss":0,"cards_upgraded":["champ:Taunt"]}],"is_beta":false,"boss_relics":[],"items_purged_floors":[],"is_endless":false,"potions_floor_spawned":[6],"killed_by":"Gremlin Nob","ascension_level":1}}