{"host":"s8k08j4eybfen9r6","time":1608564744,"event":{"mods":["Aspiration","BaseMod","Better Altar","Better Match","Better Note","Better Sensory Stone","Better Skull","Better Third Choice","BetterRewards","Downfall","Hubris","Lobotomy","Minty Spire (QoL Compilation)","MostiFishMod","Rare Cards Sparkle","Reworked Bosses","Shop Mod","Spicy Shops","StSLib","The Alterego","The Animator"],"gold_per_floor":[109,220,241,256,269,269,308,308,308,155,193,203,213,243,243,243,243],"floor_reached":16,"playtime":1264,"items_purged":[],"score":128,"play_id":"5cfd7b37-1e32-49ce-ac24-333bd9ae7ed7","local_time":"20201222013224","is_ascension_mode":true,"campfire_choices":[{"floor":6,"key":"REST"},{"data":"animator:Laby","floor":8,"key":"SMITH"},{"data":"animator:GoblinSlayer","floor":15,"key":"SMITH"}],"circlet_count":0,"master_deck":["animator:Strike_OwariNoSeraph","animator:Defend_OwariNoSeraph","animator:Strike","animator:Strike","animator:Strike","animator:Defend","animator:Defend","animator:Defend","animator:Shinoa","animator:Mikaela","animator:GuildGirl","animator:Raven","animator:GoblinSlayer+1","animator:Laby+1","animator:Eris","animator:Viivi","animator:Aisha","animator:DwarfShaman","animator:Witch"],"relics":["animator:LivingPicture","animator:TheMissingPiece","DaveBox","animator:PurgingStone","ChiXiaoBlade","Orichalcum","Question Card","Potion Belt","Bag of Marbles","hubris:OldNail","hubris:TinFlute","hubris:Reverence","aspiration:Nostalgia","Burning Blood","hubris:CrystalStatue","Question Card"],"acts_visited":["Exordium"],"potions_floor_usage":[5],"damage_taken":[{"damage":0,"enemies":"Small Slimes","floor":1,"turns":4},{"damage":2,"enemies":"Cultist","floor":3,"turns":5},{"damage":6,"enemies":"Jaw Worm","floor":4,"turns":4},{"damage":2,"enemies":"Blue Slaver","floor":5,"turns":3},{"damage":10,"enemies":"3 Sentries","floor":7,"turns":8},{"damage":2,"enemies":"Lagavulin","floor":11,"turns":7},{"damage":0,"enemies":"3 Louse","floor":12,"turns":3},{"damage":0,"enemies":"2 Fungi Beasts","floor":13,"turns":3},{"damage":4,"enemies":"Gremlin Nob","floor":14,"turns":4},{"damage":41,"enemies":"The Guardian","floor":16,"turns":11}],"seed_played":"-8797471578682918104","potions_obtained":[{"floor":1,"key":"Fire Potion"},{"floor":11,"key":"sneckomod:MuddlingPotion"},{"floor":14,"key":"FearPotion"}],"is_trial":false,"path_per_floor":["M","?","M","M","M","R","E","R","T","$","E","M","M","E","R","B"],"character_chosen":"THE_ANIMATOR","items_purchased":["aspiration:Nostalgia"],"campfire_rested":1,"item_purchase_floors":[10],"current_hp_per_floor":[66,12,10,4,2,21,11,11,11,11,18,27,36,38,38,0,0],"gold":243,"neow_bonus":"RANDOM_COMMON_RELIC","is_daily":false,"chose_seed":false,"campfire_upgraded":2,"win_rate":0.0,"timestamp":1608564744,"path_taken":["M","?","M","M","?","R","E","R","T","$","E","M","M","E","R","BOSS"],"items_purchased_type":["Relic"],"build_version":"2020-12-13","purchased_purges":0,"victory":false,"max_hp_per_floor":[66,66,66,66,66,66,66,66,66,66,66,66,66,66,66,66,66],"card_choices":[{"not_picked":["animator:Guy","animator:UneriGinkaku"],"picked":"animator:GuildGirl","floor":1},{"not_picked":["animator:AcuraAkari","animator:Entoma","animator:ZankiKiguchi"],"picked":"animator:Raven","floor":3},{"not_picked":["animator:Geryuganshoop","animator:Genos","animator:Assassin"],"picked":"animator:GoblinSlayer","floor":4},{"not_picked":["animator:Raven","animator:Ara","animator:Chung"],"picked":"animator:Laby","floor":5},{"not_picked":["animator:Azekura","animator:SilverFang","animator:Mikaela"],"picked":"animator:Eris","floor":7},{"not_picked":["animator:Ara","animator:Mitsurugi","animator:Layla"],"picked":"animator:Viivi","floor":11},{"not_picked":["animator:Guy","animator:Assassin","animator:Chung"],"picked":"animator:Aisha","floor":12},{"not_picked":["animator:Priestess","animator:LizardPriest","animator:CowGirl"],"picked":"animator:DwarfShaman","floor":13},{"not_picked":["animator:LizardPriest","animator:Melzalgald","animator:Ain"],"picked":"animator:Witch","floor":14}],"player_experience":361640,"relics_obtained":[{"floor":1,"key":"Question Card"},{"floor":7,"key":"hubris:TinFlute"},{"floor":9,"key":"hubris:Reverence"},{"floor":11,"key":"hubris:CrystalStatue"},{"floor":14,"key":"Question Card"}],"event_choices":[{"damage_healed":0,"gold_gain":111,"player_choice":"RE RE RE GO ","damage_taken":61,"relics_obtained":["Potion Belt","Bag of Marbles","hubris:OldNail"],"max_hp_gain":0,"max_hp_loss":0,"event_name":"betterSkull:BetterSkull","floor":2,"gold_loss":0,"cards_upgraded":[]}],"is_beta":false,"boss_relics":[],"items_purged_floors":[],"is_endless":false,"potions_floor_spawned":[1,11,14],"killed_by":"The Guardian","ascension_level":1}}