{"host":"91kqwblrqvon3fcz","time":1608593002,"event":{"mods":["Act Like it!","BaseMod","Elementarium","Hermit","Minty Spire (QoL Compilation)","Quick Restart","StSLib"],"gold_per_floor":[115,132,132,193,209,209,243,293,317,342,353,386,386,416,416,517,517,528,284,298,348,362,387,387,421,475,43,53,63,113,129,129,234,234,246,259,309,409,422,453,23,23,23,36,67,17,67,67,67],"floor_reached":48,"playtime":2621,"items_purged":["Crescendo"],"score":638,"play_id":"c880a27d-ee54-441d-8312-2e77908f3aa5","local_time":"20201221152322","is_ascension_mode":true,"campfire_choices":[{"floor":6.0,"key":"RECALL"},{"floor":13.0,"key":"REST"},{"floor":15.0,"key":"REST"},{"floor":24.0,"key":"REST"},{"floor":32.0,"key":"REST"},{"data":"Apotheosis","floor":42.0,"key":"SMITH"}],"circlet_count":0,"master_deck":["Strike_P","Strike_P","Strike_P","Strike_P","Defend_P","Defend_P","Defend_P","Defend_P+1","Eruption","Vigilance","Weave+1","BowlingBash","Sanctity","Wallop","EmptyFist","Brilliance","ThirdEye","JustLucky","EmptyBody","ReachHeaven","LessonLearned","Prostrate","Crescendo","Protect","ThirdEye+1","Swivel","Apotheosis+1","Prostrate","Prostrate+1","RitualDagger","JustLucky","ConjureBlade","Vengeance","Worship","PanicButton","Dark Shackles","Mind Blast","PathToVictory+1","CutThroughFate","Weave+1","CarveReality","EmptyFist+1"],"relics":["HolyWater","SsserpentHead","Orichalcum","Smiling Mask","Juzu Bracelet","Blue Candle","Happy Flower","Black Star","Yang","Bronze Scales","Bag of Marbles","CloakClasp","Regal Pillow","Strawberry","Peace Pipe","Gambling Chip","Pantograph","Lee\u0027s Waffle","Kunai","Omamori","Pen Nib","Lantern"],"acts_visited":["Exordium","TheCity","TheBeyond"],"potions_floor_usage":[],"damage_taken":[{"damage":0.0,"enemies":"Jaw Worm","floor":1.0,"turns":3.0},{"damage":0.0,"enemies":"Cultist","floor":2.0,"turns":2.0},{"damage":0.0,"enemies":"Small Slimes","floor":4.0,"turns":2.0},{"damage":4.0,"enemies":"Exordium Thugs","floor":5.0,"turns":6.0},{"damage":36.0,"enemies":"3 Sentries","floor":7.0,"turns":8.0},{"damage":8.0,"enemies":"Gremlin Nob","floor":10.0,"turns":3.0},{"damage":0.0,"enemies":"Blue Slaver","floor":11.0,"turns":2.0},{"damage":1.0,"enemies":"3 Sentries","floor":12.0,"turns":3.0},{"damage":13.0,"enemies":"Gremlin Nob","floor":14.0,"turns":5.0},{"damage":41.0,"enemies":"Hexaghost","floor":16.0,"turns":11.0},{"damage":19.0,"enemies":"3 Byrds","floor":18.0,"turns":7.0},{"damage":6.0,"enemies":"Shell Parasite","floor":20.0,"turns":6.0},{"damage":5.0,"enemies":"3 Cultists","floor":22.0,"turns":5.0},{"damage":20.0,"enemies":"Slavers","floor":23.0,"turns":8.0},{"damage":2.0,"enemies":"Book of Stabbing","floor":25.0,"turns":6.0},{"damage":1.0,"enemies":"Snecko","floor":28.0,"turns":5.0},{"damage":3.0,"enemies":"Cultist and Chosen","floor":29.0,"turns":5.0},{"damage":21.0,"enemies":"Sentry and Sphere","floor":31.0,"turns":7.0},{"damage":39.0,"enemies":"Collector","floor":33.0,"turns":10.0},{"damage":16.0,"enemies":"3 Darklings","floor":35.0,"turns":3.0},{"damage":7.0,"enemies":"3 Shapes","floor":36.0,"turns":5.0},{"damage":21.0,"enemies":"Mind Bloom Boss Battle","floor":38.0,"turns":6.0},{"damage":2.0,"enemies":"Jaw Worm Horde","floor":39.0,"turns":3.0},{"damage":8.0,"enemies":"Nemesis","floor":40.0,"turns":7.0},{"damage":36.0,"enemies":"Transient","floor":44.0,"turns":5.0},{"damage":33.0,"enemies":"Giant Head","floor":45.0,"turns":7.0},{"damage":27,"enemies":"Spire Growth","floor":48,"turns":3}],"seed_played":"279153043207270626","potions_obtained":[{"floor":2.0,"key":"GamblersBrew"},{"floor":4.0,"key":"SteroidPotion"},{"floor":10.0,"key":"DuplicationPotion"},{"floor":11.0,"key":"DistilledChaos"},{"floor":12.0,"key":"Regen Potion"},{"floor":18.0,"key":"Fire Potion"},{"floor":22.0,"key":"BlessingOfTheForge"},{"floor":23.0,"key":"StancePotion"},{"floor":29.0,"key":"Energy Potion"},{"floor":35.0,"key":"Ancient Potion"},{"floor":38.0,"key":"Explosive Potion"},{"floor":39.0,"key":"Weak Potion"},{"floor":44.0,"key":"Block Potion"}],"is_trial":false,"path_per_floor":["M","M","?","M","M","R","E","$","T","E","M","E","R","E","R","B",null,"M","$","M","?","M","E","R","E","T","$","M","M","?","M","R","B",null,"M","M","?","?","M","E","$","R","T","M","E","$","?","M"],"character_chosen":"WATCHER","items_purchased":["Yang","Apotheosis","Strawberry","Prostrate","Regen Potion","Lee\u0027s Waffle","Kunai","CarveReality"],"campfire_rested":4,"item_purchase_floors":[19,27,27,27,27,41,41,41],"current_hp_per_floor":[72,72,72,72,68,68,32,32,32,24,24,23,44,31,52,26,72,53,53,47,47,42,22,43,41,41,48,47,58,52,31,69,30,79,63,56,46,25,23,15,86,86,86,50,17,17,9,0,0],"gold":67,"neow_bonus":"THREE_CARDS","is_daily":false,"chose_seed":false,"campfire_upgraded":1,"win_rate":0.0,"timestamp":1608593002,"path_taken":["M","M","?","?","M","R","E","?","T","E","M","E","R","E","R","BOSS","M","$","M","?","M","E","R","E","T","$","M","M","?","M","R","BOSS","M","M","?","?","M","E","?","R","T","M","E","$","?","M"],"items_purchased_type":["Relic","Card","Relic","Card","Potion","Relic","Relic","Card"],"build_version":"2020-12-13","purchased_purges":1,"victory":false,"max_hp_per_floor":[72,72,72,72,72,72,72,72,72,72,72,72,72,72,72,72,72,72,72,72,72,72,72,72,72,72,79,79,79,79,79,79,79,79,79,79,79,79,79,79,86,86,86,86,86,86,86,86,86],"card_choices":[{"not_picked":["Collect","Sanctity"],"picked":"Weave","floor":0.0},{"not_picked":["CrushJoints","Protect"],"picked":"BowlingBash","floor":1.0},{"not_picked":["SashWhip","Halt"],"picked":"Sanctity","floor":2.0},{"not_picked":["FlyingSleeves","FlurryOfBlows"],"picked":"Wallop","floor":4.0},{"not_picked":["ThirdEye","BowlingBash"],"picked":"EmptyFist","floor":5.0},{"not_picked":["Pray","Nirvana"],"picked":"Brilliance","floor":7.0},{"not_picked":["Consecrate","Indignation"],"picked":"ThirdEye","floor":10.0},{"not_picked":["CutThroughFate","PathToVictory"],"picked":"JustLucky","floor":11.0},{"not_picked":["Collect","Tantrum"],"picked":"EmptyBody","floor":12.0},{"not_picked":["Tantrum","WreathOfFlame"],"picked":"ReachHeaven","floor":14.0},{"not_picked":["SpiritShield","Brilliance"],"picked":"LessonLearned","floor":16.0},{"not_picked":["CutThroughFate","CrushJoints"],"picked":"Prostrate","floor":18.0},{"not_picked":["Indignation","Evaluate"],"picked":"Crescendo","floor":20.0},{"not_picked":["PathToVictory+1","BowlingBash"],"picked":"Protect","floor":22.0},{"not_picked":["ClearTheMind","Pray"],"picked":"ThirdEye+1","floor":23.0},{"not_picked":["MasterReality","DeceiveReality+1"],"picked":"Swivel","floor":25.0},{"not_picked":["EmptyFist","FlurryOfBlows"],"picked":"Prostrate+1","floor":28.0},{"not_picked":["PathToVictory+1","CrushJoints"],"picked":"Crescendo","floor":29.0},{"not_picked":["FlurryOfBlows","Meditate"],"picked":"JustLucky","floor":31.0},{"not_picked":["Omniscience","DeusExMachina"],"picked":"ConjureBlade","floor":33.0},{"not_picked":["CrushJoints+1","WindmillStrike+1"],"picked":"Vengeance","floor":35.0},{"not_picked":["SignatureMove","Crescendo+1"],"picked":"Worship","floor":36.0},{"not_picked":["Madness","Finesse"],"picked":"PanicButton","floor":37.0},{"not_picked":["Mayhem","Panache"],"picked":"Dark Shackles","floor":37.0},{"not_picked":["HandOfGreed","Deep Breath"],"picked":"Mind Blast","floor":37.0},{"not_picked":["WheelKick","Protect"],"picked":"PathToVictory+1","floor":38.0},{"not_picked":["ClearTheMind","Wireheading+1"],"picked":"CutThroughFate","floor":39.0},{"not_picked":["ClearTheMind","TalkToTheHand+1"],"picked":"Weave+1","floor":40.0},{"not_picked":["MasterReality","Consecrate+1"],"picked":"EmptyFist+1","floor":44.0},{"not_picked":["FlyingSleeves+1","Crescendo","Evaluate"],"picked":"SKIP","floor":45.0}],"player_experience":397020,"relics_obtained":[{"floor":7.0,"key":"Orichalcum"},{"floor":9.0,"key":"Smiling Mask"},{"floor":10.0,"key":"Juzu Bracelet"},{"floor":12.0,"key":"Blue Candle"},{"floor":14.0,"key":"Happy Flower"},{"floor":23.0,"key":"Bronze Scales"},{"floor":23.0,"key":"Bag of Marbles"},{"floor":25.0,"key":"CloakClasp"},{"floor":25.0,"key":"Regal Pillow"},{"floor":38.0,"key":"Peace Pipe"},{"floor":40.0,"key":"Gambling Chip"},{"floor":40.0,"key":"Pantograph"},{"floor":43.0,"key":"Omamori"},{"floor":45.0,"key":"Pen Nib"},{"floor":45.0,"key":"Lantern"}],"event_choices":[{"damage_healed":0.0,"max_hp_gain":0.0,"max_hp_loss":0.0,"gold_gain":0.0,"event_name":"FaceTrader","player_choice":"Trade","floor":3.0,"gold_loss":0.0,"damage_taken":0.0,"relics_obtained":["SsserpentHead"]},{"damage_healed":0.0,"max_hp_gain":0.0,"max_hp_loss":0.0,"gold_gain":0.0,"event_name":"Vampires","player_choice":"Ignored","floor":21.0,"gold_loss":0.0,"damage_taken":0.0},{"damage_healed":0.0,"max_hp_gain":0.0,"max_hp_loss":0.0,"gold_gain":0.0,"event_name":"Nest","player_choice":"Joined the Cult","floor":30.0,"gold_loss":0.0,"damage_taken":6.0,"cards_obtained":["RitualDagger"]},{"damage_healed":0.0,"max_hp_gain":0.0,"max_hp_loss":0.0,"gold_gain":0.0,"event_name":"SensoryStone","player_choice":"Memory 3","floor":37.0,"gold_loss":0.0,"damage_taken":10.0},{"damage_healed":0.0,"max_hp_gain":0.0,"max_hp_loss":0.0,"gold_gain":0.0,"event_name":"MindBloom","player_choice":"Fight","floor":38.0,"gold_loss":0.0,"damage_taken":0.0},{"damage_healed":0.0,"max_hp_gain":0.0,"max_hp_loss":0.0,"gold_gain":0.0,"event_name":"Wheel of Change","player_choice":"Damaged","floor":47.0,"gold_loss":0.0,"damage_taken":8.0}],"is_beta":false,"boss_relics":[{"not_picked":["Fusion Hammer","Coffee Dripper"],"picked":"Black Star"},{"not_picked":["Runic Pyramid","Empty Cage"],"picked":"HolyWater"}],"items_purged_floors":[46],"is_endless":false,"potions_floor_spawned":[2,4,10,11,12,18,22,23,29,35,38,39,44],"killed_by":"Spire Growth","ascension_level":1}}