{"host":"zuc5xqvlhed5q6ad","time":1608555965,"event":{"mods":["BaseMod","Block Reminder","Colored Powertips","Halation","Highlight Path","Mimic Mod","Minty Spire (QoL Compilation)","Permanent Neow","Practice Mode","Quick Restart","Spikes Relics","StSLib","UnlockEverythingMod"],"gold_per_floor":[110,110,124,143,160,160,173,248,248,248,264,74,89,123,123,225,225,238,253,272,272,50,50,50,66,66,66,76,76,93,21,21,117,117,130,150,177,177,177,177,29,29,29,29,48,14,28,28,28,28,28],"floor_reached":50,"playtime":2614,"items_purged":[],"score":444,"play_id":"9cb69d67-9dc2-40df-a855-b44ecb74b98d","local_time":"20201221160605","is_ascension_mode":false,"campfire_choices":[{"data":"Caltrops","floor":6.0,"key":"SMITH"},{"data":"Blade Dance","floor":10.0,"key":"SMITH"},{"floor":15.0,"key":"REST"},{"data":"Accuracy","floor":23,"key":"SMITH"},{"data":"Blade Dance","floor":27,"key":"SMITH"},{"data":"Neutralize","floor":29,"key":"SMITH"},{"floor":32,"key":"REST"},{"floor":40,"key":"REST"},{"floor":42,"key":"REST"},{"data":"Infinite Blades","floor":44,"key":"SMITH"},{"floor":49,"key":"REST"}],"circlet_count":0,"master_deck":["Strike_G","Strike_G","Strike_G","Strike_G","Strike_G","Defend_G","Defend_G","Defend_G","Defend_G","Defend_G","Survivor","Neutralize+1","Caltrops+1","Blade Dance+1","Deflect","Deflect","Footwork","Accuracy+1","Deflect","Bouncing Flask","Burst","Deadly Poison+1","Blade Dance+1","Infinite Blades+1","Backstab","Infinite Blades","Bane","Infinite Blades","Backstab","Blade Dance+1","Footwork","Well Laid Plans+1","Mind Blast"],"relics":["Ring of the Snake","NeowsBlessing","SuspiciousGoo","Sling","WingedGreaves","Black Star","halation:PinkSoulGem","ClockworkSouvenir","Strawberry","Philosopher\u0027s Stone","SnailShell","MealTicket"],"acts_visited":["Exordium","TheCity","TheBeyond"],"potions_floor_usage":[16,25,30,33,33,33,50],"damage_taken":[{"damage":0.0,"enemies":"Small Slimes","floor":1.0,"turns":1.0},{"damage":0.0,"enemies":"Cultist","floor":3.0,"turns":1.0},{"damage":0.0,"enemies":"2 Louse","floor":4.0,"turns":1.0},{"damage":4.0,"enemies":"Red Slaver","floor":5.0,"turns":4.0},{"damage":2.0,"enemies":"Looter","floor":7.0,"turns":4.0},{"damage":13.0,"enemies":"Large Slime","floor":11.0,"turns":7.0},{"damage":1.0,"enemies":"Red Slaver","floor":13.0,"turns":3.0},{"damage":26.0,"enemies":"Gremlin Nob","floor":14.0,"turns":4.0},{"damage":18,"enemies":"Slime Boss","floor":16,"turns":10},{"damage":0,"enemies":"Spheric Guardian","floor":18,"turns":2},{"damage":1,"enemies":"Chosen","floor":19,"turns":4},{"damage":18,"enemies":"Shelled Parasite and Fungi","floor":20,"turns":4},{"damage":9,"enemies":"Snecko","floor":25,"turns":5},{"damage":14,"enemies":"3 Cultists","floor":28,"turns":4},{"damage":23,"enemies":"Centurion and Healer","floor":30,"turns":4},{"damage":48,"enemies":"Collector","floor":33,"turns":8},{"damage":22,"enemies":"Orb Walker","floor":35,"turns":4},{"damage":29,"enemies":"3 Darklings","floor":36,"turns":4},{"damage":39,"enemies":"Maw","floor":45,"turns":8},{"damage":34,"enemies":"4 Shapes","floor":47,"turns":9},{"damage":44,"enemies":"Awakened One","floor":50,"turns":3}],"seed_played":"423066413465393467","potions_obtained":[{"floor":4.0,"key":"FearPotion"},{"floor":7.0,"key":"Swift Potion"},{"floor":13.0,"key":"SkillPotion"},{"floor":14.0,"key":"Regen Potion"},{"floor":16,"key":"AttackPotion"},{"floor":25,"key":"SpeedPotion"},{"floor":30,"key":"SteroidPotion"},{"floor":35,"key":"Weak Potion"},{"floor":45,"key":"GamblersBrew"}],"is_trial":false,"path_per_floor":["M","?","M","M","M","R","M","?","T","R","M","$","M","E","R","B",null,"M","M","M","?","$","R","?","M","T","R","M","R","M","$","R","B",null,"M","M","T","T","?","R","$","R","T","R","M","$","M","?","R","B"],"character_chosen":"THE_SILENT","items_purchased":["Sling","Accuracy","Infinite Blades","ClockworkSouvenir","Backstab","Infinite Blades","Backstab","Footwork"],"campfire_rested":5,"item_purchase_floors":[12,12,22,22,31,41,41,46],"current_hp_per_floor":[70,70,70,70,66,66,64,57,57,57,44,44,43,17,38,20,70,70,69,51,51,51,51,51,56,63,63,49,49,26,26,49,1,77,55,26,26,26,26,49,49,72,72,72,33,48,14,14,37,0,0],"gold":28,"neow_bonus":"THREE_ENEMY_KILL","is_daily":false,"chose_seed":false,"campfire_upgraded":6,"win_rate":0.0,"timestamp":1608555965,"path_taken":["M","?","M","?","?","R","M","?","T","R","M","$","?","E","R","BOSS","M","M","M","?","$","R","?","?","T","R","M","R","M","$","R","BOSS","M","M","?","?","?","R","$","R","T","R","?","$","M","?","R","BOSS"],"items_purchased_type":["Relic","Card","Card","Relic","Card","Card","Card","Card"],"build_version":"2020-12-13","purchased_purges":0,"victory":false,"max_hp_per_floor":[70,70,70,70,70,70,70,70,70,70,70,70,70,70,70,70,70,70,70,70,70,70,70,70,70,77,77,77,77,77,77,77,77,77,77,77,77,77,77,77,77,77,77,77,77,77,77,77,77,77,77],"card_choices":[{"not_picked":["Poisoned Stab","Escape Plan"],"picked":"Caltrops","floor":1.0},{"not_picked":["Bane","Quick Slash"],"picked":"Blade Dance","floor":3.0},{"not_picked":["Reflex","Backflip"],"picked":"Deflect","floor":4.0},{"not_picked":["Prepared","All Out Attack"],"picked":"Deflect","floor":5.0},{"not_picked":["Leg Sweep","Outmaneuver","Prepared"],"picked":"SKIP","floor":7.0},{"not_picked":["Backflip","Quick Slash"],"picked":"Footwork","floor":11.0},{"not_picked":["Bane","Underhanded Strike"],"picked":"Deflect","floor":13.0},{"not_picked":["Riddle With Holes","Blur"],"picked":"Bouncing Flask","floor":14.0},{"not_picked":["Adrenaline","Malaise"],"picked":"Burst","floor":16},{"not_picked":["Acrobatics","PiercingWail"],"picked":"Deadly Poison+1","floor":18},{"not_picked":["Calculated Gamble+1","PiercingWail"],"picked":"Blade Dance","floor":19},{"not_picked":["Leg Sweep","Eviscerate","Flechettes"],"picked":"SKIP","floor":20},{"not_picked":["Acrobatics","Leg Sweep","PiercingWail"],"picked":"SKIP","floor":25},{"not_picked":["Dagger Spray+1","Choke+1","Night Terror"],"picked":"SKIP","floor":28},{"not_picked":["Reflex","PiercingWail","Outmaneuver"],"picked":"SKIP","floor":30},{"not_picked":["Dagger Spray","Flying Knee+1"],"picked":"Infinite Blades","floor":35},{"not_picked":["Skewer","Outmaneuver+1"],"picked":"Bane","floor":36},{"not_picked":["Riddle With Holes+1","Concentrate+1"],"picked":"Blade Dance+1","floor":45},{"not_picked":["Dash+1","Calculated Gamble+1"],"picked":"Well Laid Plans+1","floor":47},{"not_picked":["HandOfGreed","Forethought"],"picked":"Mind Blast","floor":48}],"player_experience":132510,"relics_obtained":[{"floor":9.0,"key":"SuspiciousGoo"},{"floor":14.0,"key":"WingedGreaves"},{"floor":26,"key":"Strawberry"},{"floor":37,"key":"SnailShell"},{"floor":43,"key":"MealTicket"}],"event_choices":[{"damage_healed":0.0,"max_hp_gain":0.0,"max_hp_loss":0.0,"gold_gain":0.0,"event_name":"NoteForYourself","player_choice":"Ignored","floor":2.0,"gold_loss":0.0,"damage_taken":0.0},{"damage_healed":0.0,"max_hp_gain":0.0,"max_hp_loss":0.0,"gold_gain":75.0,"event_name":"FaceTrader","player_choice":"Touch","floor":8.0,"gold_loss":0.0,"damage_taken":7.0},{"damage_healed":0,"gold_gain":0,"player_choice":"Got Potions","damage_taken":0,"max_hp_gain":0,"max_hp_loss":0,"event_name":"Lab","floor":24,"gold_loss":0},{"damage_healed":0,"gold_gain":0,"player_choice":"Ignored","damage_taken":0,"max_hp_gain":0,"max_hp_loss":0,"event_name":"Tomb of Lord Red Mask","floor":39,"gold_loss":0},{"damage_healed":0,"gold_gain":0,"player_choice":"Memory 1","damage_taken":0,"max_hp_gain":0,"max_hp_loss":0,"event_name":"SensoryStone","floor":48,"gold_loss":0}],"is_beta":false,"boss_relics":[{"not_picked":["Snecko Eye","Sozu"],"picked":"Black Star"},{"not_picked":["halation:SmartPhone","halation:HeavySnake"],"picked":"Philosopher\u0027s Stone"}],"items_purged_floors":[],"is_endless":false,"potions_floor_spawned":[4,7,13,14,16,18,20,25,30,35,45],"killed_by":"Awakened One","ascension_level":0}}