{"host":"cbnfbo28eyz4xcn1","time":1608585068,"event":{"mods":["BaseMod","Colored Map","Colored Powertips","Infinite Spire","Minty Spire (QoL Compilation)","Replay The Spire","StSLib"],"gold_per_floor":[111,111,171,1,12,12,25,57,57,57,157,170,181,198,198,299,349,362,51,51,67,80,80,105,105,105,125,27,0,0,15,15,118,118,130,145,145,161,174,174,187,187,187,19,19,19,19,31,31,31],"floor_reached":51,"playtime":2269,"items_purged":["Spreading Infection","Regret"],"score":945,"play_id":"255a9fef-4202-41e7-8f34-1ea8a7988ccb","local_time":"20201221221108","is_ascension_mode":true,"campfire_choices":[{"data":"Flex","floor":6.0,"key":"SMITH"},{"data":"Dramatic Entrance","floor":10.0,"key":"SMITH"},{"data":"Armaments","floor":15.0,"key":"SMITH"},{"data":"Whirlwind","floor":23.0,"key":"SMITH"},{"data":"Demon Form","floor":25.0,"key":"SMITH"},{"floor":32.0,"key":"REST"},{"floor":40.0,"key":"REST"},{"floor":47.0,"key":"REST"},{"floor":49.0,"key":"REST"}],"circlet_count":0,"master_deck":["Strike_R+1","Strike_R","Strike_R","Strike_R","Strike_R","Defend_R+1","Defend_R","Defend_R","Bash","Armaments+1","Cleave","Dramatic Entrance+1","Flex+1","Heavy Blade+1","Metallicize","Pommel Strike","ReplayTheSpireMod:Muscle Training","Exhume+1","Cleave","Power Through+1","Replay:Many Hands+1","Inflame","ReplayTheSpireMod:Stacked+1","Dramatic Entrance+1","Shrug It Off+1","Shrug It Off+1","Whirlwind+1","True Grit+1","Anger","Demon Form+1","Flex+1","Flex+1","ReplayTheSpireMod:Chaos Vortex","Barricade","Demon Form","Cleave","Sentinel+1","Replay:BasicMightCard","True Grit+1","Juggernaut","Flame Barrier+1","Seeing Red+1","Anger"],"relics":["Burning Blood","Ring of Peace","ReplayTheSpireMod:Ring of Exchange","Snack Pack","ReplayTheSpireMod:CursedCoin","Simple Rune","Omamori","Toxic Egg 2","Tiny House","DollysMirror","Toy Ornithopter","Bottled Tornado","Replay:Kaleidoscope","Philosopher\u0027s Stone","InkBottle"],"acts_visited":["Exordium","TheCity","TheBeyond"],"potions_floor_usage":[50,50],"damage_taken":[{"damage":3.0,"enemies":"2 Louse","floor":1.0,"turns":3.0},{"damage":0.0,"enemies":"Jaw Worm","floor":5.0,"turns":4.0},{"damage":4.0,"enemies":"Cultist","floor":7.0,"turns":4.0},{"damage":0.0,"enemies":"Gremlin Nob","floor":8.0,"turns":3.0},{"damage":14.0,"enemies":"Exordium Thugs","floor":12.0,"turns":5.0},{"damage":1.0,"enemies":"Large Slime","floor":13.0,"turns":5.0},{"damage":5.0,"enemies":"2 Fungi Beasts","floor":14.0,"turns":3.0},{"damage":29.0,"enemies":"Slime Boss","floor":16.0,"turns":12.0},{"damage":21.0,"enemies":"Spheric Guardian","floor":18.0,"turns":4.0},{"damage":11.0,"enemies":"Chosen","floor":21.0,"turns":6.0},{"damage":14.0,"enemies":"Centurion and Healer","floor":22.0,"turns":4.0},{"damage":23.0,"enemies":"Gremlin Leader","floor":24.0,"turns":8.0},{"damage":16.0,"enemies":"Snake Plant","floor":27.0,"turns":4.0},{"damage":17.0,"enemies":"Snecko","floor":31.0,"turns":5.0},{"damage":42.0,"enemies":"Champ","floor":33.0,"turns":9.0},{"damage":34.0,"enemies":"3 Shapes","floor":35.0,"turns":2.0},{"damage":21.0,"enemies":"Orb Walker","floor":36.0,"turns":5.0},{"damage":27.0,"enemies":"4 Shapes","floor":38.0,"turns":3.0},{"damage":22.0,"enemies":"Transient","floor":39.0,"turns":5.0},{"damage":13.0,"enemies":"Writhing Mass","floor":41.0,"turns":5.0},{"damage":34.0,"enemies":"Spire Growth","floor":48.0,"turns":5.0},{"damage":87,"enemies":"Donu and Deca","floor":50,"turns":8}],"seed_played":"8466549058425864477","potions_obtained":[{"floor":3.0,"key":"DistilledChaos"},{"floor":5.0,"key":"Adrenaline Potion"},{"floor":12.0,"key":"Energy Potion"},{"floor":14.0,"key":"PowerPotion"},{"floor":17.0,"key":"Weak Potion"},{"floor":18.0,"key":"Fire Potion"},{"floor":24.0,"key":"BlessingOfTheForge"},{"floor":27.0,"key":"Fire Potion"},{"floor":35.0,"key":"FearPotion"},{"floor":38.0,"key":"FearPotion"},{"floor":41.0,"key":"AttackPotion"}],"is_trial":false,"path_per_floor":["M","?","?","$","M","R","M","E","T","R","?","M","M","M","R","B",null,"M","$","?","M","M","R","E","R","T","M","$","?","AVR","M","R","B",null,"M","M","?","M","M","R","M","?","T","$","?","?","R","M","R","B",null],"character_chosen":"IRONCLAD","items_purchased":["Dramatic Entrance","ReplayTheSpireMod:CursedCoin","Simple Rune","Flex","Heavy Blade+1","DollysMirror","Shrug It Off+1","Explosive Potion","Flex+1","BloodPotion","Seeing Red+1"],"campfire_rested":4,"item_purchase_floors":[4,4,4,4,4,19,19,19,28,28,44],"current_hp_per_floor":[83,83,83,83,88,88,88,88,88,88,88,80,88,88,88,66,88,75,75,75,72,68,68,57,57,57,47,47,47,47,61,88,59,85,66,51,51,32,20,47,47,47,47,47,47,47,73,49,75,8],"gold":31,"neow_bonus":"TEN_PERCENT_HP_BONUS","is_daily":false,"chose_seed":false,"campfire_upgraded":5,"win_rate":0.0,"timestamp":1608585068,"path_taken":["M","?","?","?","M","R","M","E","T","R","?","M","M","?","R","BOSS","M","$","?","M","M","R","E","R","T","M","$","?","AVR","M","R","BOSS","M","M","?","M","M","R","M","?","T","?","?","?","R","?","R","BOSS"],"items_purchased_type":["Card","Relic","Relic","Card","Card","Relic","Card","Potion","Card","Potion","Card"],"build_version":"2020-12-13","purchased_purges":2,"victory":true,"max_hp_per_floor":[88,88,88,88,88,88,88,88,88,88,88,88,88,88,88,88,93,93,93,93,93,93,93,93,93,93,93,93,93,93,93,93,93,93,93,93,93,93,93,93,93,93,93,93,93,88,88,88,88,88],"card_choices":[{"not_picked":["Sever Soul","Perfected Strike"],"picked":"Armaments","floor":1.0},{"not_picked":["Second Wind","Burning Pact"],"picked":"Cleave","floor":3.0},{"not_picked":["Fire Breathing","Body Slam"],"picked":"Metallicize","floor":5.0},{"not_picked":["Thunderclap","Iron Wave"],"picked":"Pommel Strike","floor":7.0},{"not_picked":["Combust","infinitespire:OneForAll"],"picked":"ReplayTheSpireMod:Muscle Training","floor":8.0},{"not_picked":["Life Link","Rampage"],"picked":"Exhume+1","floor":12.0},{"not_picked":["Pommel Strike","ReplayReversal+1"],"picked":"Cleave","floor":13.0},{"not_picked":["Clothesline","Battle Trance+1"],"picked":"Power Through+1","floor":14.0},{"not_picked":["Brutality","Offering+1"],"picked":"Replay:Many Hands+1","floor":16.0},{"not_picked":["Seeing Red+1","Run Through"],"picked":"Inflame","floor":17.0},{"not_picked":["Body Slam","Warcry+1"],"picked":"ReplayTheSpireMod:Stacked+1","floor":18.0},{"not_picked":["Intimidate+1","Clothesline"],"picked":"True Grit+1","floor":21.0},{"not_picked":["Twin Strike","ReplayTheSpireMod:Strike From Hell+1"],"picked":"Anger","floor":22.0},{"not_picked":["Bloodletting+1","Warcry+1"],"picked":"Demon Form","floor":24.0},{"not_picked":["Headbutt","Twin Strike"],"picked":"Flex+1","floor":27.0},{"not_picked":["Anger","Flame Barrier+1"],"picked":"Barricade","floor":31.0},{"not_picked":["Barricade","Feed"],"picked":"Demon Form","floor":33.0},{"not_picked":["Body Slam","Armaments+1"],"picked":"Cleave","floor":35.0},{"not_picked":["Perfected Strike+1","ReplayTheSpireMod:Corrosion Curse+1"],"picked":"Sentinel+1","floor":36.0},{"not_picked":["ReplayTheSpireMod:Uncanny Aura+1","ReplayTheSpireMod:Trickstab"],"picked":"Replay:BasicMightCard","floor":37.0},{"not_picked":["Burning Pact+1","Havoc+1"],"picked":"True Grit+1","floor":38.0},{"not_picked":["Clothesline","Carnage+1"],"picked":"Juggernaut","floor":39.0},{"not_picked":["Evolve+1","Uppercut+1"],"picked":"Flame Barrier+1","floor":41.0},{"not_picked":["Abandon+1","True Grit+1"],"picked":"Anger","floor":48.0}],"player_experience":441415,"relics_obtained":[{"floor":2.0,"key":"Ring of Peace"},{"floor":2.0,"key":"ReplayTheSpireMod:Ring of Exchange"},{"floor":3.0,"key":"Snack Pack"},{"floor":8.0,"key":"Omamori"},{"floor":9.0,"key":"Toxic Egg 2"},{"floor":24.0,"key":"Toy Ornithopter"},{"floor":26.0,"key":"Bottled Tornado"},{"floor":43.0,"key":"InkBottle"}],"event_choices":[{"damage_healed":0.0,"max_hp_gain":0.0,"max_hp_loss":0.0,"gold_gain":100.0,"event_name":"Golden Shrine","player_choice":"Pray","floor":11.0,"gold_loss":0.0,"damage_taken":0.0},{"damage_healed":0.0,"max_hp_gain":0.0,"max_hp_loss":0.0,"gold_gain":0.0,"event_name":"The Library","player_choice":"Read","floor":20.0,"gold_loss":0.0,"damage_taken":0.0,"cards_obtained":["Whirlwind"]},{"damage_healed":0.0,"max_hp_gain":0.0,"max_hp_loss":0.0,"gold_gain":0.0,"event_name":"Masked Bandits","player_choice":"Paid Fearfully","floor":29.0,"gold_loss":27.0,"damage_taken":0.0},{"damage_healed":0.0,"max_hp_gain":0.0,"max_hp_loss":0.0,"gold_gain":0.0,"event_name":"SensoryStone","player_choice":"Memory 1","floor":37.0,"gold_loss":0.0,"damage_taken":0.0},{"damage_healed":0.0,"max_hp_gain":0.0,"max_hp_loss":0.0,"gold_gain":0.0,"event_name":"Mysterious Sphere","player_choice":"Ignored","floor":42.0,"gold_loss":0.0,"damage_taken":0.0},{"cards_removed":["Defend_R"],"damage_healed":0.0,"max_hp_gain":0.0,"max_hp_loss":0.0,"gold_gain":0.0,"event_name":"Falling","player_choice":"Removed Skill","floor":45.0,"gold_loss":0.0,"damage_taken":0.0},{"damage_healed":0.0,"max_hp_gain":0.0,"max_hp_loss":5.0,"gold_gain":0.0,"event_name":"Winding Halls","player_choice":"Max HP","floor":46.0,"gold_loss":0.0,"damage_taken":0.0}],"is_beta":false,"boss_relics":[{"not_picked":["Replay:Wanted Poster","Frozen Eye"],"picked":"Tiny House"},{"not_picked":["Cauldron","ClockworkSouvenir"],"picked":"Philosopher\u0027s Stone"}],"items_purged_floors":[19,44],"is_endless":false,"potions_floor_spawned":[5,12,14,18,24,27,35,38,41],"ascension_level":6}}