{"host":"f0mljg7feog5bxid","time":1608522158,"event":{"mods":["BaseMod","Friendly Minions","Infinite Spire","Kiyohime????","Marisa????????","Minty Spire (QoL Compilation)","Remilia??????","Replay The Spire","StSLib","The Servant 0.9.4"],"gold_per_floor":[99,114,114,114,125,155,155,182,209,209,209,226,71,96,96,215,215,226,244,244,244,169,212,212,212,212,212,240,240,240,240],"floor_reached":30,"playtime":1606,"items_purged":["Strike_MRS"],"score":380,"play_id":"0b305497-4ba2-4281-a708-0f5d6d479380","local_time":"20201220224238","daily_mods":["Heirloom","Time Dilation","Flight"],"is_ascension_mode":false,"campfire_choices":[{"data":"Replay:Spark Circuitry","floor":7.0,"key":"SMITH"},{"data":"LuminesStrike","floor":11.0,"key":"SMITH"},{"data":"Redo","floor":15.0,"key":"SMITH"},{"floor":29.0,"key":"REST"}],"circlet_count":0,"master_deck":["Strike_MRS","Strike_MRS","Defend_MRS","Defend_MRS","Defend_MRS","Defend_MRS","MasterSpark","UpSweep","LuminesStrike+1","Replay:Spark Circuitry+1","WitchOfGreed","OrrerysSun","Singularity","Redo+1","Seek","BlazeAway+1","Chrysalis","Madness","FairyDestructionRay+1","OortCloud"],"relics":["Counterbalance","m_SpellCore","NeowsBlessing","infinitespire:Lucky Rock","Juzu Bracelet","Bronze Scales","Potion Belt","ExperimentalFamiliar","ReplayTheSpireMod:ShopPack","Bag of Preparation","Art of War","MutagenicStrength","Gremlin Food"],"acts_visited":["Exordium","TheCity"],"potions_floor_usage":[],"damage_taken":[{"damage":6.0,"enemies":"Jaw Worm","floor":2.0,"turns":3.0},{"damage":0.0,"enemies":"Cultist","floor":5.0,"turns":1.0},{"damage":0.0,"enemies":"Lagavulin","floor":6.0,"turns":1.0},{"damage":0.0,"enemies":"3 Sentries","floor":8.0,"turns":1.0},{"damage":5.0,"enemies":"Small Slimes","floor":12.0,"turns":3.0},{"damage":15.0,"enemies":"Gremlin Nob","floor":14.0,"turns":3.0},{"damage":0.0,"enemies":"Slime Boss","floor":16.0,"turns":3.0},{"damage":7.0,"enemies":"3 Byrds","floor":18.0,"turns":2.0},{"damage":5.0,"enemies":"Chosen","floor":19.0,"turns":3.0},{"damage":36.0,"enemies":"Nightmare","floor":23.0,"turns":7.0},{"damage":25.0,"enemies":"Book of Stabbing","floor":28.0,"turns":3.0}],"seed_played":"1281066212675930263","potions_obtained":[{"floor":5.0,"key":"Ancient Potion"},{"floor":8.0,"key":"AttackPotion"},{"floor":12.0,"key":"BlessingOfTheForge"},{"floor":16.0,"key":"BlessingOfTheForge"},{"floor":16.0,"key":"SpeedPotion"},{"floor":23.0,"key":"Toxic Potion"},{"floor":28.0,"key":"Strength Potion"}],"is_trial":true,"path_per_floor":["?","M","WH","WH","M","E","R","E","T","WH","R","M","$","E","R","B",null,"M","M","?","AVR","?","NM","?","WH","T","?","E","R","$"],"character_chosen":"MARISA","items_purchased":["Singularity"],"campfire_rested":1,"item_purchase_floors":[13],"current_hp_per_floor":[75,69,69,76,76,76,76,76,76,84,84,79,79,64,64,64,90,83,78,78,78,78,42,42,51,51,51,26,55,55,55],"gold":240,"neow_bonus":"TEN_PERCENT_HP_BONUS","is_daily":false,"chose_seed":false,"campfire_upgraded":3,"win_rate":0.0,"timestamp":1608522158,"path_taken":["?","M","WH","WH","M","E","R","E","T","WH","R","M","$","E","R","BOSS","M","M","?","AVR","?","NM","?","WH","T","?","E","R","$"],"items_purchased_type":["Card"],"build_version":"2020-12-13","purchased_purges":1,"victory":false,"max_hp_per_floor":[75,75,75,82,82,82,82,82,82,90,90,90,90,90,90,90,90,90,90,90,90,90,90,90,99,99,99,99,99,99,99],"card_choices":[{"not_picked":["DragonMeteor","Barrage","Gash"],"picked":"SKIP","floor":2.0},{"not_picked":["GalacticHalo","GasGiant"],"picked":"LuminesStrike","floor":5.0},{"not_picked":["MeteoricShower","StarlightTyphoon"],"picked":"Replay:Spark Circuitry","floor":6.0},{"not_picked":["ReplayTheSpireMod:GoodbyeWorld","IllusionStar"],"picked":"WitchOfGreed","floor":8.0},{"not_picked":["OneTimeOff","ReplayTheSpireMod:GoodbyeWorld"],"picked":"OrrerysSun","floor":12.0},{"not_picked":["GravityBeat","WitchLeyline"],"picked":"Redo","floor":14.0},{"not_picked":["SuperNova","Multi-Cast"],"picked":"Seek","floor":16.0},{"not_picked":["DC+1","DarkSpark","AlicesGift"],"picked":"SKIP","floor":18.0},{"not_picked":["GalacticHalo","AsteroidBelt"],"picked":"BlazeAway","floor":19.0},{"not_picked":["Crow Ritual","Metamorphosis"],"picked":"Chrysalis","floor":21.0},{"not_picked":["ReplayTheSpireMod:Necrogeddon","Impatience"],"picked":"Madness","floor":21.0},{"not_picked":["AlicesGift","6A"],"picked":"FairyDestructionRay+1","floor":23.0},{"not_picked":["DC","GalacticHalo+1","UnstableBomb"],"picked":"SKIP","floor":28.0}],"player_experience":201417,"relics_obtained":[{"floor":6.0,"key":"infinitespire:Lucky Rock"},{"floor":8.0,"key":"Juzu Bracelet"},{"floor":9.0,"key":"Bronze Scales"},{"floor":14.0,"key":"Potion Belt"},{"floor":23.0,"key":"Bag of Preparation"},{"floor":26.0,"key":"Art of War"},{"floor":28.0,"key":"Gremlin Food"}],"event_choices":[{"damage_healed":0.0,"max_hp_gain":0.0,"max_hp_loss":0.0,"gold_gain":0.0,"event_name":"Vampires","player_choice":"Ignored","floor":20.0,"gold_loss":0.0,"damage_taken":0.0},{"cards_removed":["Strike_MRS"],"damage_healed":0.0,"max_hp_gain":0.0,"max_hp_loss":0.0,"gold_gain":0.0,"event_name":"Beggar","player_choice":"Gave Gold","floor":22.0,"gold_loss":75.0,"damage_taken":0.0},{"damage_healed":0.0,"max_hp_gain":0.0,"max_hp_loss":0.0,"gold_gain":0.0,"event_name":"The Library","player_choice":"Read","floor":24.0,"gold_loss":0.0,"damage_taken":0.0,"cards_obtained":["OortCloud"]},{"damage_healed":0.0,"max_hp_gain":0.0,"max_hp_loss":0.0,"gold_gain":0.0,"event_name":"Drug Dealer","player_choice":"Inject Mutagens","floor":27.0,"gold_loss":0.0,"damage_taken":0.0,"relics_obtained":["MutagenicStrength"]}],"is_beta":false,"boss_relics":[{"not_picked":["Empty Cage","Philosopher\u0027s Stone"],"picked":"ExperimentalFamiliar"}],"items_purged_floors":[13],"is_endless":false,"potions_floor_spawned":[5,8,12,16,28],"ascension_level":0}}