{"host":"f5n4tidiz2n5sooh","time":1608518651,"event":{"mods":["BaseMod","Bestiary","Colored Map","Minty Spire (QoL Compilation)","Relic Stats","StSLib"],"gold_per_floor":[117,128,142,156,170,170,242,242,242],"floor_reached":8,"playtime":187,"items_purged":[],"score":100,"play_id":"4c2dffdc-1874-4ba9-99fa-11767d3c8589","local_time":"20201220204411","is_ascension_mode":true,"campfire_choices":[{"floor":6,"key":"REST"}],"circlet_count":0,"master_deck":["AscendersBane","Strike_R","Strike_R","Strike_R","Strike_R","Strike_R","Defend_R","Defend_R","Defend_R","Defend_R","Bash","Heavy Blade","Pummel","Hemokinesis"],"relics":["Black Star"],"acts_visited":["Exordium"],"potions_floor_usage":[8],"damage_taken":[{"damage":14,"enemies":"2 Louse","floor":1,"turns":3},{"damage":12,"enemies":"Jaw Worm","floor":2,"turns":2},{"damage":19,"enemies":"Small Slimes","floor":3,"turns":3},{"damage":7,"enemies":"Looter","floor":4,"turns":4},{"damage":9,"enemies":"3 Louse","floor":5,"turns":4},{"damage":39,"enemies":"Lagavulin","floor":8,"turns":3}],"seed_played":"-407232255011714511","potions_obtained":[{"floor":3,"key":"LiquidMemories"}],"is_trial":false,"path_per_floor":["M","M","M","M","M","R","?","E"],"character_chosen":"IRONCLAD","items_purchased":[],"campfire_rested":1,"item_purchase_floors":[],"current_hp_per_floor":[54,42,23,16,7,29,29,0,0],"gold":242,"neow_bonus":"BOSS_RELIC","is_daily":false,"chose_seed":false,"campfire_upgraded":0,"win_rate":0.0,"timestamp":1608518651,"path_taken":["M","M","M","M","M","R","?","E"],"items_purchased_type":[],"build_version":"2020-12-13","purchased_purges":0,"victory":false,"max_hp_per_floor":[75,75,75,75,75,75,75,75,75],"relic_stats":{"counters":[6,19],"Black Star":0,"obtain_stats":[{"Black Star":0,"Burning Blood":0},{"Black Star":0,"Burning Blood":0},{"Black Star":0,"Burning Blood":0}]},"card_choices":[{"not_picked":["Thunderclap","Armaments"],"picked":"Heavy Blade","floor":1},{"not_picked":["Clothesline","Headbutt"],"picked":"Pummel","floor":2},{"not_picked":["Headbutt","Warcry","Rupture"],"picked":"SKIP","floor":3},{"not_picked":["Rampage","Sword Boomerang","Warcry"],"picked":"SKIP","floor":4},{"not_picked":["Perfected Strike","Sword Boomerang"],"picked":"Hemokinesis","floor":5}],"player_experience":1906079,"relics_obtained":[],"event_choices":[{"damage_healed":0,"gold_gain":72,"player_choice":"Gained Gold","damage_taken":0,"max_hp_gain":0,"max_hp_loss":0,"event_name":"Golden Wing","floor":7,"gold_loss":0}],"is_beta":false,"boss_relics":[],"items_purged_floors":[],"is_endless":false,"potions_floor_spawned":[3],"killed_by":"Lagavulin","ascension_level":20}}