{"host":"rmsq46plbpwfbxcc","time":1608554615,"event":{"mods":["AchievementEnabler","BaseMod","Colored Map","DeckTracker","Minty Spire (QoL Compilation)","Permanent Neow","SuperFastMode"],"gold_per_floor":[114,54,19,36,50,50,50,50,50,65,65,96,109,138,138,212,212,226,137,150,170,170,198,198,226,226,254,254,304,324,340,340,340,340],"floor_reached":33,"playtime":796,"items_purged":[],"score":657,"play_id":"ade19008-80a9-4e5b-a32a-95ad7cd03936","local_time":"20201221214335","is_ascension_mode":true,"campfire_choices":[{"data":"Neutralize","floor":6.0,"key":"SMITH"},{"data":"Blade Dance","floor":8.0,"key":"SMITH"},{"data":"Blade Dance","floor":11.0,"key":"SMITH"},{"data":"Cloak And Dagger","floor":15.0,"key":"SMITH"},{"data":"Accuracy","floor":24.0,"key":"SMITH"},{"data":"Terror","floor":28.0,"key":"SMITH"},{"floor":32.0,"key":"REST"}],"circlet_count":0,"master_deck":["AscendersBane","Strike_G","Strike_G","Strike_G","Strike_G","Defend_G","Defend_G","Defend_G","Defend_G","Defend_G","Survivor","Neutralize+1","Cloak And Dagger+1","Blade Dance+1","Blade Dance+1","Cloak And Dagger","Phantasmal Killer","Accuracy+1","Choke+1","Terror+1","Corpse Explosion","Burst","Escape Plan+1","Accuracy","PiercingWail"],"relics":["WristBlade","Molten Egg 2","Pantograph","Blue Candle","Sozu","MutagenicStrength","Vajra","Gremlin Horn","Matryoshka","Bottled Flame"],"acts_visited":["Exordium","TheCity"],"potions_floor_usage":[],"damage_taken":[{"damage":8.0,"enemies":"Small Slimes","floor":1.0,"turns":5.0},{"damage":0.0,"enemies":"Cultist","floor":4.0,"turns":4.0},{"damage":0.0,"enemies":"Jaw Worm","floor":5.0,"turns":3.0},{"damage":0.0,"enemies":"2 Fungi Beasts","floor":10.0,"turns":2.0},{"damage":5.0,"enemies":"Lagavulin","floor":12.0,"turns":5.0},{"damage":0.0,"enemies":"Blue Slaver","floor":13.0,"turns":2.0},{"damage":0.0,"enemies":"3 Sentries","floor":14.0,"turns":5.0},{"damage":12.0,"enemies":"Hexaghost","floor":16.0,"turns":9.0},{"damage":0.0,"enemies":"Spheric Guardian","floor":18.0,"turns":3.0},{"damage":5.0,"enemies":"Shell Parasite","floor":20.0,"turns":4.0},{"damage":11.0,"enemies":"3 Cultists","floor":21.0,"turns":4.0},{"damage":0.0,"enemies":"Book of Stabbing","floor":23.0,"turns":2.0},{"damage":4.0,"enemies":"Gremlin Leader","floor":25.0,"turns":4.0},{"damage":29.0,"enemies":"Book of Stabbing","floor":27.0,"turns":4.0},{"damage":0.0,"enemies":"Snecko","floor":30.0,"turns":3.0},{"damage":3.0,"enemies":"Chosen and Byrds","floor":31.0,"turns":4.0},{"damage":61,"enemies":"Champ","floor":33,"turns":6}],"seed_played":"2307539337355314779","potions_obtained":[{"floor":10.0,"key":"DistilledChaos"},{"floor":12.0,"key":"SneckoOil"},{"floor":14.0,"key":"PowerPotion"}],"is_trial":false,"path_per_floor":["M","?","?","M","M","R","?","R","T","M","R","E","M","E","R","B",null,"M","$","M","M","?","E","R","E","T","E","R","?","M","M","R","B"],"character_chosen":"THE_SILENT","items_purchased":["Accuracy"],"campfire_rested":1,"item_purchase_floors":[19],"current_hp_per_floor":[51,51,66,66,66,66,66,66,66,66,66,61,61,61,61,54,63,63,63,58,47,47,47,47,43,43,14,14,14,14,11,30,0,0],"gold":340,"neow_bonus":"BOSS_RELIC","is_daily":false,"chose_seed":false,"campfire_upgraded":6,"win_rate":0.0,"timestamp":1608554615,"path_taken":["M","?","?","M","M","R","?","R","T","M","R","E","M","E","R","BOSS","M","$","?","M","?","E","R","E","T","E","R","?","M","?","R","BOSS"],"items_purchased_type":["Card"],"build_version":"2020-12-13","purchased_purges":0,"victory":false,"max_hp_per_floor":[66,66,66,66,66,66,66,66,66,66,66,66,66,66,66,66,66,66,66,66,66,66,66,66,66,66,66,66,66,66,66,66,66,66],"card_choices":[{"not_picked":["Flying Knee","Sucker Punch"],"picked":"Cloak And Dagger","floor":1.0},{"not_picked":["Slice","PiercingWail"],"picked":"Blade Dance","floor":4.0},{"not_picked":["Prepared","Dagger Throw"],"picked":"Blade Dance","floor":5.0},{"not_picked":["Dodge and Roll","Poisoned Stab+1","Cloak And Dagger"],"picked":"SKIP","floor":10.0},{"not_picked":["Doppelganger","Noxious Fumes"],"picked":"Cloak And Dagger","floor":12.0},{"not_picked":["Sucker Punch+1","Prepared","Quick Slash+1"],"picked":"SKIP","floor":13.0},{"not_picked":["Dagger Spray+1","Well Laid Plans","Expertise"],"picked":"SKIP","floor":14.0},{"not_picked":["Unload+1","Die Die Die+1"],"picked":"Phantasmal Killer","floor":16.0},{"not_picked":["Acrobatics","Dodge and Roll","Flechettes+1"],"picked":"SKIP","floor":18.0},{"not_picked":["Backflip","PiercingWail"],"picked":"Choke+1","floor":20.0},{"not_picked":["PiercingWail","Deflect"],"picked":"Terror","floor":21.0},{"not_picked":["Setup","Poisoned Stab+1"],"picked":"Corpse Explosion","floor":23.0},{"not_picked":["Leg Sweep+1","Bane+1"],"picked":"Burst","floor":25.0},{"not_picked":["Terror","Burst"],"picked":"Escape Plan+1","floor":27.0},{"not_picked":["Skewer+1","Sucker Punch+1"],"picked":"Accuracy","floor":30.0},{"not_picked":["Bane+1","Masterful Stab+1"],"picked":"PiercingWail","floor":31.0}],"player_experience":1351070,"relics_obtained":[{"floor":9.0,"key":"Molten Egg 2"},{"floor":12.0,"key":"Pantograph"},{"floor":14.0,"key":"Blue Candle"},{"floor":23.0,"key":"Vajra"},{"floor":25.0,"key":"Gremlin Horn"},{"floor":26.0,"key":"Matryoshka"},{"floor":27.0,"key":"Bottled Flame"}],"event_choices":[{"damage_healed":0.0,"max_hp_gain":0.0,"max_hp_loss":0.0,"gold_gain":0.0,"event_name":"World of Goop","player_choice":"Left Gold","floor":2.0,"gold_loss":60.0,"damage_taken":0.0},{"damage_healed":16.0,"max_hp_gain":0.0,"max_hp_loss":0.0,"gold_gain":0.0,"event_name":"The Cleric","player_choice":"Healed","floor":3.0,"gold_loss":35.0,"damage_taken":0.0},{"cards_removed":["Strike_G"],"damage_healed":0.0,"max_hp_gain":0.0,"max_hp_loss":0.0,"gold_gain":0.0,"event_name":"Bonfire Elementals","player_choice":"Offered Basic","floor":7.0,"gold_loss":0.0,"damage_taken":0.0},{"damage_healed":0.0,"max_hp_gain":0.0,"max_hp_loss":0.0,"gold_gain":0.0,"event_name":"Drug Dealer","player_choice":"Inject Mutagens","floor":22.0,"gold_loss":0.0,"damage_taken":0.0,"relics_obtained":["MutagenicStrength"]},{"damage_healed":0.0,"max_hp_gain":0.0,"max_hp_loss":0.0,"gold_gain":100.0,"event_name":"The Joust","player_choice":"Bet on Murderer","floor":29.0,"gold_loss":50.0,"damage_taken":0.0}],"is_beta":false,"boss_relics":[{"not_picked":["Pandora\u0027s Box","SacredBark"],"picked":"Sozu"}],"items_purged_floors":[],"is_endless":false,"potions_floor_spawned":[10,12,14,23,30,31],"killed_by":"Champ","ascension_level":16}}