{"host":"rolltorest","time":1608516591,"event":{"mods":["BaseMod","Minty Spire (QoL Compilation)","StSLib"],"gold_per_floor":[118,118,11,30,30,64,78,109,160,178,194,229,229,247,247,320,320,333,333,366,386,386,417,56,84,84,359,359,374,127,138,138,138,138],"floor_reached":33,"playtime":936,"items_purged":["Strike_P","Strike_P"],"score":710,"play_id":"f7eeffb9-54d4-44ef-b2e2-7336c33616b2","local_time":"20201220180951","is_ascension_mode":true,"campfire_choices":[{"data":"Eruption","floor":13,"key":"SMITH"},{"data":"EmptyFist","floor":15,"key":"SMITH"},{"data":"Ghostly","floor":28,"key":"SMITH"},{"data":"BattleHymn","floor":32,"key":"SMITH"}],"circlet_count":0,"master_deck":["AscendersBane","Strike_P","Strike_P","Defend_P","Defend_P+1","Defend_P","Defend_P","Eruption+1","Vigilance","WheelKick+1","Blind","CarveReality","ThirdEye+1","Consecrate","EmptyFist+1","Adaptation","Brilliance","CurseOfTheBell","EmptyMind","Ghostly+1","Ghostly+1","Ghostly","BowlingBash","CutThroughFate","Halt","CrushJoints+1","BattleHymn+1"],"relics":["PureWater","NeowsBlessing","Mummified Hand","Bronze Scales","Damaru","Letter Opener","Calling Bell","Omamori","Yang","StoneCalendar","Red Mask","Pocketwatch","Lantern","Meat on the Bone","Orichalcum","War Paint"],"acts_visited":["Exordium","TheCity"],"potions_floor_usage":[7,33],"damage_taken":[{"damage":0,"enemies":"2 Louse","floor":1,"turns":1},{"damage":0,"enemies":"Small Slimes","floor":4,"turns":1},{"damage":0,"enemies":"3 Sentries","floor":6,"turns":2},{"damage":0,"enemies":"Jaw Worm","floor":7,"turns":3},{"damage":0,"enemies":"Gremlin Nob","floor":8,"turns":3},{"damage":9,"enemies":"3 Louse","floor":10,"turns":2},{"damage":0,"enemies":"2 Fungi Beasts","floor":11,"turns":2},{"damage":17,"enemies":"3 Sentries","floor":12,"turns":9},{"damage":0,"enemies":"Gremlin Gang","floor":14,"turns":2},{"damage":16,"enemies":"Hexaghost","floor":16,"turns":9},{"damage":0,"enemies":"Spheric Guardian","floor":18,"turns":2},{"damage":1,"enemies":"Masked Bandits","floor":20,"turns":3},{"damage":0,"enemies":"3 Byrds","floor":21,"turns":3},{"damage":20,"enemies":"Gremlin Leader","floor":23,"turns":7},{"damage":6,"enemies":"Slavers","floor":25,"turns":6},{"damage":4,"enemies":"Snake Plant","floor":29,"turns":4},{"damage":0,"enemies":"Chosen and Byrds","floor":31,"turns":4},{"damage":20,"enemies":"Automaton","floor":33,"turns":8}],"seed_played":"-4419252367850586929","potions_obtained":[{"floor":1,"key":"Fruit Juice"},{"floor":6,"key":"SpeedPotion"},{"floor":7,"key":"Weak Potion"},{"floor":20,"key":"AttackPotion"}],"is_trial":false,"path_per_floor":["M","?","$","M","$","E","M","E","T","M","M","E","R","M","R","B",null,"M","?","?","M","?","E","$","E","T","?","R","M","$","M","R","B"],"character_chosen":"WATCHER","items_purchased":["Blind","Meat on the Bone","Halt","BattleHymn","CultistPotion"],"campfire_rested":0,"item_purchase_floors":[3,24,24,30,30],"current_hp_per_floor":[61,41,41,41,41,41,46,46,46,37,37,20,20,20,20,4,56,56,36,35,35,35,15,15,21,21,21,21,29,29,29,29,9,9],"gold":138,"neow_bonus":"THREE_ENEMY_KILL","is_daily":false,"chose_seed":false,"campfire_upgraded":4,"win_rate":0.0,"timestamp":1608516591,"path_taken":["M","?","$","M","$","E","M","E","T","M","M","E","R","M","R","BOSS","M","?","?","?","?","E","$","E","T","?","R","?","$","M","R","BOSS"],"items_purchased_type":["Card","Relic","Card","Card","Potion"],"build_version":"2020-12-18","purchased_purges":2,"victory":false,"max_hp_per_floor":[68,68,68,68,68,68,73,73,73,73,73,73,73,73,73,73,73,73,36,36,36,36,36,36,36,36,36,36,36,36,36,36,36,36],"card_choices":[{"not_picked":["FlyingSleeves","SashWhip"],"picked":"WheelKick","floor":1},{"not_picked":["Adaptation","ForeignInfluence"],"picked":"CarveReality","floor":4},{"not_picked":["ClearTheMind","EmptyBody"],"picked":"ThirdEye","floor":6},{"not_picked":["FlyingSleeves","Pray","CrushJoints"],"picked":"SKIP","floor":7},{"not_picked":["LikeWater","Weave","PathToVictory"],"picked":"SKIP","floor":8},{"not_picked":["FollowUp","JustLucky"],"picked":"Consecrate","floor":10},{"not_picked":["FlurryOfBlows","ReachHeaven"],"picked":"EmptyFist","floor":11},{"not_picked":["EmptyFist","Protect"],"picked":"Adaptation","floor":12},{"not_picked":["PathToVictory","Evaluate","Vengeance"],"picked":"SKIP","floor":14},{"not_picked":["Judgement","MasterReality"],"picked":"Brilliance","floor":16},{"not_picked":["SashWhip","Nirvana"],"picked":"EmptyMind","floor":18},{"not_picked":["Protect","DeceiveReality"],"picked":"BowlingBash","floor":20},{"not_picked":["Protect","SignatureMove"],"picked":"CutThroughFate","floor":21},{"not_picked":["Wireheading","FlyingSleeves+1","WreathOfFlame"],"picked":"SKIP","floor":23},{"not_picked":["SashWhip+1","ThirdEye"],"picked":"CrushJoints+1","floor":25},{"not_picked":["EmptyBody","FlurryOfBlows","FollowUp"],"picked":"SKIP","floor":29},{"not_picked":["DevaForm","FlyingSleeves","Swivel"],"picked":"SKIP","floor":31}],"player_experience":1700408,"relics_obtained":[{"floor":6,"key":"Mummified Hand"},{"floor":8,"key":"Bronze Scales"},{"floor":9,"key":"Damaru"},{"floor":12,"key":"Letter Opener"},{"floor":17,"key":"Omamori"},{"floor":17,"key":"Yang"},{"floor":17,"key":"StoneCalendar"},{"floor":20,"key":"Red Mask"},{"floor":23,"key":"Lantern"},{"floor":25,"key":"Orichalcum"},{"floor":26,"key":"War Paint"}],"event_choices":[{"damage_healed":0,"gold_gain":0,"player_choice":"Entered Light","damage_taken":20,"max_hp_gain":0,"max_hp_loss":0,"event_name":"Shining Light","floor":2,"gold_loss":0,"cards_upgraded":["WheelKick","Defend_P"]},{"damage_healed":0,"gold_gain":0,"player_choice":"Became a Ghost","damage_taken":0,"max_hp_gain":0,"max_hp_loss":37,"event_name":"Ghosts","floor":19,"gold_loss":0,"cards_obtained":["Ghostly","Ghostly","Ghostly"]},{"damage_healed":0,"gold_gain":0,"player_choice":"Fought Bandits","damage_taken":0,"max_hp_gain":0,"max_hp_loss":0,"event_name":"Masked Bandits","floor":20,"gold_loss":0},{"damage_healed":0,"gold_gain":0,"player_choice":"Stole Relic","damage_taken":0,"relics_obtained":["Pocketwatch"],"max_hp_gain":0,"max_hp_loss":0,"event_name":"Addict","floor":22,"gold_loss":0,"cards_obtained":["Shame"]},{"damage_healed":0,"gold_gain":275,"player_choice":"Desecrate","damage_taken":0,"max_hp_gain":0,"max_hp_loss":0,"event_name":"Golden Shrine","floor":27,"gold_loss":0,"cards_obtained":["Regret"]}],"is_beta":true,"boss_relics":[{"not_picked":["Fusion Hammer","Busted Crown"],"picked":"Calling Bell"}],"items_purged_floors":[24,30],"is_endless":false,"potions_floor_spawned":[1,6,7,20,25,31],"killed_by":"Automaton","ascension_level":20}}