{"host":"373g0ui1bgeshz9m","time":1608589931,"event":{"mods":["Act Like it!","Aspiration","BaseMod","Beaked The Cultist","Better Third Choice","Colored Map","Conspire","Downfall","Halation","Hermit","Hubris","Infinite Spire","Jorbs\u0027s Wanderer Trilogy","Minty Spire (QoL Compilation)","Pale of the Ancients","Permanent Neow","Quick Restart","Replay The Spire","Shade Mod","Shop Mod","Spikes Relics","StSLib","The Animator","The Bladedancer","The Bug Knight","The Construct","The Cursed","The Factory","The Florist","The Judge","The Jungle","The Necromancer","The Sage","The Wild Card","Trackpad","vexMod"],"gold_per_floor":[114,45,45,55,5,5,90,104,104,104,104,137,137,155,155,251,251,267,267,280,280,353,353,366,6,6,25,25,25,25,25,25,38,38,138,138,149,169,186,186,186,186,215,265,265,282,282,282,282,282,282,282,282,282,282,382,382],"floor_reached":56,"playtime":4226,"items_purged":[],"score":701,"play_id":"74ddf25d-8693-4388-9910-5fd02b28b673","local_time":"20201221173211","is_ascension_mode":false,"campfire_choices":[{"data":"Summon_Undead","floor":6.0,"key":"SMITH"},{"floor":11.0,"key":"REST"},{"data":"Negative_Energy_Arrows","floor":13.0,"key":"SMITH"},{"floor":15.0,"key":"REST"},{"data":"Grasp_Heart","floor":23.0,"key":"SMITH"},{"data":"Bone_Prison","floor":30.0,"key":"SMITH"},{"data":"Necrotic_Claws","floor":32.0,"key":"SMITH"},{"data":"Negative_Energy_Sphere","floor":34.0,"key":"SMITH"},{"data":"Finger_Of_Death","floor":42.0,"key":"SMITH"},{"floor":53.0,"key":"REST"}],"circlet_count":0,"master_deck":["Strike_W","Strike_W","Defend_W+1","Defend_W+1","Defend_W+1","Defend_W+1","Negative_Energy_Arrows+1","Bone_Wall","Hellfire","Finger_Of_Death+1","Summon_Undead+1","Negative_Energy_Sphere+1","Negative_Energy_Javelin","Blood_Curse","Scare","Grasp_Heart+1","Vampiric_Strike","Necrotic_Claws+1","Bone_Prison+1","Shame","Seek","Shade:PoundOfFlesh+1"],"relics":["Vampire_Amulet","halation:LettersToHer","vexMod:Dragonfruit","halation:PinkSoulGem","Bag of Preparation","construct:WeddingRing","PrismaticShard","hubris:PeanutButter","infinitespire:Golems Mask","Replay:Bottled Eggs","Molten Egg 2","aspiration:DefectSkillbook","halation:EternalFortune","aspiration:Lifesprig","vexMod:RetaliationKit","hubris:DisguiseKit","hubris:Icosahedron","halation:PapillonHeart","paleoftheancients:Timepiece","Sozu","Bronze Scales"],"acts_visited":["Exordium","TheCity","TheBeyond","paleoftheancients:PaleOfTheAncients"],"potions_floor_usage":[56,56,56],"damage_taken":[{"damage":0.0,"enemies":"2 Louse","floor":1.0,"turns":2.0},{"damage":0.0,"enemies":"Small Slimes","floor":4.0,"turns":2.0},{"damage":6.0,"enemies":"Jaw Worm","floor":8.0,"turns":3.0},{"damage":15.0,"enemies":"conspire:MimicChest","floor":12.0,"turns":5.0},{"damage":5.0,"enemies":"Exordium Wildlife","floor":14.0,"turns":3.0},{"damage":26.0,"enemies":"The Guardian","floor":16.0,"turns":13.0},{"damage":2.0,"enemies":"Spheric Guardian","floor":18.0,"turns":3.0},{"damage":0.0,"enemies":"3 Byrds","floor":20.0,"turns":4.0},{"damage":0.0,"enemies":"Cultist and Chosen","floor":24.0,"turns":4.0},{"damage":0.0,"enemies":"Centurion and Healer","floor":27.0,"turns":4.0},{"damage":0.0,"enemies":"Shelled Parasite and Fungi","floor":33.0,"turns":3.0},{"damage":49.0,"enemies":"Automaton","floor":35.0,"turns":12.0},{"damage":11.0,"enemies":"3 Darklings","floor":37.0,"turns":5.0},{"damage":0.0,"enemies":"Orb Walker","floor":38.0,"turns":2.0},{"damage":0.0,"enemies":"3 Darklings","floor":39.0,"turns":6.0},{"damage":15.0,"enemies":"Giant Head","floor":43.0,"turns":8.0},{"damage":19.0,"enemies":"Mind Bloom Boss Battle","floor":44.0,"turns":4.0},{"damage":0.0,"enemies":"Jaw Worm Horde","floor":46.0,"turns":3.0},{"damage":42.0,"enemies":"Time Eater","floor":54.0,"turns":9.0},{"damage":89.0,"enemies":"Time Eater","floor":55.0,"turns":6.0},{"damage":98,"enemies":"Time Eater","floor":56,"turns":7}],"seed_played":"1200636513777441928","potions_obtained":[{"floor":1.0,"key":"conspire:TimeTravelPotion"},{"floor":4.0,"key":"LiquidMemories"},{"floor":8.0,"key":"hexamod:EctoCoolerPotion"},{"floor":39.0,"key":"Toxic Potion"}],"is_trial":false,"path_per_floor":["M","$","?","M","$","R","?","M","T","?","R","?","R","M","R","B",null,"M","?","M","?","T","R","M","$","T","M","PTL","PTL","R","?","R","M","R","B",null,"M","M","M","$","?","R","E","?","T","M","PTL","PTL","?","?","?","?","R","B","M","M"],"character_chosen":"NECROMANCER","items_purchased":["Summon_Undead","Negative_Energy_Javelin","infinitespire:Golems Mask","Bone_Prison"],"campfire_rested":3,"item_purchase_floors":[2,5,25,25],"current_hp_per_floor":[75,75,75,75,75,75,45,41,46,46,70,57,57,56,80,56,80,80,80,80,72,72,72,78,78,78,80,80,80,80,80,80,80,80,75,80,71,73,76,76,79,79,69,52,52,60,60,60,60,60,60,60,79,79,79,0,0],"gold":382,"neow_bonus":"ONE_RANDOM_RARE_CARD","is_daily":false,"chose_seed":false,"campfire_upgraded":7,"win_rate":0.0,"timestamp":1608589931,"path_taken":["M","$","?","M","$","R","?","?","T","?","R","?","R","M","R","BOSS","M","?","?","?","?","R","M","$","T","M","PTL","PTL","R","?","R","M","R","BOSS","M","M","M","$","?","R","E","?","T","M","PTL","PTL","?","?","?","?","R","BOSS","M","M"],"items_purchased_type":["Card","Card","Relic","Card"],"build_version":"2020-12-13","purchased_purges":0,"victory":false,"max_hp_per_floor":[75,75,75,75,75,75,75,75,80,80,80,80,80,80,80,80,80,80,80,80,80,80,80,80,80,80,80,80,80,80,80,80,80,80,80,80,80,80,80,80,83,83,83,83,83,83,83,83,83,79,79,79,79,79,79,79,79],"card_choices":[{"not_picked":["Bone_Shift","Bone_Armory"],"picked":"Finger_Of_Death","floor":1.0},{"not_picked":["Shackles_Of_Pain","Blood_Wake"],"picked":"Negative_Energy_Sphere","floor":4.0},{"not_picked":["Corrupt","Bone_Bullets"],"picked":"Blood_Curse","floor":7.0},{"not_picked":["Bone_Armor","Blood_Is_Power"],"picked":"Scare","floor":8.0},{"not_picked":["Negative_Energy_Shield","Blood_Shield","Summon_Lich"],"picked":"SKIP","floor":14.0},{"not_picked":["Blood_Magic","Detonate_Bones"],"picked":"Grasp_Heart","floor":16.0},{"not_picked":["Uncharnel","Blood_Whip"],"picked":"Vampiric_Strike","floor":18.0},{"not_picked":["Consume_Illness","Blood_Curse","Negative_Energy_Javelin+1"],"picked":"SKIP","floor":20.0},{"not_picked":["Consume_Illness+1","Bone_Spikes+1"],"picked":"Necrotic_Claws","floor":21.0},{"not_picked":["sneckomod:UnknownClassTHE_CHAMP_GRAY+1","hermit:LoneWolf","stsjorbsmod:WastingStrike"],"picked":"SKIP","floor":24.0},{"not_picked":["Gash+1","Flechettes","construct:SyphonStrike+1"],"picked":"SKIP","floor":27.0},{"not_picked":["HollowMod:GreatSlash+1","Mirror Shield","Bones_to_Steel"],"picked":"SKIP","floor":33.0},{"not_picked":["animator:Patchouli+1","Replay:LoomingThreat"],"picked":"Seek","floor":35.0},{"not_picked":["animator:ElricAlphonse+1","sneckomod:QuickMove+1","animator:UneriGinkaku+1","champ:FanOfKnives+1"],"picked":"SKIP","floor":37.0},{"not_picked":["TheCursedMod:VitalStrike+1","Hidden Blade+1","animator:Rena+1","hermit:GoldenBullet+1"],"picked":"SKIP","floor":38.0},{"not_picked":["champ:StanceDance","ReplayTheSpireMod:Uncanny Aura","animator:Cocytus+1","TheCursedMod:Stigma+1"],"picked":"SKIP","floor":39.0},{"not_picked":["WordoMod:LanternFlame+1","hermit:TrackingShot+1","WordoMod:Unchained+1"],"picked":"Shade:PoundOfFlesh+1","floor":43.0},{"not_picked":["hubris:PowerSurge","Guardian:Gem_Purple","Shade:ScuttlingHand+1","sagemod:Burning_Flask+1","Slimebound:FlameTackle"],"picked":"SKIP","floor":46.0}],"player_experience":147702,"relics_obtained":[{"floor":7.0,"key":"halation:LettersToHer"},{"floor":9.0,"key":"halation:LettersToHer"},{"floor":9.0,"key":"vexMod:Dragonfruit"},{"floor":12.0,"key":"Bag of Preparation"},{"floor":21.0,"key":"PrismaticShard"},{"floor":22.0,"key":"halation:LettersToHer"},{"floor":22.0,"key":"hubris:PeanutButter"},{"floor":26.0,"key":"halation:LettersToHer"},{"floor":26.0,"key":"Replay:Bottled Eggs"},{"floor":43.0,"key":"aspiration:Lifesprig"},{"floor":44.0,"key":"vexMod:RetaliationKit"},{"floor":45.0,"key":"halation:LettersToHer"},{"floor":45.0,"key":"hubris:DisguiseKit"}],"event_choices":[{"cards_removed":["Strike_W"],"damage_healed":0.0,"max_hp_gain":0.0,"max_hp_loss":0.0,"gold_gain":0.0,"event_name":"Bonfire Elementals","player_choice":"Offered Basic","floor":19.0,"gold_loss":0.0,"damage_taken":0.0},{"damage_healed":0.0,"max_hp_gain":0.0,"max_hp_loss":0.0,"gold_gain":0.0,"event_name":"Addict","player_choice":"Stole Relic","floor":31.0,"gold_loss":0.0,"damage_taken":0.0,"relics_obtained":["Molten Egg 2"],"cards_obtained":["Shame"]},{"damage_healed":0.0,"max_hp_gain":0.0,"max_hp_loss":0.0,"gold_gain":0.0,"event_name":"MindBloom","player_choice":"Fight","floor":44.0,"gold_loss":0.0,"damage_taken":0.0},{"damage_healed":0.0,"max_hp_gain":0.0,"max_hp_loss":0.0,"gold_gain":0.0,"event_name":"conspire:Investor","player_choice":"Leave","floor":51.0,"gold_loss":0.0,"damage_taken":0.0},{"cards_removed":["Strike_W"],"damage_healed":0.0,"max_hp_gain":0.0,"max_hp_loss":0.0,"gold_gain":0.0,"event_name":"Wheel of Change","player_choice":"Card Removal","floor":52.0,"gold_loss":0.0,"damage_taken":0.0}],"is_beta":false,"boss_relics":[{"not_picked":["Busted Crown","Honey Jar"],"picked":"construct:WeddingRing"},{"not_picked":["infinitespire:Cupcake","aspiration:FutureDiary"],"picked":"aspiration:DefectSkillbook"}],"items_purged_floors":[],"is_endless":false,"potions_floor_spawned":[1,4,8,16,18,33,39,43,44,46],"killed_by":"Time Eater","ascension_level":0}}