{"host":"s1b9wbrnwri7g9vh","time":1608517101,"event":{"mods":["Act Like it!","BaseMod","Better Note","Hallownest","Hermit","Minty Spire (QoL Compilation)","Pale of the Ancients","Relic Stats","Replay The Spire","StSLib","The Druid","The Exalted","The Servant 0.9.4"],"gold_per_floor":[113,113,132,56,67,67,99,99,99,99,99,17,17,17,17,37,37,37,37],"floor_reached":18,"playtime":482,"items_purged":[],"score":157,"play_id":"c27b99ef-e178-430c-af81-c52e5c93284d","local_time":"20201221021821","is_ascension_mode":true,"campfire_choices":[{"data":"Noxious Fumes","floor":6,"key":"SMITH"},{"data":"A Thousand Cuts","floor":8,"key":"SMITH"},{"data":"Accuracy","floor":17,"key":"SMITH"}],"circlet_count":0,"master_deck":["Strike_G","Strike_G","Strike_G","Strike_G","Defend_G","Defend_G","Defend_G","Defend_G","Defend_G","Survivor","Neutralize","Dodge and Roll","Noxious Fumes+1","Well Laid Plans","A Thousand Cuts+1","Accuracy+1","Tactician+1"],"relics":["Ring of the Snake","NeowsBlessing","Bromod:ArcaneAwakening","Onion Ring","Ninja Scroll","Golden Idol"],"acts_visited":["Exordium"],"potions_floor_usage":[7,18],"damage_taken":[{"damage":0,"enemies":"Small Slimes","floor":1,"turns":1},{"damage":0,"enemies":"Jaw Worm","floor":3,"turns":1},{"damage":0,"enemies":"2 Louse","floor":5,"turns":1},{"damage":48,"enemies":"Gremlin Nob","floor":7,"turns":6},{"damage":3,"enemies":"Large Slime","floor":16,"turns":6},{"damage":5,"enemies":"Hexaghost","floor":18,"turns":7}],"seed_played":"4838196199366964944","potions_obtained":[{"floor":1,"key":"FearPotion"},{"floor":16,"key":"GhostInAJar"}],"is_trial":false,"path_per_floor":["M","?","M","$","M","R","E","R","PTL","PTL","T","$","?","?","?","M","R","B"],"character_chosen":"THE_SILENT","items_purchased":["Noxious Fumes","Accuracy"],"campfire_rested":0,"item_purchase_floors":[4,12],"current_hp_per_floor":[63,63,63,63,63,63,15,15,15,15,15,15,8,8,8,5,5,0,0],"gold":37,"neow_bonus":"THREE_ENEMY_KILL","is_daily":false,"chose_seed":false,"campfire_upgraded":3,"win_rate":0.0,"timestamp":1608517101,"path_taken":["M","?","M","$","M","R","E","R","PTL","PTL","T","$","?","?","?","M","R","BOSS"],"items_purchased_type":["Card","Card"],"build_version":"2020-12-13","purchased_purges":0,"victory":false,"max_hp_per_floor":[70,70,70,70,70,70,70,70,70,70,70,70,70,65,65,65,65,65,65],"relic_stats":{"counters":[6,22],"Golden Idol":4,"obtain_stats":[{"Bromod:ArcaneAwakening":7,"NeowsBlessing":0,"Ninja Scroll":13,"Golden Idol":14,"Onion Ring":11,"Ring of the Snake":0},{"Bromod:ArcaneAwakening":4,"NeowsBlessing":0,"Ninja Scroll":4,"Golden Idol":4,"Onion Ring":4,"Ring of the Snake":0},{"Bromod:ArcaneAwakening":9,"NeowsBlessing":0,"Ninja Scroll":9,"Golden Idol":9,"Onion Ring":9,"Ring of the Snake":0}],"Ring of the Snake":[12]},"card_choices":[{"not_picked":["Sneak Up","Bane"],"picked":"Dodge and Roll","floor":1},{"not_picked":["Sucker Punch","Flying Knee","Heel Hook"],"picked":"SKIP","floor":3},{"not_picked":["Heel Hook","Setup"],"picked":"Well Laid Plans","floor":5},{"not_picked":["Fluid Movement","Sucker Punch"],"picked":"A Thousand Cuts","floor":7},{"not_picked":["Choke","Dagger Throw","Sucker Punch"],"picked":"SKIP","floor":16}],"player_experience":581703,"relics_obtained":[{"floor":7,"key":"Bromod:ArcaneAwakening"},{"floor":11,"key":"Onion Ring"}],"event_choices":[{"damage_healed":0,"gold_gain":0,"player_choice":"Ignored","damage_taken":0,"max_hp_gain":0,"max_hp_loss":0,"event_name":"Liars Game","floor":2,"gold_loss":0},{"damage_healed":0,"gold_gain":0,"player_choice":"Success","damage_taken":7,"relics_obtained":["Ninja Scroll"],"max_hp_gain":0,"max_hp_loss":0,"event_name":"Scrap Ooze","floor":13,"gold_loss":0},{"damage_healed":0,"gold_gain":0,"player_choice":"Lose Max HP","damage_taken":0,"relics_obtained":["Golden Idol"],"max_hp_gain":0,"max_hp_loss":5,"event_name":"Golden Idol","floor":14,"gold_loss":0}],"is_beta":false,"boss_relics":[],"items_purged_floors":[],"is_endless":false,"potions_floor_spawned":[1,16],"killed_by":"Hexaghost","ascension_level":9}}