{"host":"aunmuzt9j70r7vun","time":1608567372,"event":{"mods":["BaseMod","Better Altar","Better Third Choice","BetterRewards","Clockwork Mod","Curses Come First","Downfall","Infinite Spire","LagranYue(???·?)","Mad Scientist","Marisa????????","Minty Spire (QoL Compilation)","Rare Cards Sparkle","Relic Sorter","Replay The Spire","Say the Spire","Shop Mod","Spicy Shops","StSLib","The Cursed","The Disciple","The Edgeheg","The Mystic","The Servant 0.9.4"],"gold_per_floor":[119,136,32,32,32,59,59,79,124,124,124],"floor_reached":10,"playtime":496,"items_purged":[],"score":123,"play_id":"d68dc9d5-addb-4d0d-8a51-35483215e8ad","local_time":"20201221121612","is_ascension_mode":true,"campfire_choices":[{"data":"Zap","floor":7,"key":"SMITH"}],"circlet_count":0,"master_deck":["Strike_B","Strike_B","Strike_B","Strike_B","Defend_B","Defend_B","Defend_B+1","Defend_B","Zap+1","Dualcast+1","Pain","Time Bomb+1"],"relics":["Cracked Core","LagranYue:RandomDrawCardRelic","NeowsBlessing","infinitespire:FocusingShard","LagranYue:GuidanceLightRelic","infinitespire:Satchel"],"acts_visited":["Exordium"],"potions_floor_usage":[10,10],"damage_taken":[{"damage":0,"enemies":"2 Louse","floor":1,"turns":1},{"damage":0,"enemies":"Small Slimes","floor":2,"turns":1},{"damage":0,"enemies":"Replay:BlueRogue","floor":6,"turns":1},{"damage":3,"enemies":"Cultist","floor":8,"turns":3},{"damage":50,"enemies":"3 Sentries","floor":10,"turns":8}],"seed_played":"-2317187106802657685","potions_obtained":[{"floor":6,"key":"Block Potion"},{"floor":8,"key":"Block Potion"}],"is_trial":false,"path_per_floor":["M","M","$","?","?","E","R","M","T","E"],"character_chosen":"DEFECT","items_purchased":["infinitespire:FocusingShard"],"campfire_rested":0,"item_purchase_floors":[3],"current_hp_per_floor":[68,68,68,68,53,53,53,50,50,0,0],"gold":124,"neow_bonus":"THREE_ENEMY_KILL","is_daily":false,"chose_seed":false,"campfire_upgraded":1,"win_rate":0.0,"timestamp":1608567372,"path_taken":["M","M","$","?","?","E","R","?","T","E"],"items_purchased_type":["Relic"],"build_version":"2020-12-13","purchased_purges":0,"victory":false,"max_hp_per_floor":[75,75,75,75,75,75,75,75,75,75,75],"card_choices":[{"not_picked":["Sweeping Beam","Coolheaded","Reprogram"],"picked":"SKIP","floor":1},{"not_picked":["Rebound","Auto Shields"],"picked":"Double Energy","floor":2},{"not_picked":["Blizzard","Conserve Battery","Leap"],"picked":"SKIP","floor":6},{"not_picked":["Stack","Blizzard","Ball Lightning"],"picked":"SKIP","floor":8}],"player_experience":751280,"relics_obtained":[{"floor":6,"key":"LagranYue:GuidanceLightRelic"},{"floor":9,"key":"infinitespire:Satchel"}],"event_choices":[{"damage_healed":68,"gold_gain":0,"player_choice":"Upgrade","damage_taken":15,"max_hp_gain":0,"max_hp_loss":75,"event_name":"betterThird:BetterShining","floor":5,"gold_loss":0,"cards_upgraded":["Defend_B","Dualcast"]}],"is_beta":false,"boss_relics":[],"items_purged_floors":[],"is_endless":false,"potions_floor_spawned":[6,8],"killed_by":"3 Sentries","ascension_level":7}}