{"host":"fa35vd3kig5td25x","time":1608574001,"event":{"mods":["BaseMod","Colored Powertips","Minty Spire (QoL Compilation)","Relic Stats","Slay the Relics Exporter"],"gold_per_floor":[111,33,49,69,84,84,117,117,117,117,144,25,25,52,52,130,130,30,50,50,13,23,23,49,49,49,61,61,61],"floor_reached":28,"playtime":1084,"items_purged":["Strike_G"],"score":533,"play_id":"b3983a48-2532-480e-a0cb-d12a570f6eca","local_time":"20201221190641","is_ascension_mode":true,"campfire_choices":[{"data":"Predator","floor":6,"key":"SMITH"},{"floor":8,"key":"REST"},{"data":"Bouncing Flask","floor":15,"key":"SMITH"},{"floor":23,"key":"REST"},{"floor":25,"key":"REST"}],"circlet_count":0,"master_deck":["AscendersBane","Defend_G","Defend_G","Defend_G","Defend_G","Defend_G","Survivor","Neutralize","Predator+1","Dagger Throw","Dagger Spray","Well Laid Plans","PiercingWail","Poisoned Stab","Dash","Bouncing Flask+1","Wraith Form v2","PiercingWail","Bite","Bite","Bite","Bite","Bite","All Out Attack","Endless Agony+1"],"relics":["Ring of the Snake","Dream Catcher","Omamori","Letter Opener","Gremlin Horn","Bronze Scales","Black Star","Peace Pipe","Shuriken","Bag of Preparation"],"acts_visited":["Exordium","TheCity"],"potions_floor_usage":[7,11,14,22,22,28],"damage_taken":[{"damage":1,"enemies":"Cultist","floor":1,"turns":4},{"damage":2,"enemies":"Jaw Worm","floor":3,"turns":4},{"damage":2,"enemies":"Small Slimes","floor":4,"turns":3},{"damage":4,"enemies":"Blue Slaver","floor":5,"turns":5},{"damage":35,"enemies":"Lagavulin","floor":7,"turns":7},{"damage":16,"enemies":"3 Sentries","floor":11,"turns":7},{"damage":16,"enemies":"Lagavulin","floor":14,"turns":7},{"damage":11,"enemies":"Hexaghost","floor":16,"turns":9},{"damage":12,"enemies":"2 Thieves","floor":18,"turns":5},{"damage":0,"enemies":"Spheric Guardian","floor":19,"turns":3},{"damage":26,"enemies":"Shelled Parasite and Fungi","floor":22,"turns":6},{"damage":41,"enemies":"Book of Stabbing","floor":24,"turns":5},{"damage":22,"enemies":"Centurion and Healer","floor":27,"turns":10},{"damage":26,"enemies":"Slavers","floor":28,"turns":6}],"seed_played":"8059934214412896011","potions_obtained":[{"floor":7,"key":"LiquidBronze"},{"floor":11,"key":"Regen Potion"},{"floor":14,"key":"Weak Potion"},{"floor":19,"key":"Dexterity Potion"},{"floor":24,"key":"Fire Potion"}],"is_trial":false,"path_per_floor":["M","$","M","M","M","R","E","R","T","T","E","$","$","E","R","B",null,"M","M","?","$","M","R","E","R","T","M","E"],"character_chosen":"THE_SILENT","items_purchased":["FearPotion","Dagger Throw","Bouncing Flask","All Out Attack"],"campfire_rested":3,"item_purchase_floors":[2,2,12,21],"current_hp_per_floor":[58,58,56,54,50,50,15,34,34,34,18,18,18,17,17,6,51,39,39,39,39,21,34,3,16,16,18,0,0],"gold":61,"neow_bonus":"RANDOM_COMMON_RELIC","is_daily":false,"chose_seed":false,"campfire_upgraded":2,"win_rate":0.0,"timestamp":1608574001,"path_taken":["M","$","?","M","M","R","E","R","T","?","E","?","$","E","R","BOSS","M","M","?","$","M","R","E","R","T","M","E"],"items_purchased_type":["Potion","Card","Card","Card"],"build_version":"2020-12-13","purchased_purges":1,"victory":false,"max_hp_per_floor":[66,66,66,66,66,66,66,66,66,66,66,66,66,66,66,66,66,66,66,46,46,46,46,46,46,46,46,46,46],"relic_stats":{"Peace Pipe":0,"Dream Catcher":3,"Gremlin Horn":[4,4],"counters":[14,81],"Shuriken":[5],"Bronze Scales":[170],"Black Star":1,"Bag of Preparation":[4],"Letter Opener":[25],"obtain_stats":[{"Peace Pipe":24,"Dream Catcher":0,"Gremlin Horn":11,"Shuriken":24,"Bronze Scales":14,"Omamori":7,"Black Star":17,"Bag of Preparation":26,"Letter Opener":9,"Ring of the Snake":0},{"Peace Pipe":12,"Dream Catcher":0,"Gremlin Horn":6,"Shuriken":12,"Bronze Scales":7,"Omamori":5,"Black Star":8,"Bag of Preparation":12,"Letter Opener":5,"Ring of the Snake":0},{"Peace Pipe":65,"Dream Catcher":0,"Gremlin Horn":30,"Shuriken":65,"Bronze Scales":37,"Omamori":23,"Black Star":46,"Bag of Preparation":65,"Letter Opener":23,"Ring of the Snake":0}],"Ring of the Snake":[29]},"card_choices":[{"not_picked":["Bane","Dagger Throw"],"picked":"Predator","floor":1},{"not_picked":["Acrobatics","Outmaneuver"],"picked":"Dagger Spray","floor":3},{"not_picked":["Expertise","Quick Slash"],"picked":"Well Laid Plans","floor":4},{"not_picked":["Underhanded Strike","Setup"],"picked":"PiercingWail","floor":5},{"not_picked":["Distraction","Deflect","Outmaneuver"],"picked":"SKIP","floor":7},{"not_picked":["Expertise","Bane"],"picked":"Poisoned Stab","floor":8},{"not_picked":["Phantasmal Killer","Underhanded Strike"],"picked":"Dash","floor":11},{"not_picked":["Slice","Infinite Blades","Outmaneuver"],"picked":"SKIP","floor":14},{"not_picked":["Malaise","Grand Finale"],"picked":"Wraith Form v2","floor":16},{"not_picked":["Poisoned Stab+1","Flying Knee"],"picked":"PiercingWail","floor":18},{"not_picked":["Poisoned Stab+1","Slice","Skewer"],"picked":"SKIP","floor":19},{"not_picked":["Dodge and Roll","Poisoned Stab"],"picked":"Endless Agony+1","floor":22},{"not_picked":["Quick Slash","Heel Hook","A Thousand Cuts"],"picked":"SKIP","floor":24},{"not_picked":["Deadly Poison","Backflip","Underhanded Strike"],"picked":"SKIP","floor":27}],"player_experience":2857894,"relics_obtained":[{"floor":7,"key":"Omamori"},{"floor":9,"key":"Letter Opener"},{"floor":11,"key":"Gremlin Horn"},{"floor":14,"key":"Bronze Scales"},{"floor":24,"key":"Peace Pipe"},{"floor":24,"key":"Shuriken"},{"floor":26,"key":"Bag of Preparation"}],"event_choices":[{"damage_healed":0,"gold_gain":0,"player_choice":"Became a vampire","damage_taken":0,"max_hp_gain":0,"max_hp_loss":20,"event_name":"Vampires","floor":20,"gold_loss":0,"cards_obtained":["Bite","Bite","Bite","Bite","Bite"]}],"is_beta":false,"boss_relics":[{"not_picked":["Fusion Hammer","Empty Cage"],"picked":"Black Star"}],"items_purged_floors":[12],"is_endless":false,"potions_floor_spawned":[7,11,14,19,24],"killed_by":"Slavers","ascension_level":20}}