{"host":"2bjeeo20ccw4n8xc","time":1608539351,"event":{"mods":["BaseMod","Minty Spire (QoL Compilation)","Replay The Spire","StSLib"],"gold_per_floor":[112,112,187,202,12,12,12,12,36,56,56,88,88,103,103,198,198,209,62,62,72,12,45,45,45,45,45,45,77,77,176,176,176,176],"floor_reached":33,"playtime":1597,"items_purged":["Injury","Strike_B"],"score":302,"play_id":"6b3ef726-a075-4ed8-a889-a26c32c770f4","local_time":"20201221032911","is_ascension_mode":false,"campfire_choices":[{"data":"Vigilance","floor":8.0,"key":"SMITH"},{"data":"Self Repair","floor":11.0,"key":"SMITH"},{"data":"Gash","floor":15.0,"key":"SMITH"},{"data":"Gash","floor":25,"key":"SMITH"},{"data":"Bandage Up","floor":27,"key":"SMITH"},{"data":"Seek","floor":32,"key":"SMITH"}],"circlet_count":0,"master_deck":["Strike_B","Strike_B+1","Defend_B","Defend_B","Defend_B","Defend_B","Steam","Go for the Eyes","Gash+1","Bandage Up+1","Vigilance+1","Eruption+1","Self Repair+1","ReplayTheSpireMod:Omega Cannon","Go for the Eyes","Gash+1","Seek+1","Panic Button","Go for the Eyes","Steam","Gash+1"],"relics":["Cracked Core","Prayer Wheel","ReplayTheSpireMod:CursedCoin","Lantern","Mirror","Nuclear Battery","Omamori","Bottled Tornado","CaptainsWheel","Toy Ornithopter","Pondfish Scales"],"acts_visited":["Exordium","TheCity"],"potions_floor_usage":[29,29,33],"damage_taken":[{"damage":2.0,"enemies":"2 Louse","floor":1.0,"turns":2.0},{"damage":1.0,"enemies":"Jaw Worm","floor":4.0,"turns":2.0},{"damage":0.0,"enemies":"Small Slimes","floor":10.0,"turns":3.0},{"damage":13.0,"enemies":"Lagavulin","floor":12.0,"turns":6.0},{"damage":6.0,"enemies":"2 Fungi Beasts","floor":14.0,"turns":2.0},{"damage":47.0,"enemies":"The Guardian","floor":16.0,"turns":11.0},{"damage":23.0,"enemies":"Chosen","floor":18.0,"turns":5.0},{"damage":5.0,"enemies":"Spheric Guardian","floor":21.0,"turns":3.0},{"damage":0.0,"enemies":"Slavers","floor":23.0,"turns":1.0},{"damage":46,"enemies":"Gremlin Leader","floor":29,"turns":4},{"damage":64,"enemies":"Automaton","floor":33,"turns":6}],"seed_played":"5069524937720969407","potions_obtained":[{"floor":1.0,"key":"Strength Potion"},{"floor":4.0,"key":"GamblersBrew"},{"floor":12.0,"key":"Energy Potion"},{"floor":21.0,"key":"LiquidBronze"}],"is_trial":false,"path_per_floor":["M","?","$","M","$","?","?","R","T","M","R","E","?","M","R","B",null,"M","$","?","M","?","E","$","R","T","R","$","E","?","?","R","B"],"character_chosen":"DEFECT","items_purchased":["ReplayTheSpireMod:CursedCoin","Bandage Up","Omamori"],"campfire_rested":0,"item_purchase_floors":[3,5,19],"current_hp_per_floor":[73,61,61,60,60,60,45,45,45,49,49,50,50,58,58,25,75,63,63,63,62,62,62,62,62,62,62,62,32,32,32,32,0,0],"gold":176,"neow_bonus":"UPGRADE_CARD","is_daily":false,"chose_seed":false,"campfire_upgraded":6,"win_rate":0.0,"timestamp":1608539351,"path_taken":["M","?","$","M","$","?","?","R","T","M","R","E","?","?","R","BOSS","M","$","?","M","?","E","$","R","T","R","$","E","?","?","R","BOSS"],"items_purchased_type":["Relic","Card","Relic"],"build_version":"2020-12-13","purchased_purges":2,"victory":false,"max_hp_per_floor":[75,75,75,75,75,75,75,75,75,75,75,75,75,75,75,75,75,75,75,75,75,75,75,75,75,75,75,75,75,75,75,75,75,75],"card_choices":[{"not_picked":["Genetic Algorithm","Melter"],"picked":"Steam","floor":1.0},{"not_picked":["Streamline","White Noise"],"picked":"Go for the Eyes","floor":4.0},{"not_picked":["Sweeping Beam","Leap"],"picked":"Gash","floor":4.0},{"not_picked":["Steam","Coolheaded"],"picked":"Self Repair","floor":10.0},{"not_picked":["Time Bomb","Darkness","Defragment"],"picked":"SKIP","floor":10.0},{"not_picked":["Electrodynamics","ReplayTheSpireMod:Calculation Training","Defragment"],"picked":"SKIP","floor":12.0},{"not_picked":["Barrage","ReplayTheSpireMod:Repulse"],"picked":"Go for the Eyes","floor":14.0},{"not_picked":["Rebound","Panic Button"],"picked":"Gash","floor":14.0},{"not_picked":["Biased Cognition","Rainbow"],"picked":"Seek","floor":16.0},{"not_picked":["Streamline","Heatsinks+1"],"picked":"Panic Button","floor":18.0},{"not_picked":["Leap","Conserve Battery"],"picked":"Go for the Eyes","floor":18.0},{"not_picked":["Doom and Gloom","Leap"],"picked":"Steam","floor":21.0},{"not_picked":["Loop+1","Chaos"],"picked":"Gash","floor":21.0},{"not_picked":["Rebound","Double Energy","Consume"],"picked":"SKIP","floor":23},{"not_picked":["Coolheaded","Hologram","Consume"],"picked":"SKIP","floor":29}],"player_experience":23467,"relics_obtained":[{"floor":9.0,"key":"Lantern"},{"floor":12.0,"key":"Mirror"},{"floor":23,"key":"Bottled Tornado"},{"floor":26,"key":"CaptainsWheel"},{"floor":29,"key":"Toy Ornithopter"}],"event_choices":[{"damage_healed":0.0,"max_hp_gain":0.0,"max_hp_loss":0.0,"gold_gain":0.0,"event_name":"Scrap Ooze","player_choice":"Success","floor":2.0,"gold_loss":0.0,"damage_taken":12.0,"relics_obtained":["Prayer Wheel"]},{"damage_healed":0.0,"max_hp_gain":0.0,"max_hp_loss":0.0,"gold_gain":0.0,"event_name":"Shining Light","player_choice":"Entered Light","floor":7.0,"gold_loss":0.0,"damage_taken":15.0,"cards_upgraded":["Strike_B","Gash"]},{"damage_healed":0.0,"max_hp_gain":0.0,"max_hp_loss":0.0,"gold_gain":0.0,"cards_transformed":["Strike_B"],"event_name":"Living Wall","player_choice":"Change","floor":13.0,"gold_loss":0.0,"damage_taken":0.0,"cards_obtained":["ReplayTheSpireMod:Omega Cannon"]},{"damage_healed":0.0,"max_hp_gain":0.0,"max_hp_loss":0.0,"gold_gain":0.0,"event_name":"Forgotten Altar","player_choice":"Smashed Altar","floor":20.0,"gold_loss":0.0,"damage_taken":0.0,"cards_obtained":["Decay"]},{"damage_healed":0,"gold_gain":0,"player_choice":"Opened","damage_taken":0,"relics_obtained":["Pondfish Scales"],"max_hp_gain":0,"max_hp_loss":0,"event_name":"The Mausoleum","floor":30,"gold_loss":0,"cards_obtained":["Writhe"]},{"damage_healed":0,"gold_gain":99,"player_choice":"Stole From Cult","damage_taken":0,"max_hp_gain":0,"max_hp_loss":0,"event_name":"Nest","floor":31,"gold_loss":0}],"is_beta":false,"boss_relics":[{"not_picked":["Honey Jar","Replay:Bronze Core"],"picked":"Nuclear Battery"}],"items_purged_floors":[3,5],"is_endless":false,"potions_floor_spawned":[1,4,12,21],"killed_by":"Automaton","ascension_level":0}}