{"host":"ktoxvvst1mwxww91","time":1608578618,"event":{"mods":["BaseMod","Hermit","Minty Spire (QoL Compilation)","StSLib","The Hierophant","The Mystic","The Necromancer"],"gold_per_floor":[119,78,92,92,267,267,342,352,352,384,384,54,83,83,83,188,188,207,207,207],"floor_reached":19,"playtime":610,"items_purged":[],"score":198,"play_id":"b1e27454-ef64-46a0-a01f-c75637320494","local_time":"20201221202338","daily_mods":["SealedDeck"],"is_ascension_mode":false,"campfire_choices":[{"data":"hermit:FlashPowder","floor":6.0,"key":"SMITH"},{"data":"hermit:Determination","floor":11.0,"key":"SMITH"},{"floor":15.0,"key":"REST"}],"circlet_count":0,"master_deck":["hermit:Manifest","hermit:Grudge","hermit:Determination","hermit:LowProfile","hermit:LowProfile","hermit:SprayPray","hermit:SprayPray","hermit:LowProfile","hermit:LowProfile","hermit:FlashPowder+1","hermit:LowProfile","hermit:Determination+1","hermit:GoldenBullet","hermit:LowProfile","hermit:ShadowCloak","hermit:Midnight","hermit:Reprieve","hermit:Deadeye","hermit:ShadowCloak"],"relics":["hermit:Momento","Calipers","Happy Flower","Pantograph","Oddly Smooth Stone","Runic Pyramid"],"acts_visited":["Exordium","TheCity"],"potions_floor_usage":[],"damage_taken":[{"damage":0.0,"enemies":"Jaw Worm","floor":1.0,"turns":6.0},{"damage":0.0,"enemies":"2 Louse","floor":3.0,"turns":4.0},{"damage":0.0,"enemies":"Small Slimes","floor":8.0,"turns":4.0},{"damage":6.0,"enemies":"Lagavulin","floor":10.0,"turns":7.0},{"damage":16.0,"enemies":"Gremlin Nob","floor":13.0,"turns":6.0},{"damage":13.0,"enemies":"Slime Boss","floor":16.0,"turns":12.0},{"damage":14.0,"enemies":"Chosen","floor":18.0,"turns":7.0}],"seed_played":"-439262464543039221","potions_obtained":[{"floor":10.0,"key":"hermit:BlackBile"},{"floor":13.0,"key":"Regen Potion"},{"floor":16.0,"key":"Weak Potion"},{"floor":18.0,"key":"Dexterity Potion"}],"is_trial":true,"path_per_floor":["M","$","M","?","?","R","?","M","T","E","R","$","E","?","R","B",null,"M","?"],"character_chosen":"HERMIT","items_purchased":["hermit:Determination","hermit:ShadowCloak","Pantograph"],"campfire_rested":1,"item_purchase_floors":[2,12,12],"current_hp_per_floor":[75,75,75,72,72,72,61,61,61,55,55,55,39,32,54,75,75,65,65,65],"gold":207,"neow_bonus":"","is_daily":false,"chose_seed":false,"campfire_upgraded":2,"win_rate":0.0,"timestamp":1608578618,"path_taken":["M","$","M","?","?","R","?","M","T","E","R","$","E","?","R","BOSS","M","?"],"items_purchased_type":["Card","Card","Relic"],"build_version":"2020-12-13","purchased_purges":0,"victory":false,"max_hp_per_floor":[75,75,75,75,75,75,75,75,75,75,75,75,75,75,75,75,75,75,75,75],"card_choices":[{"not_picked":["hermit:BodyArmor","hermit:TakeAim"],"picked":"hermit:LowProfile","floor":1.0},{"not_picked":["hermit:LowProfile","hermit:Brawl"],"picked":"hermit:GoldenBullet","floor":3.0},{"not_picked":["hermit:PistolWhip","hermit:Manifest"],"picked":"hermit:LowProfile","floor":8.0},{"not_picked":["hermit:HoleUp","hermit:Glare","hermit:NoHoldsBarred"],"picked":"SKIP","floor":10.0},{"not_picked":["hermit:WideOpen","hermit:Vantage"],"picked":"hermit:Midnight","floor":13.0},{"not_picked":["hermit:EternalForm","hermit:Roughhouse"],"picked":"hermit:Reprieve","floor":16.0},{"not_picked":["hermit:Misfire","hermit:Determination+1"],"picked":"hermit:Deadeye","floor":18.0}],"player_experience":908524,"relics_obtained":[{"floor":10.0,"key":"Happy Flower"},{"floor":13.0,"key":"Oddly Smooth Stone"}],"event_choices":[{"damage_healed":0.0,"max_hp_gain":0.0,"max_hp_loss":0.0,"gold_gain":0.0,"event_name":"Scrap Ooze","player_choice":"Success","floor":4.0,"gold_loss":0.0,"damage_taken":3.0,"relics_obtained":["Calipers"]},{"damage_healed":0.0,"max_hp_gain":0.0,"max_hp_loss":0.0,"gold_gain":175.0,"event_name":"Liars Game","player_choice":"AGREE","floor":5.0,"gold_loss":0.0,"damage_taken":0.0,"cards_obtained":["Doubt"]},{"damage_healed":0.0,"max_hp_gain":0.0,"max_hp_loss":0.0,"gold_gain":75.0,"event_name":"World of Goop","player_choice":"Gather Gold","floor":7.0,"gold_loss":0.0,"damage_taken":11.0},{"cards_removed":["Doubt"],"damage_healed":0.0,"max_hp_gain":0.0,"max_hp_loss":0.0,"gold_gain":0.0,"event_name":"Golden Wing","player_choice":"Card Removal","floor":14.0,"gold_loss":0.0,"damage_taken":7.0},{"damage_healed":0,"gold_gain":0,"player_choice":"Read","damage_taken":0,"max_hp_gain":0,"max_hp_loss":0,"event_name":"The Library","floor":19,"gold_loss":0,"cards_obtained":["hermit:ShadowCloak"]}],"is_beta":false,"boss_relics":[{"not_picked":["hermit:DentedPlate","Tiny House"],"picked":"Runic Pyramid"}],"items_purged_floors":[],"is_endless":false,"potions_floor_spawned":[10,13,16,18],"ascension_level":0}}