{"host":"x565ttcahk6mfbvs","time":1608592832,"event":{"mods":["AchievementEnabler","BaseMod","BetterRewards","Downfall","Minty Spire (QoL Compilation)","Permanent Neow","Remove Card Discount Mod","StSLib"],"gold_per_floor":[99,112,20,38,313,344,344,363,19,37,51,51,51,2,12,12,12,12],"floor_reached":16,"playtime":1225,"items_purged":["champ:Strike"],"score":102,"play_id":"8ef8b11d-8783-4647-ad3f-93ef25f6e416","local_time":"20201221172032","is_ascension_mode":false,"campfire_choices":[{"data":"champ:Taunt","floor":1,"key":"SMITH"},{"data":"champ:FlashCut","floor":13,"key":"SMITH"}],"circlet_count":0,"master_deck":["champ:Strike","champ:Strike","champ:Defend","champ:Defend","champ:Defend","champ:Defend","champ:Execute","champ:Taunt+1","champ:FlashCut+1","champ:FlashCut","champ:FanOfKnives","Regret","champ:FanOfKnives","champ:Riposte","champ:BringItOn","champ:BerserkerStyle","champ:PreciseThrust","champ:ShieldSlam","champ:DeathBlow","champ:Shatter","champ:ViciousMockery"],"relics":["champ:ChampionCrown","MealTicket","HornCleat","Lee\u0027s Waffle","Oddly Smooth Stone","downfall:BrokenWingStatue"],"acts_visited":["Exordium"],"potions_floor_usage":[3,6,6,8,14,16],"damage_taken":[{"damage":13,"enemies":"Small Slimes","floor":2,"turns":5},{"damage":5,"enemies":"downfall:FleeingMerchant","floor":3,"turns":4},{"damage":1,"enemies":"Cultist","floor":4,"turns":4},{"damage":33,"enemies":"Gremlin Nob","floor":6,"turns":4},{"damage":7,"enemies":"2 Louse","floor":8,"turns":2},{"damage":14,"enemies":"downfall:FleeingMerchant","floor":9,"turns":4},{"damage":6,"enemies":"Blue Slaver","floor":10,"turns":4},{"damage":9,"enemies":"Large Slime","floor":11,"turns":5},{"damage":11,"enemies":"downfall:FleeingMerchant","floor":14,"turns":4},{"damage":11,"enemies":"Exordium Thugs","floor":15,"turns":4},{"damage":95,"enemies":"downfall:Ironclad","floor":16,"turns":9}],"seed_played":"-1926579958649093612","potions_obtained":[{"floor":2,"key":"GamblersBrew"},{"floor":4,"key":"PowerPotion"},{"floor":8,"key":"Fruit Juice"},{"floor":11,"key":"Dexterity Potion"},{"floor":15,"key":"DuplicationPotion"}],"is_trial":false,"path_per_floor":["R","M","$","M","?","E","T","M","$","M","M","?","R","$","M","B"],"character_chosen":"THE_CHAMP","items_purchased":["DuplicationPotion","Lee\u0027s Waffle","champ:BerserkerStyle","Oddly Smooth Stone","champ:Shatter"],"campfire_rested":0,"item_purchase_floors":[3,9,9,9,14],"current_hp_per_floor":[90,87,87,86,86,61,61,59,102,98,94,94,94,101,90,0,0,0],"gold":12,"neow_bonus":"REMOVE_CARD","is_daily":false,"chose_seed":false,"campfire_upgraded":2,"win_rate":0.0,"timestamp":1608592832,"path_taken":["R","M","$","M","?","E","T","M","?","M","M","?","R","$","M","BOSS"],"items_purchased_type":["Potion","Relic","Card","Relic","Card"],"build_version":"2020-12-13","purchased_purges":1,"victory":false,"max_hp_per_floor":[90,90,90,90,90,90,90,95,102,102,102,102,102,102,102,102,102,102],"card_choices":[{"not_picked":["champ:BladeFlurry","champ:Backstep"],"picked":"champ:FlashCut","floor":2},{"not_picked":["champ:BerserkersShout","champ:ShieldThrow"],"picked":"champ:FlashCut","floor":3},{"not_picked":["champ:AdrenalArmor","champ:PerfectedStrike"],"picked":"champ:FanOfKnives","floor":4},{"not_picked":["champ:Duel","champ:MurderStrike"],"picked":"champ:FanOfKnives","floor":6},{"not_picked":["champ:FlashCut","champ:GladiatorsShout"],"picked":"champ:Riposte","floor":8},{"not_picked":["champ:BerserkersShout","champ:Circumvent"],"picked":"champ:BringItOn","floor":9},{"not_picked":["champ:FocusedDefense","champ:BladeFlurry"],"picked":"champ:PreciseThrust","floor":10},{"not_picked":["champ:PerfectedStrike","champ:BerserkersShout"],"picked":"champ:ShieldSlam","floor":11},{"not_picked":["champ:Riposte","champ:CrownThrow"],"picked":"champ:DeathBlow","floor":14},{"not_picked":["champ:StanceDance","champ:RecklessLeap"],"picked":"champ:ViciousMockery","floor":15}],"player_experience":273902,"relics_obtained":[{"floor":6,"key":"MealTicket"},{"floor":7,"key":"HornCleat"}],"event_choices":[],"is_beta":false,"boss_relics":[],"items_purged_floors":[3],"is_endless":false,"potions_floor_spawned":[2,4,8,11,15],"killed_by":"downfall:Ironclad","ascension_level":0}}