{"host":"6wux4armhsntp4yb","time":1608520533,"event":{"mods":["BaseMod","Colored Map","DeckTracker","Minty Spire (QoL Compilation)","Relic Stats"],"gold_per_floor":[109,124,137,151,151,151,169,169,169],"floor_reached":8,"playtime":640,"items_purged":[],"score":100,"play_id":"e8e34781-bcda-4d2d-bdf2-345163ecf458","local_time":"20201221121533","is_ascension_mode":true,"campfire_choices":[{"data":"Chrysalis","floor":6,"key":"SMITH"}],"circlet_count":0,"master_deck":["AscendersBane","Strike_G","Strike_G","Strike_G","Strike_G","Strike_G","Defend_G","Defend_G","Defend_G","Defend_G","Defend_G","Survivor","Neutralize","Regret","Chrysalis+1","Footwork","Sucker Punch","Caltrops","Backstab","Skewer"],"relics":["Ring of the Snake"],"acts_visited":["Exordium"],"potions_floor_usage":[7,8,8],"damage_taken":[{"damage":22,"enemies":"Small Slimes","floor":1,"turns":8},{"damage":19,"enemies":"Jaw Worm","floor":2,"turns":10},{"damage":1,"enemies":"Cultist","floor":3,"turns":5},{"damage":11,"enemies":"3 Louse","floor":4,"turns":8},{"damage":8,"enemies":"Blue Slaver","floor":7,"turns":5},{"damage":29,"enemies":"Lagavulin","floor":8,"turns":7}],"seed_played":"9083320273624761142","potions_obtained":[{"floor":1,"key":"Block Potion"},{"floor":4,"key":"DistilledChaos"},{"floor":7,"key":"GamblersBrew"}],"is_trial":false,"path_per_floor":["M","M","M","M","?","R","M","E"],"character_chosen":"THE_SILENT","items_purchased":[],"campfire_rested":0,"item_purchase_floors":[],"current_hp_per_floor":[37,18,17,6,28,28,20,0,0],"gold":169,"neow_bonus":"RANDOM_COLORLESS_2","is_daily":false,"chose_seed":false,"campfire_upgraded":1,"win_rate":0.0,"timestamp":1608520533,"path_taken":["M","M","M","M","?","R","M","E"],"items_purchased_type":[],"build_version":"2020-12-13","purchased_purges":0,"victory":false,"max_hp_per_floor":[66,66,66,66,66,66,66,66,66],"relic_stats":{"counters":[6,43],"obtain_stats":[{"Ring of the Snake":0},{"Ring of the Snake":0},{"Ring of the Snake":0}],"Ring of the Snake":[12]},"card_choices":[{"not_picked":["Master of Strategy","Secret Technique"],"picked":"Chrysalis","floor":0},{"not_picked":["Deflect","Quick Slash"],"picked":"Footwork","floor":1},{"not_picked":["Riddle With Holes","Poisoned Stab"],"picked":"Sucker Punch","floor":2},{"not_picked":["Dodge and Roll","Doppelganger"],"picked":"Caltrops","floor":3},{"not_picked":["Dagger Spray","Reflex"],"picked":"Backstab","floor":4},{"not_picked":["Deadly Poison","Underhanded Strike"],"picked":"Skewer","floor":7}],"player_experience":5673837,"relics_obtained":[],"event_choices":[{"damage_healed":22,"gold_gain":0,"player_choice":"Banana","damage_taken":0,"max_hp_gain":0,"max_hp_loss":0,"event_name":"Big Fish","floor":5,"gold_loss":0}],"is_beta":false,"boss_relics":[],"items_purged_floors":[],"is_endless":false,"potions_floor_spawned":[1,4,7],"killed_by":"Lagavulin","ascension_level":20}}