{"host":"5jn3rki867005t18","time":1608539357,"event":{"mods":["AchievementEnabler","BaseMod","Colored Map","Minty Spire (QoL Compilation)","Rare Cards Sparkle","StSLib","SuperFastMode"],"gold_per_floor":[118,130,130,209,220,220,238,238,264,150,179,193,193,204,204,306,306,326,336,336,356,356,356,371,385,385,385,404,419,444,455,455,455,455],"floor_reached":33,"playtime":1408,"items_purged":["Strike_R"],"score":273,"play_id":"f70bc9d9-9813-4e43-9b7c-14743b8d0383","local_time":"20201221172917","is_ascension_mode":false,"campfire_choices":[{"data":"Shrug It Off","floor":6,"key":"SMITH"},{"data":"Thunderclap","floor":8,"key":"SMITH"},{"data":"Infernal Blade","floor":13,"key":"SMITH"},{"floor":15,"key":"REST"},{"data":"Twin Strike","floor":23,"key":"SMITH"},{"floor":27,"key":"REST"},{"floor":32,"key":"REST"}],"circlet_count":0,"master_deck":["Strike_R","Strike_R","Strike_R","Strike_R","Defend_R","Defend_R","Defend_R","Defend_R","Bash","Shrug It Off+1","Carnage","Twin Strike","Thunderclap+1","Infernal Blade+1","Flex+1","Clash","Twin Strike+1","Impervious+1","Bloodletting+1","Clash","Dropkick+1","Combust+1","Sever Soul+1","Inflame+1","Rupture","Blood for Blood+1","Pummel+1"],"relics":["Burning Blood","Oddly Smooth Stone","PreservedInsect","Toxic Egg 2","Mark of Pain","MutagenicStrength","Nunchaku","Pen Nib"],"acts_visited":["Exordium","TheCity"],"potions_floor_usage":[16,16,25,28,31,33,33],"damage_taken":[{"damage":10,"enemies":"2 Louse","floor":1,"turns":3},{"damage":12,"enemies":"Small Slimes","floor":2,"turns":5},{"damage":5,"enemies":"Jaw Worm","floor":5,"turns":3},{"damage":14,"enemies":"Large Slime","floor":7,"turns":7},{"damage":24,"enemies":"Gremlin Nob","floor":11,"turns":4},{"damage":0,"enemies":"3 Louse","floor":12,"turns":3},{"damage":15,"enemies":"Exordium Thugs","floor":14,"turns":3},{"damage":50,"enemies":"The Guardian","floor":16,"turns":8},{"damage":16,"enemies":"Spheric Guardian","floor":18,"turns":4},{"damage":3,"enemies":"3 Byrds","floor":19,"turns":4},{"damage":18,"enemies":"Cultist and Chosen","floor":21,"turns":6},{"damage":15,"enemies":"3 Cultists","floor":24,"turns":6},{"damage":21,"enemies":"Centurion and Healer","floor":25,"turns":4},{"damage":15,"enemies":"Cultist and Chosen","floor":28,"turns":3},{"damage":9,"enemies":"Snecko","floor":29,"turns":4},{"damage":18,"enemies":"Book of Stabbing","floor":30,"turns":3},{"damage":27,"enemies":"Sentry and Sphere","floor":31,"turns":5},{"damage":70,"enemies":"Champ","floor":33,"turns":8}],"seed_played":"7810641387663109732","potions_obtained":[{"floor":2,"key":"Regen Potion"},{"floor":5,"key":"BloodPotion"},{"floor":11,"key":"SteroidPotion"},{"floor":18,"key":"Dexterity Potion"},{"floor":24,"key":"Swift Potion"},{"floor":29,"key":"DistilledChaos"},{"floor":31,"key":"Explosive Potion"}],"is_trial":false,"path_per_floor":["M","M","?","?","M","R","M","R","T","$","E","M","R","M","R","B",null,"M","M","?","M","?","R","M","M","T","R","M","M","E","M","R","B"],"character_chosen":"IRONCLAD","items_purchased":["Infernal Blade"],"campfire_rested":3,"item_purchase_floors":[10],"current_hp_per_floor":[84,78,71,71,72,72,64,64,64,64,46,52,52,43,69,42,88,78,81,81,69,69,69,60,57,57,83,74,71,59,38,64,0,0],"gold":455,"neow_bonus":"TEN_PERCENT_HP_BONUS","is_daily":false,"chose_seed":false,"campfire_upgraded":4,"win_rate":0.0,"timestamp":1608539357,"path_taken":["M","M","?","?","M","R","M","R","T","$","E","M","R","M","R","BOSS","M","M","?","M","?","R","M","M","T","R","M","M","E","M","R","BOSS"],"items_purchased_type":["Card"],"build_version":"2020-12-13","purchased_purges":1,"victory":false,"max_hp_per_floor":[88,88,88,88,88,88,88,88,88,88,88,88,88,88,88,88,88,88,88,88,88,88,88,88,88,88,88,88,88,88,88,88,88,88],"card_choices":[{"not_picked":["Sword Boomerang","True Grit"],"picked":"Shrug It Off","floor":1},{"not_picked":["Dual Wield","Searing Blow"],"picked":"Carnage","floor":2},{"not_picked":["Fire Breathing","Combust"],"picked":"Twin Strike","floor":5},{"not_picked":["Armaments","Second Wind"],"picked":"Thunderclap","floor":7},{"not_picked":["Disarm+1","Corruption"],"picked":"Flex+1","floor":11},{"not_picked":["Hemokinesis","Clothesline"],"picked":"Clash","floor":12},{"not_picked":["Sword Boomerang","Battle Trance+1"],"picked":"Twin Strike","floor":14},{"not_picked":["Corruption","Feed"],"picked":"Impervious+1","floor":16},{"not_picked":["Headbutt+1","Burning Pact+1"],"picked":"Bloodletting+1","floor":18},{"not_picked":["Dark Embrace","Clothesline"],"picked":"Clash","floor":19},{"not_picked":["Armaments+1","Thunderclap"],"picked":"Dropkick+1","floor":21},{"not_picked":["Perfected Strike+1","Pommel Strike"],"picked":"Combust+1","floor":24},{"not_picked":["Thunderclap","Intimidate+1"],"picked":"Sever Soul+1","floor":25},{"not_picked":["Whirlwind","Shrug It Off+1"],"picked":"Inflame+1","floor":28},{"not_picked":["Flex+1","Bludgeon"],"picked":"Rupture","floor":29},{"not_picked":["True Grit+1","Whirlwind"],"picked":"Blood for Blood+1","floor":30},{"not_picked":["Pommel Strike","Headbutt"],"picked":"Pummel+1","floor":31}],"player_experience":28970,"relics_obtained":[{"floor":9,"key":"PreservedInsect"},{"floor":11,"key":"Toxic Egg 2"},{"floor":26,"key":"Nunchaku"},{"floor":30,"key":"Pen Nib"}],"event_choices":[{"damage_healed":0,"gold_gain":0,"player_choice":"Success","damage_taken":7,"relics_obtained":["Oddly Smooth Stone"],"max_hp_gain":0,"max_hp_loss":0,"event_name":"Scrap Ooze","floor":3,"gold_loss":0},{"damage_healed":0,"gold_gain":79,"player_choice":"Gained Gold","damage_taken":0,"max_hp_gain":0,"max_hp_loss":0,"event_name":"Golden Wing","floor":4,"gold_loss":0},{"damage_healed":0,"gold_gain":0,"player_choice":"Ignored","damage_taken":0,"max_hp_gain":0,"max_hp_loss":0,"event_name":"Ghosts","floor":20,"gold_loss":0},{"damage_healed":0,"gold_gain":0,"player_choice":"Inject Mutagens","damage_taken":0,"relics_obtained":["MutagenicStrength"],"max_hp_gain":0,"max_hp_loss":0,"event_name":"Drug Dealer","floor":22,"gold_loss":0}],"is_beta":false,"boss_relics":[{"not_picked":["Runic Pyramid","Snecko Eye"],"picked":"Mark of Pain"}],"items_purged_floors":[10],"is_endless":false,"potions_floor_spawned":[2,5,11,18,24,29,31],"killed_by":"Champ","ascension_level":0}}