{"host":"f1miojwxaupu79sp","time":1608544469,"event":{"mods":["BaseMod","Better Vampires","Minty Spire (QoL Compilation)","Shop Mod"],"gold_per_floor":[119,134,145,145,95,95,128,140,140,172,249,262,43,55,55,55,55],"floor_reached":16,"playtime":772,"items_purged":["Strike_R"],"score":151,"play_id":"35079c82-d612-4908-9cbb-131571cd398a","local_time":"20201221045429","is_ascension_mode":true,"campfire_choices":[{"data":"Cleave","floor":6,"key":"SMITH"},{"floor":15,"key":"REST"}],"circlet_count":0,"master_deck":["Strike_R","Strike_R","Strike_R","Defend_R","Defend_R","Defend_R","Defend_R","Bash","Cleave+1","Shrug It Off","Shrug It Off","Uppercut","Seeing Red","Reckless Charge","Fiend Fire","Metallicize"],"relics":["Burning Blood","NeowsBlessing","Mummified Hand","Ornamental Fan","HornCleat","Prayer Wheel","Ancient Tea Set"],"acts_visited":["Exordium"],"potions_floor_usage":[16,16],"damage_taken":[{"damage":0,"enemies":"Small Slimes","floor":1,"turns":1},{"damage":0,"enemies":"Jaw Worm","floor":2,"turns":1},{"damage":0,"enemies":"2 Louse","floor":3,"turns":1},{"damage":32,"enemies":"Lagavulin","floor":7,"turns":7},{"damage":10,"enemies":"Exordium Wildlife","floor":8,"turns":3},{"damage":18,"enemies":"Gremlin Nob","floor":10,"turns":5},{"damage":24,"enemies":"Exordium Thugs","floor":12,"turns":7},{"damage":1,"enemies":"Red Slaver","floor":14,"turns":3},{"damage":37,"enemies":"Slime Boss","floor":16,"turns":10}],"seed_played":"5847487481111735581","potions_obtained":[{"floor":8,"key":"Ancient Potion"},{"floor":12,"key":"GamblersBrew"},{"floor":14,"key":"LiquidMemories"}],"is_trial":false,"path_per_floor":["M","M","M","?","?","R","E","M","T","E","?","M","$","M","R","B"],"character_chosen":"IRONCLAD","items_purchased":["Ancient Tea Set"],"campfire_rested":1,"item_purchase_floors":[13],"current_hp_per_floor":[78,80,80,73,73,73,47,43,43,31,31,13,13,18,42,5,5],"gold":55,"neow_bonus":"THREE_ENEMY_KILL","is_daily":false,"chose_seed":false,"campfire_upgraded":1,"win_rate":0.0,"timestamp":1608544469,"path_taken":["M","M","M","?","?","R","E","M","T","E","?","?","$","M","R","BOSS"],"items_purchased_type":["Relic"],"build_version":"2020-12-13","purchased_purges":1,"victory":false,"max_hp_per_floor":[80,80,80,80,80,80,80,80,80,80,80,80,80,80,80,80,80],"card_choices":[{"not_picked":["Wild Strike","Clash"],"picked":"Cleave","floor":1},{"not_picked":["Pommel Strike","Pummel"],"picked":"Shrug It Off","floor":2},{"not_picked":["Fire Breathing","Body Slam"],"picked":"Shrug It Off","floor":3},{"not_picked":["Wild Strike","Reckless Charge"],"picked":"Uppercut","floor":7},{"not_picked":["Thunderclap","Pommel Strike"],"picked":"Seeing Red","floor":8},{"not_picked":["Perfected Strike","Clothesline","Sword Boomerang"],"picked":"SKIP","floor":10},{"not_picked":["Clothesline","Twin Strike"],"picked":"Reckless Charge","floor":12},{"not_picked":["Clothesline","Pommel Strike"],"picked":"Fiend Fire","floor":12},{"not_picked":["Anger","Fire Breathing"],"picked":"Metallicize","floor":14},{"not_picked":["Havoc","Anger","Pommel Strike"],"picked":"SKIP","floor":14}],"player_experience":674616,"relics_obtained":[{"floor":7,"key":"Ornamental Fan"},{"floor":9,"key":"HornCleat"},{"floor":10,"key":"Prayer Wheel"}],"event_choices":[{"damage_healed":0,"gold_gain":0,"player_choice":"Success","damage_taken":7,"relics_obtained":["Mummified Hand"],"max_hp_gain":0,"max_hp_loss":0,"event_name":"Scrap Ooze","floor":4,"gold_loss":0},{"cards_removed":["Strike_R"],"damage_healed":0,"gold_gain":0,"player_choice":"Card Removal","damage_taken":0,"max_hp_gain":0,"max_hp_loss":0,"event_name":"The Cleric","floor":5,"gold_loss":50},{"damage_healed":0,"gold_gain":77,"player_choice":"Gained Gold","damage_taken":0,"max_hp_gain":0,"max_hp_loss":0,"event_name":"Golden Wing","floor":11,"gold_loss":0}],"is_beta":false,"boss_relics":[],"items_purged_floors":[13],"is_endless":false,"potions_floor_spawned":[8,12,14],"killed_by":"Slime Boss","ascension_level":7}}