{"host":"eemx8njkng76fu5x","time":1608557674,"event":{"mods":["2.2 Compatiblity","BaseMod","Downfall","Minty Spire (QoL Compilation)","Permanent Neow","StSLib","Unceasing Turn Reminder","Unknown Chances"],"gold_per_floor":[199,199,217,232,242,92,115,127,173,110,135,247,270,282,312,427,439,451,474,518,530,561,250,250,269,269,286,302,320,331,345,360,458,458,458,490,490,549,549,549,598,609,609,640,370,386,399,97,115,115,115,140,140,140,140],"floor_reached":56,"playtime":3449,"items_purged":["champ:Execute","champ:Strike","champ:Strike","champ:Strike"],"score":2690,"play_id":"1e867228-919e-4cd2-881b-d13c03218aea","local_time":"20201221213434","is_ascension_mode":true,"campfire_choices":[{"floor":1.0,"key":"RECALL"},{"data":"champ:Taunt","floor":6.0,"key":"SMITH"},{"data":"champ:DefensiveStyle","floor":8.0,"key":"SMITH"},{"data":"champ:Lariat","floor":10.0,"key":"SMITH"},{"data":"champ:TornadoPunch","floor":18.0,"key":"SMITH"},{"data":"champ:CheapShot","floor":21.0,"key":"SMITH"},{"data":"champ:SkillfulDodge","floor":26.0,"key":"SMITH"},{"data":"champ:ShieldThrow","floor":35.0,"key":"SMITH"},{"data":"champ:Control","floor":37.0,"key":"SMITH"},{"data":"champ:Circumvent","floor":39.0,"key":"SMITH"},{"data":"champ:MurderStrike","floor":43.0,"key":"SMITH"},{"data":"champ:Improvising","floor":54,"key":"SMITH"}],"circlet_count":0,"master_deck":["champ:Strike","champ:Defend","champ:Defend","champ:Defend","champ:Defend","champ:Taunt+1","champ:DeathBlow","champ:TornadoPunch","champ:DefensiveStyle+1","champ:Lariat+1","champ:RapidStrikes","champ:TornadoPunch+1","champ:ShieldThrow+1","champ:Control+1","champ:CheapShot+1","champ:DefensiveStyle+1","champ:Duel+1","champ:RisingSlash","champ:SkillfulDodge+1","champ:ShieldSigil","champ:Circumvent+1","champ:DefensiveStyle","champ:MurderStrike+1","champ:DefensiveShout+1","champ:DefensiveStyle+1","champ:Improvising+1","champ:Lariat+1","champ:DefensiveStyle"],"relics":["champ:ChampionCrown","downfall:HeartBlessingRed","downfall:HeartBlessingBlue","MawBank","PreservedInsect","downfall:HeartBlessingGreen","CloakClasp","Coffee Dripper","Nunchaku","Happy Flower","Sundial","StoneCalendar","Bag of Preparation","Bottled Flame","champ:DefensiveTrainingManual","Bottled Tornado","Lantern","Oddly Smooth Stone","Pear"],"acts_visited":["Exordium","TheCity","TheBeyond","TheEnding"],"potions_floor_usage":[55,55,55,55],"damage_taken":[{"damage":5.0,"enemies":"Cultist","floor":3.0,"turns":4.0},{"damage":19.0,"enemies":"Jaw Worm","floor":4.0,"turns":7.0},{"damage":19.0,"enemies":"2 Louse","floor":5.0,"turns":2.0},{"damage":20.0,"enemies":"3 Sentries","floor":9.0,"turns":4.0},{"damage":10.0,"enemies":"Gremlin Gang","floor":11.0,"turns":2.0},{"damage":21.0,"enemies":"Gremlin Gang","floor":12.0,"turns":5.0},{"damage":0.0,"enemies":"Exordium Thugs","floor":13.0,"turns":3.0},{"damage":5.0,"enemies":"Lots of Slimes","floor":15.0,"turns":3.0},{"damage":56.0,"enemies":"downfall:Defect","floor":16.0,"turns":6.0},{"damage":0.0,"enemies":"3 Byrds","floor":19.0,"turns":3.0},{"damage":10.0,"enemies":"Slavers","floor":20.0,"turns":3.0},{"damage":10.0,"enemies":"Shell Parasite","floor":22.0,"turns":3.0},{"damage":10.0,"enemies":"downfall:FleeingMerchant","floor":23.0,"turns":5.0},{"damage":10.0,"enemies":"Shelled Parasite and Fungi","floor":25.0,"turns":4.0},{"damage":18.0,"enemies":"Sentry and Sphere","floor":27.0,"turns":3.0},{"damage":10.0,"enemies":"Centurion and Healer","floor":28.0,"turns":3.0},{"damage":0.0,"enemies":"Snake Plant","floor":29.0,"turns":2.0},{"damage":0.0,"enemies":"Snecko","floor":30.0,"turns":3.0},{"damage":10.0,"enemies":"3 Cultists","floor":31.0,"turns":4.0},{"damage":0.0,"enemies":"Chosen and Byrds","floor":32.0,"turns":4.0},{"damage":41.0,"enemies":"downfall:Watcher","floor":33.0,"turns":9.0},{"damage":12.0,"enemies":"Giant Head","floor":36.0,"turns":5.0},{"damage":16.0,"enemies":"downfall:FleeingMerchant","floor":38.0,"turns":4.0},{"damage":15.0,"enemies":"3 Darklings","floor":42.0,"turns":4.0},{"damage":44.0,"enemies":"Nemesis","floor":44.0,"turns":5.0},{"damage":9.0,"enemies":"Orb Walker","floor":46.0,"turns":2.0},{"damage":45.0,"enemies":"Jaw Worm Horde","floor":47.0,"turns":3.0},{"damage":15,"enemies":"Sphere and 2 Shapes","floor":49,"turns":5},{"damage":10,"enemies":"downfall:Ironclad","floor":50,"turns":6},{"damage":14,"enemies":"downfall:CharBossMerchant","floor":52,"turns":5},{"damage":20,"enemies":"downfall:NeowBoss","floor":55,"turns":23}],"seed_played":"-5686692760620115148","potions_obtained":[{"floor":3.0,"key":"Swift Potion"},{"floor":4.0,"key":"Fire Potion"},{"floor":12.0,"key":"SteroidPotion"},{"floor":14.0,"key":"DuplicationPotion"},{"floor":16.0,"key":"Strength Potion"},{"floor":33.0,"key":"EssenceOfSteel"},{"floor":46.0,"key":"EntropicBrew"}],"is_trial":false,"path_per_floor":["R","T","M","M","M","R","T","R","E","R","M","?","M","?","M","B",null,"R","M","E","R","M","$","T","M","R","M","M","M","M","M","M","B",null,"R","E","R","?","R","T","T","M","R","E","$","M","M","$","M","B",null,"E","$","R","B",null],"character_chosen":"THE_CHAMP","items_purchased":["champ:RisingSlash","Happy Flower","Bag of Preparation","Lantern","Oddly Smooth Stone"],"campfire_rested":0,"item_purchase_floors":[23,23,38,45,48],"current_hp_per_floor":[81,81,81,72,63,73,73,73,63,63,63,57,57,57,57,24,81,81,81,81,81,81,81,81,71,71,71,71,71,71,71,71,45,86,86,86,86,86,86,86,86,77,77,67,67,67,50,50,44,44,86,82,82,82,82],"gold":140,"neow_bonus":"HUNDRED_GOLD","is_daily":false,"chose_seed":false,"campfire_upgraded":11,"win_rate":0.0,"timestamp":1608557674,"path_taken":["R","?","M","M","M","R","T","R","E","R","M","?","M","?","M","BOSS","BOSS","R","M","E","R","M","$","T","M","R","M","M","M","?","?","M","BOSS","R","E","R","?","R","?","T","M","R","E","$","?","M","$","M","BOSS","E","$","R","BOSS"],"items_purchased_type":["Card","Relic","Relic","Relic","Relic"],"build_version":"2020-12-13","purchased_purges":4,"victory":true,"max_hp_per_floor":[90,90,90,90,90,100,100,100,100,100,100,100,100,100,100,100,100,100,100,100,100,100,100,100,100,100,100,100,100,100,100,100,100,100,100,100,100,100,100,100,100,100,100,100,100,100,100,100,100,100,100,110,110,110,110],"card_choices":[{"not_picked":["champ:Lariat","champ:FocusedBerserking"],"picked":"champ:DeathBlow","floor":3.0},{"not_picked":["champ:CalledShot","champ:SwordSigil"],"picked":"champ:TornadoPunch","floor":4.0},{"not_picked":["champ:FocusedBerserking","champ:ArenaPreparation"],"picked":"champ:DefensiveStyle","floor":5.0},{"not_picked":["champ:FlashCut","champ:PerfectedStrike"],"picked":"champ:Lariat","floor":9.0},{"not_picked":["champ:GladiatorsShout","champ:AdrenalArmor"],"picked":"champ:RapidStrikes","floor":11.0},{"not_picked":["champ:EndlessRage","champ:BladeFlurry"],"picked":"champ:TornadoPunch","floor":12.0},{"not_picked":["champ:FanOfKnives","champ:StanceDance"],"picked":"champ:ShieldThrow","floor":13.0},{"not_picked":["champ:Aggression","champ:ShieldSigil"],"picked":"champ:Control","floor":15.0},{"not_picked":["champ:IgnorePain","champ:MurderStrike"],"picked":"champ:CheapShot","floor":16.0},{"not_picked":["champ:EndlessRage","champ:RageSigil+1","champ:EnragedBash"],"picked":"SKIP","floor":19.0},{"not_picked":["champ:FanOfKnives","champ:FocusedDefense"],"picked":"champ:DefensiveStyle+1","floor":20.0},{"not_picked":["champ:PerfectedStrike","champ:Backstep","champ:Haymaker"],"picked":"SKIP","floor":22.0},{"not_picked":["champ:HeartStrike","champ:EnGarde"],"picked":"champ:Duel+1","floor":23.0},{"not_picked":["champ:BerserkersShout","champ:SwordSigil"],"picked":"champ:SkillfulDodge","floor":25.0},{"not_picked":["champ:SwordSigil","champ:Haymaker"],"picked":"champ:ShieldSigil","floor":27.0},{"not_picked":["champ:FalseCounter","champ:BerserkerStyle","champ:PerfectedStrike"],"picked":"SKIP","floor":28.0},{"not_picked":["champ:SwordSigil","champ:Encircle+1","champ:CalledShot"],"picked":"SKIP","floor":29.0},{"not_picked":["champ:FaceSlap","champ:AdrenalArmor+1"],"picked":"champ:Circumvent","floor":30.0},{"not_picked":["champ:SwordSigil","champ:ShieldWall+1"],"picked":"champ:DefensiveStyle","floor":31.0},{"not_picked":["champ:StanceDance","champ:SwordSigil"],"picked":"champ:MurderStrike","floor":32.0},{"not_picked":["champ:BerserkerStyle+1","champ:PerfectedStrike","champ:StanceDance"],"picked":"SKIP","floor":36.0},{"not_picked":["champ:CrookedStrike+1","champ:BerserkersShout"],"picked":"champ:DefensiveShout+1","floor":38.0},{"not_picked":["champ:FanOfKnives","champ:RageSigil+1"],"picked":"champ:DefensiveStyle+1","floor":42.0},{"not_picked":["champ:GladiatorStyle+1","champ:FightOn"],"picked":"champ:Improvising","floor":44.0},{"not_picked":["champ:PerfectedStrike+1","champ:BladeFlurry"],"picked":"champ:Lariat+1","floor":46.0},{"not_picked":["champ:Encircle+1","champ:RageSigil","champ:FocusedGladiator+1"],"picked":"SKIP","floor":47.0},{"not_picked":["champ:AdrenalArmor+1","champ:GladiatorsShout","champ:RecklessLeap"],"picked":"SKIP","floor":49},{"not_picked":["champ:CalledShot+1","champ:GutPunch+1"],"picked":"champ:DefensiveStyle","floor":52}],"player_experience":382729,"relics_obtained":[{"floor":7.0,"key":"MawBank"},{"floor":9.0,"key":"PreservedInsect"},{"floor":12.0,"key":"CloakClasp"},{"floor":20.0,"key":"Nunchaku"},{"floor":24.0,"key":"Sundial"},{"floor":36.0,"key":"StoneCalendar"},{"floor":40.0,"key":"Bottled Flame"},{"floor":41.0,"key":"champ:DefensiveTrainingManual"},{"floor":44.0,"key":"Bottled Tornado"},{"floor":52,"key":"Pear"}],"event_choices":[{"damage_healed":0.0,"max_hp_gain":0.0,"max_hp_loss":0.0,"gold_gain":0.0,"event_name":"Lab","player_choice":"Got Potions","floor":14.0,"gold_loss":0.0,"damage_taken":0.0}],"is_beta":false,"boss_relics":[{"not_picked":["SlaversCollar","SacredBark"],"picked":"Coffee Dripper"},{"not_picked":["Philosopher\u0027s Stone","expansioncontent:StudyCardRelic"],"picked":"champ:ChampionCrownUpgraded"}],"items_purged_floors":[23,38,45,48],"is_endless":false,"potions_floor_spawned":[3,4,12,16,19,25,27,30,32,33,42,44,46],"ascension_level":7}}