{"host":"k5dhp0bkccqfauyu","time":1608561138,"event":{"mods":["BaseMod","Better Note","Better Skull","Better Vampires","Colored Map","Colored Powertips","DeckTracker","Minty Spire (QoL Compilation)","Permanent Neow","StSLib","SuperFastMode"],"gold_per_floor":[110,129,129,147,159,159,234,262,314,326,326,326,326,326],"floor_reached":13,"playtime":389,"items_purged":[],"score":170,"play_id":"9c56852a-d43f-4e7a-be0d-a48bff781c52","local_time":"20201222013218","is_ascension_mode":true,"campfire_choices":[{"data":"Consume","floor":6,"key":"SMITH"},{"floor":12,"key":"REST"}],"circlet_count":0,"master_deck":["AscendersBane","Strike_B","Strike_B","Strike_B","Defend_B","Defend_B","Defend_B","Defend_B","Zap","Dualcast","Sweeping Beam","Consume+1","Hologram","BootSequence","Reinforced Body","Redo","Genetic Algorithm"],"relics":["Cracked Core","Dream Catcher","Gremlin Horn","Lantern"],"acts_visited":["Exordium"],"potions_floor_usage":[8,10,13],"damage_taken":[{"damage":2,"enemies":"Jaw Worm","floor":1,"turns":3},{"damage":3,"enemies":"2 Louse","floor":2,"turns":3},{"damage":5,"enemies":"Small Slimes","floor":4,"turns":3},{"damage":12,"enemies":"Looter","floor":5,"turns":4},{"damage":2,"enemies":"Lagavulin","floor":8,"turns":7},{"damage":3,"enemies":"Blue Slaver","floor":10,"turns":6},{"damage":43,"enemies":"Gremlin Nob","floor":13,"turns":3}],"seed_played":"-7984290672442794174","potions_obtained":[{"floor":2,"key":"Dexterity Potion"},{"floor":4,"key":"SkillPotion"},{"floor":8,"key":"Explosive Potion"}],"is_trial":false,"path_per_floor":["M","M","?","M","M","R","?","E","T","M","?","R","E"],"character_chosen":"DEFECT","items_purchased":[],"campfire_rested":1,"item_purchase_floors":[],"current_hp_per_floor":[62,59,59,54,42,42,31,29,29,26,19,40,0,0],"gold":326,"neow_bonus":"RANDOM_COMMON_RELIC","is_daily":false,"chose_seed":false,"campfire_upgraded":1,"win_rate":0.0,"timestamp":1608561138,"path_taken":["M","M","?","M","M","R","?","E","T","M","?","R","E"],"items_purchased_type":[],"build_version":"2020-12-13","purchased_purges":0,"victory":false,"max_hp_per_floor":[71,71,71,71,71,71,71,71,71,71,71,71,71,71],"card_choices":[{"not_picked":["Streamline","Compile Driver"],"picked":"Sweeping Beam","floor":1},{"not_picked":["Gash","Hologram"],"picked":"Consume","floor":2},{"not_picked":["Scrape","Reprogram"],"picked":"Hologram","floor":4},{"not_picked":["Scrape","Hologram"],"picked":"BootSequence","floor":5},{"not_picked":["Force Field","Sweeping Beam"],"picked":"Reinforced Body","floor":8},{"not_picked":["Gash","Steam Power"],"picked":"Redo","floor":10},{"not_picked":["Compile Driver","Streamline"],"picked":"Genetic Algorithm","floor":12}],"player_experience":1806663,"relics_obtained":[{"floor":8,"key":"Gremlin Horn"},{"floor":9,"key":"Lantern"}],"event_choices":[{"damage_healed":0,"gold_gain":0,"player_choice":"Ignored","damage_taken":0,"max_hp_gain":0,"max_hp_loss":0,"event_name":"Liars Game","floor":3,"gold_loss":0},{"damage_healed":0,"gold_gain":75,"player_choice":"Gather Gold","damage_taken":11,"max_hp_gain":0,"max_hp_loss":0,"event_name":"World of Goop","floor":7,"gold_loss":0},{"cards_removed":["Strike_B"],"damage_healed":0,"gold_gain":0,"player_choice":"Card Removal","damage_taken":7,"max_hp_gain":0,"max_hp_loss":0,"event_name":"Golden Wing","floor":11,"gold_loss":0}],"is_beta":false,"boss_relics":[],"items_purged_floors":[],"is_endless":false,"potions_floor_spawned":[2,4,8],"killed_by":"Gremlin Nob","ascension_level":20}}