{"host":"zdznbz1vk7bo8bwe","time":1608528483,"event":{"mods":["Act Like it!","Aspiration","BaseMod","Better-Laid Plans","Block Reminder","Conspire","Custom Start","Defuse TimeMaze Blight","Ekko","Elementarium","Energized Spire","Gensokyo","Hubris","Infinite Spire","Jedi Mod","Jorbs\u0027s Wanderer Trilogy","Lobotomy","Menagerie","Minty Spire (QoL Compilation)","Rare Cards Sparkle","Replay The Spire","Spicy Shops","StSLib","The Animator","The Bug Knight","The Cursed","The Factory","The Jungle","The Vixen","Transform Curses","vexMod"],"gold_per_floor":[117,117,198,198,213,244,244,277,302,312,331,342,356,281,281,376,376,387,387,402,402,419,419,619,654,654,679,679,710,730,745,745,841,841,861,881,66,77,88,88,88,88,88,88,88,113,113,143,143,240,340,343,347,361,361,381,381,406,416,492,492,113,113,113],"floor_reached":63,"playtime":2569,"items_purged":["ekkoTheBoyWhoShatteredTime:Greed","ekkoTheBoyWhoShatteredTime:Acceleration","ekkoTheBoyWhoShatteredTime:Acceleration","ekkoTheBoyWhoShatteredTime:NeedlesslyLargeRod","ekkoTheBoyWhoShatteredTime:WideSlice"],"score":1328,"play_id":"4f0d5a09-86e3-4f9f-aec3-106f6b24294f","local_time":"20201220212803","daily_mods":["SealedDeck","Heirloom","Elite Swarm","Lethality"],"is_ascension_mode":false,"campfire_choices":[{"data":"ekkoTheBoyWhoShatteredTime:HauntingGuise","floor":7,"key":"SMITH"},{"data":"ekkoTheBoyWhoShatteredTime:CommittedStrike","floor":15,"key":"SMITH"},{"floor":23,"key":"REST"},{"floor":28,"key":"REST"},{"data":"ekkoTheBoyWhoShatteredTime:SneakHit","floor":32,"key":"SMITH"},{"data":"ekkoTheBoyWhoShatteredTime:MicCheck","floor":40,"key":"SMITH"},{"data":"ekkoTheBoyWhoShatteredTime:SneakHit+1","floor":42,"key":"SMITH"},{"data":"ekkoTheBoyWhoShatteredTime:Greed","floor":49,"key":"SMITH"},{"data":"ekkoTheBoyWhoShatteredTime:PhaseDive","floor":57,"key":"SMITH"},{"floor":61,"key":"DIG"}],"circlet_count":0,"master_deck":["ekkoTheBoyWhoShatteredTime:Playful","ekkoTheBoyWhoShatteredTime:TimeRecall+1","ekkoTheBoyWhoShatteredTime:HauntingGuise+1","ekkoTheBoyWhoShatteredTime:Knowledge","ekkoTheBoyWhoShatteredTime:TimeRecall+1","ekkoTheBoyWhoShatteredTime:CommittedStrike+1","ekkoTheBoyWhoShatteredTime:Powered","ekkoTheBoyWhoShatteredTime:Greed+1","ekkoTheBoyWhoShatteredTime:SneakHit+2","ekkoTheBoyWhoShatteredTime:MicCheck+1","ekkoTheBoyWhoShatteredTime:WideSlice+1","ekkoTheBoyWhoShatteredTime:PhaseDive+1","ekkoTheBoyWhoShatteredTime:HextechProtobelt","ekkoTheBoyWhoShatteredTime:Disturblast"],"relics":["ekkoTheBoyWhoShatteredTime:zDriveResonance","Ring of Chaos","Pocketwatch","Ginger","Replay:Baseball","hubris:ToyBattleship","Replay:Bottled Eggs","Dream Catcher","hubris:HollowSoul","hubris:Towel","conspire:InfiniteJournal","Iron Hammer","Ancient Tea Set","Kunai","ReplayTheSpireMod:Ninjato","ClockworkSouvenir","hubris:TinFlute","hubris:Potato","vexMod:Spyglass","Tiny Chest","Nunchaku","PreservedInsect","ekkoTheBoyWhoShatteredTime:zDriveGreediness","Replay:PocketPolymizer","Replay:Wanted Poster","infinitespire:Beetle Shell","Replay:Multitool","jedi:Pinwheel","BargainBundle","jedi:cryingmask"],"acts_visited":["Exordium","TheCity","TheCity","Menagerie:Menagerie"],"potions_floor_usage":[25,25,25,25,25,39],"damage_taken":[{"damage":0,"enemies":"Cultist","floor":1,"turns":2},{"damage":0,"enemies":"2 Louse","floor":5,"turns":1},{"damage":0,"enemies":"3 Sentries","floor":6,"turns":1},{"damage":0,"enemies":"Gremlin Nob","floor":8,"turns":1},{"damage":0,"enemies":"Jaw Worm","floor":10,"turns":1},{"damage":16,"enemies":"Red Slaver","floor":11,"turns":2},{"damage":0,"enemies":"Looter","floor":12,"turns":1},{"damage":11,"enemies":"3 Louse","floor":13,"turns":2},{"damage":0,"enemies":"The Guardian","floor":16,"turns":1},{"damage":25,"enemies":"2 Thieves","floor":18,"turns":2},{"damage":42,"enemies":"3 Byrds","floor":20,"turns":2},{"damage":0,"enemies":"Snake Plant","floor":22,"turns":1},{"damage":0,"enemies":"Gremlin Leader","floor":25,"turns":1},{"damage":0,"enemies":"Slavers","floor":27,"turns":1},{"damage":0,"enemies":"Nightmare","floor":29,"turns":1},{"damage":0,"enemies":"Cultist and Chosen","floor":30,"turns":1},{"damage":0,"enemies":"Shelled Parasite and Fungi","floor":31,"turns":1},{"damage":0,"enemies":"Champ","floor":33,"turns":1},{"damage":0,"enemies":"theFactory:BigBot","floor":35,"turns":1},{"damage":0,"enemies":"theFactory:4_Mini-Bots","floor":36,"turns":1},{"damage":0,"enemies":"theFactory:Personnel_and_Mini-Bots","floor":38,"turns":1},{"damage":0,"enemies":"theFactory:DecayingSentinel","floor":39,"turns":1},{"damage":0,"enemies":"theFactory:DrinkBrewer","floor":46,"turns":1},{"damage":0,"enemies":"theFactory:Manservantes","floor":48,"turns":1},{"damage":0,"enemies":"theFactory:SPIDER","floor":50,"turns":1},{"damage":0,"enemies":"Menagerie:MonstrousExperiment","floor":52,"turns":1},{"damage":0,"enemies":"Menagerie:2_RABBITS","floor":53,"turns":1},{"damage":0,"enemies":"Menagerie:StygianBoar","floor":54,"turns":1},{"damage":0,"enemies":"conspire:MimicChest","floor":56,"turns":1},{"damage":0,"enemies":"Menagerie:MaskedSummoner","floor":58,"turns":1},{"damage":0,"enemies":"Menagerie:MENAGERIE_WILDLIFE","floor":59,"turns":1},{"damage":0,"enemies":"Menagerie:BEAST_MAGE_AND_PROWLING_AMALGAM","floor":63,"turns":1}],"seed_played":"-5441348389482825918","potions_obtained":[{"floor":4,"key":"LiquidBronze"},{"floor":5,"key":"EntropicBrew"},{"floor":6,"key":"Elixir"},{"floor":8,"key":"ekkoTheBoyWhoShatteredTime:EquilibriumPotion"},{"floor":25,"key":"SneckoOil"},{"floor":27,"key":"DistilledChaos"},{"floor":33,"key":"AttackPotion"},{"floor":50,"key":"SpeedPotion"},{"floor":58,"key":"SkillPotion"}],"is_trial":true,"path_per_floor":["M","?","?","?","M","E","R","E","T","M","M","M","M","$","R","B",null,"M","?","M","?","M","R","?","E","T","E","R","NM","M","M","R","B",null,"M","M","$","M","M","R","?","R","T","?","?","E","AVR","E","R","B",null,"M","M","M","$","?","R","E","M","T","R","$","M"],"character_chosen":"EKKO_THE_BOY_WHO_SHATTERED_TIME","items_purchased":["ReplayTheSpireMod:Ninjato","ClockworkSouvenir","hubris:TinFlute","ekkoTheBoyWhoShatteredTime:HextechProtobelt","BargainBundle","jedi:cryingmask","ekkoTheBoyWhoShatteredTime:Disturblast"],"campfire_rested":2,"item_purchase_floors":[37,37,37,62,62,62,62],"current_hp_per_floor":[78,78,59,59,59,59,59,59,59,59,43,43,32,32,32,32,78,53,53,11,11,11,34,34,34,34,34,57,57,57,57,57,57,78,78,78,78,78,78,78,78,78,78,62,53,53,53,53,53,53,78,78,78,78,78,78,78,78,78,78,78,78,78,78],"gold":113,"neow_bonus":"","is_daily":false,"chose_seed":false,"campfire_upgraded":7,"win_rate":0.0,"timestamp":1608528483,"path_taken":["M","?","?","?","?","E","R","E","T","M","M","M","?","$","R","BOSS","M","?","M","?","M","R","?","E","T","E","R","NM","?","M","R","BOSS","M","M","$","?","M","R","?","R","T","?","?","E","AVR","E","R","BOSS","M","M","?","?","?","R","E","M","T","R","$","?"],"items_purchased_type":["Relic","Relic","Relic","Card","Relic","Relic","Card"],"build_version":"2020-12-13","purchased_purges":5,"victory":false,"max_hp_per_floor":[78,78,78,78,78,78,78,78,78,78,78,78,78,78,78,78,78,78,78,78,78,78,78,78,78,78,78,78,78,78,78,78,78,78,78,78,78,78,78,78,78,78,78,78,78,78,78,78,78,78,78,78,78,78,78,78,78,78,78,78,78,78,78,78],"card_choices":[{"not_picked":["ekkoTheBoyWhoShatteredTime:Disturblast","ekkoTheBoyWhoShatteredTime:NeedlesslyLargeRod"],"picked":"ekkoTheBoyWhoShatteredTime:CommittedStrike","floor":1},{"not_picked":["ekkoTheBoyWhoShatteredTime:AfterimageHit","ekkoTheBoyWhoShatteredTime:NashorsTooth"],"picked":"ekkoTheBoyWhoShatteredTime:Acceleration","floor":5},{"not_picked":["ekkoTheBoyWhoShatteredTime:Discharge","ekkoTheBoyWhoShatteredTime:TimeIndustry","ekkoTheBoyWhoShatteredTime:Periocharge"],"picked":"SKIP","floor":6},{"not_picked":["ekkoTheBoyWhoShatteredTime:TrickOrTreatTrend","ekkoTheBoyWhoShatteredTime:ZhonyasHourglass"],"picked":"ekkoTheBoyWhoShatteredTime:Powered","floor":8},{"not_picked":["ekkoTheBoyWhoShatteredTime:Leap","ekkoTheBoyWhoShatteredTime:AfterimageTease"],"picked":"ekkoTheBoyWhoShatteredTime:Greed","floor":10},{"not_picked":["ekkoTheBoyWhoShatteredTime:AfterimageTease","ekkoTheBoyWhoShatteredTime:VelocityConsuming","ekkoTheBoyWhoShatteredTime:Dash"],"picked":"SKIP","floor":11},{"not_picked":["ekkoTheBoyWhoShatteredTime:BansheesVeil","ekkoTheBoyWhoShatteredTime:KeepingMomentum","ekkoTheBoyWhoShatteredTime:ParallelConvergence"],"picked":"SKIP","floor":12},{"not_picked":["ekkoTheBoyWhoShatteredTime:WaitForKeyTiming","ekkoTheBoyWhoShatteredTime:PlayTheBeat","ekkoTheBoyWhoShatteredTime:NaggingBlow"],"picked":"SKIP","floor":13},{"not_picked":["ekkoTheBoyWhoShatteredTime:WaitForKeyTiming","ekkoTheBoyWhoShatteredTime:CommittedStrike+1","ekkoTheBoyWhoShatteredTime:Dash"],"picked":"SKIP","floor":18},{"not_picked":["ekkoTheBoyWhoShatteredTime:HauntedAfterimage","ekkoTheBoyWhoShatteredTime:AfterimageHit+1","ekkoTheBoyWhoShatteredTime:Backtrack+1"],"picked":"SKIP","floor":20},{"not_picked":["ekkoTheBoyWhoShatteredTime:KeepingMomentum+1","ekkoTheBoyWhoShatteredTime:LichBane","ekkoTheBoyWhoShatteredTime:FeelIt"],"picked":"SKIP","floor":22},{"not_picked":["ekkoTheBoyWhoShatteredTime:Periocharge","ekkoTheBoyWhoShatteredTime:TrinityForce","ekkoTheBoyWhoShatteredTime:CatchUpTime"],"picked":"SKIP","floor":25},{"not_picked":["ekkoTheBoyWhoShatteredTime:TimeIndustry","ekkoTheBoyWhoShatteredTime:GuinsoosRageblade","ekkoTheBoyWhoShatteredTime:TrickOrTreatTrend"],"picked":"SKIP","floor":27},{"not_picked":["ekkoTheBoyWhoShatteredTime:Periocharge","ekkoTheBoyWhoShatteredTime:ZhonyasHourglass","ekkoTheBoyWhoShatteredTime:Chronobreak"],"picked":"SKIP","floor":29},{"not_picked":["ekkoTheBoyWhoShatteredTime:HauntedAfterimage","ekkoTheBoyWhoShatteredTime:WideSlice"],"picked":"ekkoTheBoyWhoShatteredTime:SneakHit","floor":30},{"not_picked":["ekkoTheBoyWhoShatteredTime:VelocityConsuming","ekkoTheBoyWhoShatteredTime:HauntingGuise"],"picked":"ekkoTheBoyWhoShatteredTime:MicCheck","floor":31},{"not_picked":["ekkoTheBoyWhoShatteredTime:NeedlesslyLargeRod","ekkoTheBoyWhoShatteredTime:DodgeTraining+1"],"picked":"ekkoTheBoyWhoShatteredTime:WideSlice+1","floor":35},{"not_picked":["ekkoTheBoyWhoShatteredTime:CommittedStrike","ekkoTheBoyWhoShatteredTime:FeelIt+1","ekkoTheBoyWhoShatteredTime:WideSlice+1"],"picked":"SKIP","floor":36},{"not_picked":["ekkoTheBoyWhoShatteredTime:LoadUp","ekkoTheBoyWhoShatteredTime:FeelIt+1","ekkoTheBoyWhoShatteredTime:Greed"],"picked":"SKIP","floor":38},{"not_picked":["ekkoTheBoyWhoShatteredTime:AfterimageTease","ekkoTheBoyWhoShatteredTime:Greed+1","ekkoTheBoyWhoShatteredTime:QuickBreak+1"],"picked":"SKIP","floor":39},{"not_picked":["ekkoTheBoyWhoShatteredTime:ProjectPreference","ekkoTheBoyWhoShatteredTime:OverloadingWeapon","ekkoTheBoyWhoShatteredTime:GrandeFinale"],"picked":"SKIP","floor":46},{"not_picked":["ekkoTheBoyWhoShatteredTime:TrickOrTreatTrend","ekkoTheBoyWhoShatteredTime:GuinsoosRageblade","ekkoTheBoyWhoShatteredTime:URF"],"picked":"SKIP","floor":48},{"not_picked":["ekkoTheBoyWhoShatteredTime:SpHit","ekkoTheBoyWhoShatteredTime:Backtrack"],"picked":"ekkoTheBoyWhoShatteredTime:PhaseDive","floor":52},{"not_picked":["ekkoTheBoyWhoShatteredTime:RecallingPunch","ekkoTheBoyWhoShatteredTime:Chronobreak","ekkoTheBoyWhoShatteredTime:TimeRecall"],"picked":"SKIP","floor":53},{"not_picked":["ekkoTheBoyWhoShatteredTime:HauntingGuise","ekkoTheBoyWhoShatteredTime:IceBreak","ekkoTheBoyWhoShatteredTime:Backtrack"],"picked":"SKIP","floor":54},{"not_picked":["ekkoTheBoyWhoShatteredTime:TrickOrTreatTrend","ekkoTheBoyWhoShatteredTime:SandstormSympathy","ekkoTheBoyWhoShatteredTime:TimeIndustry"],"picked":"SKIP","floor":58},{"not_picked":["ekkoTheBoyWhoShatteredTime:Dash","ekkoTheBoyWhoShatteredTime:WideSlice","ekkoTheBoyWhoShatteredTime:AfterimageTease"],"picked":"SKIP","floor":59}],"player_experience":41431,"relics_obtained":[{"floor":2,"key":"Ginger"},{"floor":3,"key":"Replay:Baseball"},{"floor":6,"key":"hubris:ToyBattleship"},{"floor":8,"key":"Replay:Bottled Eggs"},{"floor":9,"key":"Dream Catcher"},{"floor":25,"key":"conspire:InfiniteJournal"},{"floor":26,"key":"Iron Hammer"},{"floor":27,"key":"Ancient Tea Set"},{"floor":29,"key":"Kunai"},{"floor":43,"key":"hubris:Potato"},{"floor":46,"key":"Nunchaku"},{"floor":48,"key":"Replay:PocketPolymizer"},{"floor":56,"key":"infinitespire:Beetle Shell"},{"floor":58,"key":"Replay:Multitool"},{"floor":60,"key":"jedi:Pinwheel"}],"event_choices":[{"cards_removed":["ekkoTheBoyWhoShatteredTime:IceBreak"],"damage_healed":0,"gold_gain":0,"player_choice":"Elegance","damage_taken":0,"max_hp_gain":0,"max_hp_loss":0,"event_name":"Back to Basics","floor":19,"gold_loss":0},{"damage_healed":0,"gold_gain":200,"player_choice":"Gold","damage_taken":0,"max_hp_gain":0,"max_hp_loss":0,"event_name":"Wheel of Change","floor":24,"gold_loss":0}],"is_beta":false,"boss_relics":[{"not_picked":["hubris:VirtuousBlindfold","energizedSpire:OgreHead"],"picked":"hubris:HollowSoul"},{"not_picked":["Replay:Fungal Core","Kintsugi","vexMod:CursedCompass"]},{"not_picked":["aspiration:RitualDagger","energizedSpire:RedRose"],"picked":"Replay:Wanted Poster"}],"items_purged_floors":[14,37,37,47,62],"is_endless":true,"potions_floor_spawned":[5,6,8,13,16,20,25,27,33,35,38,50,52,56,58],"killed_by":"Menagerie:BEAST_MAGE_AND_PROWLING_AMALGAM","ascension_level":0}}