{"host":"y7sd46uq4xlni546","time":1608585714,"event":{"mods":["AchievementEnabler","BaseMod","Colored Map","Colored Powertips","Curses Come First","Minty Spire (QoL Compilation)","Random Character Button","Rare Cards Sparkle","StSLib"],"gold_per_floor":[112,112,130,194,194,226,226,226,226,239,288,317,351,380,380,485,485,496,313,313,313,412,437,470,495,495,511,511,511,511,18,18,120,120,139,139,153,153,170,198,232,260,333,333,347,347,194,194,194,194,194,194,40,74,74],"floor_reached":56,"playtime":3372,"items_purged":[],"score":1663,"play_id":"76ce11c1-d847-428b-826a-74be1bc62eff","local_time":"20201221222154","daily_mods":["SealedDeck","Heirloom","Time Dilation","Flight"],"is_ascension_mode":false,"campfire_choices":[{"data":"Echo Form","floor":7,"key":"SMITH"},{"data":"DevaForm","floor":8,"key":"SMITH"},{"data":"Wraith Form v2","floor":15,"key":"SMITH"},{"floor":29,"key":"RECALL"},{"data":"Amplify","floor":32,"key":"SMITH"},{"data":"Seek","floor":49,"key":"SMITH"},{"data":"Hologram","floor":52,"key":"SMITH"}],"circlet_count":0,"master_deck":["Demon Form","Wraith Form v2+1","Echo Form+1","DevaForm+1","Cold Snap+1","Cold Snap","Defragment+1","Conserve Battery","Conserve Battery","Hologram+1","Doom and Gloom","Streamline","Streamline","Scrape+1","Amplify+1","Seek+1","Creative AI","Loop","Doom and Gloom+1","Meteor Strike","Electrodynamics","Echo Form","Echo Form+1","Scrape+1"],"relics":["Snecko Eye","Unceasing Top","Torii","Omamori","Ancient Tea Set","Anchor","Darkstone Periapt","Symbiotic Virus","Question Card","Sozu","Whetstone","Lantern","Pen Nib","Vajra","Pear","Du-Vu Doll","Matryoshka","Bottled Tornado","Centennial Puzzle","Blue Candle","Mango","Mercury Hourglass","Toy Ornithopter","DollysMirror","Orichalcum","Oddly Smooth Stone"],"acts_visited":["Exordium","TheCity","TheBeyond","TheEnding"],"potions_floor_usage":[55,55,55],"damage_taken":[{"damage":0,"enemies":"Cultist","floor":1,"turns":2},{"damage":0,"enemies":"Jaw Worm","floor":3,"turns":1},{"damage":6,"enemies":"Gremlin Nob","floor":6,"turns":3},{"damage":1,"enemies":"2 Louse","floor":10,"turns":2},{"damage":0,"enemies":"Lagavulin","floor":12,"turns":5},{"damage":0,"enemies":"Gremlin Nob","floor":13,"turns":3},{"damage":0,"enemies":"3 Sentries","floor":14,"turns":5},{"damage":0,"enemies":"The Guardian","floor":16,"turns":6},{"damage":1,"enemies":"2 Thieves","floor":18,"turns":3},{"damage":0,"enemies":"Slavers","floor":23,"turns":4},{"damage":0,"enemies":"Gremlin Leader","floor":24,"turns":4},{"damage":0,"enemies":"Book of Stabbing","floor":25,"turns":5},{"damage":0,"enemies":"Shell Parasite","floor":27,"turns":3},{"damage":15,"enemies":"Collector","floor":33,"turns":4},{"damage":0,"enemies":"Orb Walker","floor":35,"turns":2},{"damage":0,"enemies":"3 Shapes","floor":37,"turns":8},{"damage":0,"enemies":"Spire Growth","floor":39,"turns":2},{"damage":0,"enemies":"Reptomancer","floor":40,"turns":4},{"damage":7,"enemies":"Nemesis","floor":41,"turns":5},{"damage":1,"enemies":"Giant Head","floor":42,"turns":3},{"damage":1,"enemies":"Transient","floor":45,"turns":5},{"damage":8,"enemies":"Donu and Deca","floor":50,"turns":5},{"damage":0,"enemies":"Shield and Spear","floor":54,"turns":4},{"damage":67,"enemies":"The Heart","floor":55,"turns":4}],"seed_played":"3261278912561556785","potions_obtained":[{"floor":3,"key":"LiquidMemories"},{"floor":13,"key":"FocusPotion"},{"floor":14,"key":"EssenceOfSteel"}],"is_trial":true,"path_per_floor":["M","T","M","?","?","E","R","R","T","M","T","E","E","E","R","B",null,"M","$","?","?","?","E","E","E","T","M","?","R","T","$","R","B",null,"M","?","M","?","M","E","E","E","T","$","M","?","$","?","R","B",null,"R","$","E","B",null],"character_chosen":"DEFECT","items_purchased":["Whetstone","Loop","Matryoshka","Bottled Tornado","DollysMirror","Orichalcum"],"campfire_rested":0,"item_purchase_floors":[19,19,31,31,47,53],"current_hp_per_floor":[75,75,75,75,68,62,62,62,62,61,61,61,61,61,61,61,75,74,74,74,74,74,74,74,74,84,84,84,84,84,84,84,69,85,85,85,85,85,85,85,78,91,91,91,90,90,90,90,90,82,99,99,99,99,32],"gold":74,"neow_bonus":"","is_daily":false,"chose_seed":false,"campfire_upgraded":6,"win_rate":0.0,"timestamp":1608585714,"path_taken":["M","?","?","?","?","E","R","R","T","?","?","E","E","E","R","BOSS","M","$","?","?","?","E","E","E","T","?","?","R","?","$","R","BOSS","M","?","M","?","?","E","E","E","T","?","?","?","?","?","R","BOSS","R","$","E","BOSS"],"items_purchased_type":["Relic","Card","Relic","Relic","Relic","Relic"],"build_version":"2020-12-13","purchased_purges":0,"victory":true,"max_hp_per_floor":[75,75,75,75,75,75,75,75,75,75,75,75,75,75,75,75,75,75,75,75,75,75,75,75,75,85,85,85,85,85,85,85,85,85,85,85,85,85,85,85,85,99,99,99,99,99,99,99,99,99,99,99,99,99,99],"card_choices":[{"not_picked":["Ball Lightning","Turbo","Aggregate"],"picked":"SKIP","floor":1},{"not_picked":["Compile Driver","Leap","Recycle"],"picked":"SKIP","floor":3},{"not_picked":["BootSequence","Self Repair"],"picked":"Scrape","floor":6},{"not_picked":["Heatsinks","Steam","Recycle"],"picked":"SKIP","floor":10},{"not_picked":["Doom and Gloom","Beam Cell","Ball Lightning"],"picked":"SKIP","floor":12},{"not_picked":["Loop","Streamline"],"picked":"Amplify","floor":13},{"not_picked":["FTL","Ball Lightning"],"picked":"Seek","floor":14},{"not_picked":["Buffer","Hyperbeam","Core Surge"],"picked":"Creative AI","floor":16},{"not_picked":["Hello World","Streamline","Rebound","Steam"],"picked":"SKIP","floor":18},{"not_picked":["Redo","Streamline","Beam Cell+1","BootSequence"],"picked":"SKIP","floor":23},{"not_picked":["Barrage","Rebound","Steam","Skim"],"picked":"SKIP","floor":24},{"not_picked":["Steam Power+1","Reinforced Body","Barrage"],"picked":"Doom and Gloom+1","floor":25},{"not_picked":["Core Surge","BootSequence","Go for the Eyes+1","FTL+1"],"picked":"SKIP","floor":27},{"not_picked":["Fission","Biased Cognition","Thunder Strike"],"picked":"Meteor Strike","floor":33},{"not_picked":["Cold Snap","Redo","Coolheaded+1","Go for the Eyes"],"picked":"SKIP","floor":35},{"not_picked":["Fission","Self Repair","Barrage+1","Redo+1"],"picked":"SKIP","floor":37},{"not_picked":["Barrage","Redo","Ball Lightning","Cold Snap"],"picked":"SKIP","floor":39},{"not_picked":["Rip and Tear+1","Reprogram","Compile Driver+1"],"picked":"Electrodynamics","floor":40},{"not_picked":["Leap","Force Field+1","Sweeping Beam","Storm"],"picked":"SKIP","floor":41},{"not_picked":["Compile Driver","Consume","Sweeping Beam"],"picked":"Echo Form","floor":42},{"not_picked":["Steam","Coolheaded+1","Compile Driver+1","Cold Snap"],"picked":"SKIP","floor":45},{"not_picked":["Skim+1","BootSequence+1","Steam+1"],"picked":"Scrape+1","floor":54}],"player_experience":499085,"relics_obtained":[{"floor":6,"key":"Omamori"},{"floor":9,"key":"Ancient Tea Set"},{"floor":11,"key":"Anchor"},{"floor":12,"key":"Darkstone Periapt"},{"floor":13,"key":"Symbiotic Virus"},{"floor":14,"key":"Question Card"},{"floor":23,"key":"Lantern"},{"floor":24,"key":"Pen Nib"},{"floor":25,"key":"Vajra"},{"floor":26,"key":"Pear"},{"floor":30,"key":"Du-Vu Doll"},{"floor":40,"key":"Centennial Puzzle"},{"floor":41,"key":"Blue Candle"},{"floor":42,"key":"Mango"},{"floor":43,"key":"Mercury Hourglass"},{"floor":43,"key":"Toy Ornithopter"},{"floor":54,"key":"Oddly Smooth Stone"}],"event_choices":[{"damage_healed":0,"gold_gain":64,"player_choice":"Gained Gold","damage_taken":0,"max_hp_gain":0,"max_hp_loss":0,"event_name":"Golden Wing","floor":4,"gold_loss":0},{"damage_healed":0,"gold_gain":0,"player_choice":"Damaged","damage_taken":7,"max_hp_gain":0,"max_hp_loss":0,"event_name":"Wheel of Change","floor":5,"gold_loss":0},{"cards_removed":["Cold Snap"],"damage_healed":0,"gold_gain":0,"player_choice":"Elegance","damage_taken":0,"max_hp_gain":0,"max_hp_loss":0,"event_name":"Back to Basics","floor":20,"gold_loss":0},{"damage_healed":0,"gold_gain":0,"player_choice":"Ignored","damage_taken":0,"max_hp_gain":0,"max_hp_loss":0,"event_name":"Ghosts","floor":21,"gold_loss":0},{"damage_healed":0,"gold_gain":99,"player_choice":"Stole From Cult","damage_taken":0,"max_hp_gain":0,"max_hp_loss":0,"event_name":"Nest","floor":22,"gold_loss":0},{"damage_healed":0,"gold_gain":0,"player_choice":"Ignored","damage_taken":0,"max_hp_gain":0,"max_hp_loss":0,"event_name":"Cursed Tome","floor":28,"gold_loss":0},{"damage_healed":0,"gold_gain":0,"player_choice":"Ignored","damage_taken":0,"max_hp_gain":0,"max_hp_loss":0,"event_name":"Tomb of Lord Red Mask","floor":36,"gold_loss":0},{"damage_healed":0,"gold_gain":0,"player_choice":"Forge","damage_taken":0,"max_hp_gain":0,"max_hp_loss":0,"event_name":"Accursed Blacksmith","floor":38,"gold_loss":0,"cards_upgraded":["Defragment"]},{"damage_healed":0,"gold_gain":0,"player_choice":"Ignored","damage_taken":0,"max_hp_gain":0,"max_hp_loss":0,"event_name":"NoteForYourself","floor":46,"gold_loss":0},{"damage_healed":0,"gold_gain":0,"player_choice":"Ignored","damage_taken":0,"max_hp_gain":0,"max_hp_loss":0,"event_name":"SecretPortal","floor":48,"gold_loss":0}],"is_beta":false,"boss_relics":[{"not_picked":["Tiny House","Fusion Hammer"],"picked":"Sozu"},{"not_picked":[]}],"items_purged_floors":[],"is_endless":false,"potions_floor_spawned":[3,13,14,24,25,27,33,39,41,42,45],"ascension_level":0}}