{"host":"i0avyit1s6jb1siw","time":1608549473,"event":{"mods":["BaseMod","DeckTracker","Dota2Spire","Highlight Path","Minty Spire (QoL Compilation)","Quick Restart","Replay The Spire","StSLib","SuperFastMode"],"gold_per_floor":[118,129,129,129,129,162,182,182,182,211,223,267,293,319,331,418,430,453,79,79,98,98,98,130,130,130],"floor_reached":25,"playtime":441,"items_purged":["Strike_R"],"score":512,"play_id":"dbdce1e9-124f-45f1-b858-1ce89eec923e","local_time":"20201221121753","is_ascension_mode":true,"campfire_choices":[{"data":"ReplayTheSpireMod:Muscle Training","floor":8.0,"key":"SMITH"},{"data":"Bash","floor":11.0,"key":"SMITH"},{"data":"Fire Breathing","floor":15.0,"key":"SMITH"},{"data":"Apotheosis","floor":23.0,"key":"SMITH"}],"circlet_count":0,"master_deck":["AscendersBane","Strike_R","Defend_R","Defend_R","Defend_R","Defend_R","Bash+1","Anger","Headbutt","Fire Breathing","ReplayTheSpireMod:Muscle Training+1","Dropkick","Fire Breathing+1","Second Wind","CurseOfTheBell","True Grit+1","Inflame+1","Apotheosis+1","Uppercut","Shrug It Off","Warcry","Feel No Pain","Barricade","Shrug It Off","Shrug It Off"],"relics":["Burning Blood","NeowsBlessing","Nunchaku","Matryoshka","MawBank","StoneCalendar","Calling Bell","Blue Doll","Self Forming Clay","Dota2Spire:HeartOfTarrasque","Dota2Spire:MaskOfMadness"],"acts_visited":["Exordium","TheCity"],"potions_floor_usage":[],"damage_taken":[{"damage":0.0,"enemies":"Cultist","floor":1.0,"turns":1.0},{"damage":0.0,"enemies":"Jaw Worm","floor":2.0,"turns":1.0},{"damage":0.0,"enemies":"3 Sentries","floor":6.0,"turns":2.0},{"damage":9.0,"enemies":"Small Slimes","floor":7.0,"turns":3.0},{"damage":10.0,"enemies":"Exordium Thugs","floor":10.0,"turns":4.0},{"damage":40.0,"enemies":"Gremlin Nob","floor":12.0,"turns":4.0},{"damage":18.0,"enemies":"Large Slime","floor":13.0,"turns":6.0},{"damage":11.0,"enemies":"Blue Slaver","floor":14.0,"turns":3.0},{"damage":13.0,"enemies":"Slime Boss","floor":16.0,"turns":6.0},{"damage":41.0,"enemies":"Spheric Guardian","floor":18.0,"turns":6.0},{"damage":14.0,"enemies":"3 Byrds","floor":21.0,"turns":5.0},{"damage":31.0,"enemies":"Book of Stabbing","floor":24.0,"turns":7.0},{"damage":23,"enemies":"3 Cultists","floor":25,"turns":4}],"seed_played":"-465624331285025093","potions_obtained":[{"floor":6.0,"key":"BlessingOfTheForge"},{"floor":13.0,"key":"LiquidMemories"},{"floor":16.0,"key":"Regen Potion"},{"floor":21.0,"key":"ColorlessPotion"}],"is_trial":false,"path_per_floor":["M","M","T","T","?","E","M","R","T","M","R","E","M","M","R","B",null,"M","$","?","M","?","R","E","M"],"character_chosen":"IRONCLAD","items_purchased":["Inflame+1","Apotheosis","Uppercut","Shrug It Off"],"campfire_rested":0,"item_purchase_floors":[19,19,19,19],"current_hp_per_floor":[74,75,75,75,75,75,72,72,72,68,68,34,22,17,17,10,67,32,32,32,42,42,42,17,0,0],"gold":130,"neow_bonus":"THREE_ENEMY_KILL","is_daily":false,"chose_seed":false,"campfire_upgraded":4,"win_rate":0.0,"timestamp":1608549473,"path_taken":["M","M","?","?","?","E","M","R","T","?","R","E","M","M","R","BOSS","M","$","?","M","?","R","E","?"],"items_purchased_type":["Card","Card","Card","Card"],"build_version":"2020-12-13","purchased_purges":1,"victory":false,"max_hp_per_floor":[75,75,75,75,75,75,75,75,75,75,75,75,75,75,75,75,83,83,83,83,83,83,83,83,83,83],"card_choices":[{"not_picked":["Heavy Blade","Shrug It Off"],"picked":"Anger","floor":1.0},{"not_picked":["Havoc","Sever Soul","True Grit"],"picked":"SKIP","floor":2.0},{"not_picked":["Twin Strike","Entrench"],"picked":"Fire Breathing","floor":6.0},{"not_picked":["Massacre","Iron Wave"],"picked":"ReplayTheSpireMod:Muscle Training","floor":7.0},{"not_picked":["Sentinel","Clothesline","Metallicize"],"picked":"SKIP","floor":10.0},{"not_picked":["Berserk","Clash"],"picked":"Dropkick","floor":12.0},{"not_picked":["Run Through","Shrug It Off"],"picked":"Fire Breathing","floor":13.0},{"not_picked":["Warcry","Pommel Strike"],"picked":"Second Wind","floor":14.0},{"not_picked":["Perfected Strike+1","Cleave+1"],"picked":"True Grit+1","floor":18.0},{"not_picked":["Sever Soul+1","Intimidate"],"picked":"Barricade","floor":21.0},{"not_picked":["Entrench","Cleave"],"picked":"Shrug It Off","floor":24.0}],"player_experience":2090250,"relics_obtained":[{"floor":3.0,"key":"Nunchaku"},{"floor":4.0,"key":"Matryoshka"},{"floor":9.0,"key":"MawBank"},{"floor":12.0,"key":"StoneCalendar"},{"floor":17.0,"key":"Blue Doll"},{"floor":17.0,"key":"Self Forming Clay"},{"floor":17.0,"key":"Dota2Spire:HeartOfTarrasque"},{"floor":24.0,"key":"Dota2Spire:MaskOfMadness"}],"event_choices":[{"damage_healed":0.0,"max_hp_gain":0.0,"max_hp_loss":0.0,"gold_gain":0.0,"cards_transformed":["Strike_R"],"event_name":"Transmorgrifier","player_choice":"Transformed","floor":5.0,"gold_loss":0.0,"damage_taken":0.0,"cards_obtained":["Headbutt"]},{"damage_healed":0.0,"max_hp_gain":0.0,"max_hp_loss":0.0,"gold_gain":0.0,"cards_transformed":["Strike_R","Strike_R"],"event_name":"Drug Dealer","player_choice":"Became Test Subject","floor":20.0,"gold_loss":0.0,"damage_taken":0.0,"cards_obtained":["Warcry","Feel No Pain"]},{"damage_healed":0.0,"max_hp_gain":0.0,"max_hp_loss":0.0,"gold_gain":0.0,"event_name":"Duplicator","player_choice":"Copied","floor":22.0,"gold_loss":0.0,"damage_taken":0.0,"cards_obtained":["Shrug It Off"]}],"is_beta":false,"boss_relics":[{"not_picked":["Ring of Chaos","Cursed Key"],"picked":"Calling Bell"}],"items_purged_floors":[19],"is_endless":false,"potions_floor_spawned":[6,13,14,16,18,21],"killed_by":"3 Cultists","ascension_level":20}}