{"host":"ixbvfs3so5a39bhe","time":1608541914,"event":{"mods":["BaseMod","Minty Spire (QoL Compilation)","Quick Restart","StSLib"],"gold_per_floor":[113,113,125,75,75,108,118,136,136,136,168,243,57,3,3,3,3],"floor_reached":16,"playtime":916,"items_purged":["Defend_P"],"score":160,"play_id":"95334f86-06ba-4ec9-9f20-5e605894d5dd","local_time":"20201221171154","is_ascension_mode":true,"campfire_choices":[{"data":"Eruption","floor":10.0,"key":"SMITH"},{"data":"MentalFortress","floor":15.0,"key":"SMITH"}],"circlet_count":0,"master_deck":["Strike_P","Defend_P","Defend_P","Eruption+1","InnerPeace+1","WreathOfFlame+1","Scrawl+1","LikeWater","MentalFortress","Omniscience","EmptyBody","MentalFortress+1"],"relics":["Astrolabe","White Beast Statue","TeardropLocket","The Courier","MealTicket"],"acts_visited":["Exordium"],"potions_floor_usage":[16],"damage_taken":[{"damage":0.0,"enemies":"Cultist","floor":1.0,"turns":2.0},{"damage":0.0,"enemies":"2 Louse","floor":3.0,"turns":2.0},{"damage":11.0,"enemies":"Lagavulin","floor":6.0,"turns":6.0},{"damage":0.0,"enemies":"Small Slimes","floor":7.0,"turns":4.0},{"damage":7.0,"enemies":"Looter","floor":8.0,"turns":3.0},{"damage":0.0,"enemies":"3 Sentries","floor":11.0,"turns":11.0},{"damage":57,"enemies":"Hexaghost","floor":16,"turns":11}],"seed_played":"-1303811083888103721","potions_obtained":[{"floor":6.0,"key":"Weak Potion"},{"floor":7.0,"key":"SneckoOil"},{"floor":8.0,"key":"AttackPotion"},{"floor":11.0,"key":"Fire Potion"}],"is_trial":false,"path_per_floor":["M","?","M","?","?","E","M","M","T","R","E","?","$","$","R","B"],"character_chosen":"WATCHER","items_purchased":["MealTicket","MentalFortress"],"campfire_rested":0,"item_purchase_floors":[13,14],"current_hp_per_floor":[72,72,72,72,65,54,54,47,47,47,47,36,36,51,51,0,0],"gold":3,"neow_bonus":"BOSS_RELIC","is_daily":false,"chose_seed":false,"campfire_upgraded":2,"win_rate":0.0,"timestamp":1608541914,"path_taken":["M","?","?","?","?","E","M","M","T","R","E","?","?","$","R","BOSS"],"items_purchased_type":["Relic","Card"],"build_version":"2020-12-13","purchased_purges":1,"victory":false,"max_hp_per_floor":[72,72,72,72,72,72,72,72,72,72,72,72,72,72,72,72,72],"card_choices":[{"not_picked":["SashWhip","Perseverance"],"picked":"LikeWater","floor":1.0},{"not_picked":["PathToVictory","Consecrate"],"picked":"MentalFortress","floor":3.0},{"not_picked":["BowlingBash","Crescendo"],"picked":"Omniscience","floor":6.0},{"not_picked":["ThirdEye","Evaluate"],"picked":"EmptyBody","floor":7.0},{"not_picked":["Nirvana","Fasting2","Protect"],"picked":"SKIP","floor":8.0},{"not_picked":["BowlingBash","InnerPeace","WaveOfTheHand"],"picked":"SKIP","floor":11.0}],"player_experience":188134,"relics_obtained":[{"floor":6.0,"key":"White Beast Statue"},{"floor":9.0,"key":"TeardropLocket"},{"floor":11.0,"key":"The Courier"}],"event_choices":[{"damage_healed":0.0,"max_hp_gain":0.0,"max_hp_loss":0.0,"gold_gain":0.0,"cards_transformed":["Strike_P"],"event_name":"Transmorgrifier","player_choice":"Transformed","floor":2.0,"gold_loss":0.0,"damage_taken":0.0,"cards_obtained":["DeceiveReality"]},{"cards_removed":["Vigilance"],"damage_healed":0.0,"max_hp_gain":0.0,"max_hp_loss":0.0,"gold_gain":0.0,"event_name":"The Cleric","player_choice":"Card Removal","floor":4.0,"gold_loss":50.0,"damage_taken":0.0},{"cards_removed":["DeceiveReality"],"damage_healed":0.0,"max_hp_gain":0.0,"max_hp_loss":0.0,"gold_gain":0.0,"event_name":"Golden Wing","player_choice":"Card Removal","floor":5.0,"gold_loss":0.0,"damage_taken":7.0},{"damage_healed":0.0,"max_hp_gain":0.0,"max_hp_loss":0.0,"gold_gain":75.0,"event_name":"World of Goop","player_choice":"Gather Gold","floor":12.0,"gold_loss":0.0,"damage_taken":11.0}],"is_beta":false,"boss_relics":[],"items_purged_floors":[13],"is_endless":false,"potions_floor_spawned":[6,7,8,11],"killed_by":"Hexaghost","ascension_level":4}}