{"host":"6pgtslebjnyv5xmi","time":1608546886,"event":{"mods":["AchievementEnabler","BaseMod","Colored Map","Minty Spire (QoL Compilation)","Rare Cards Sparkle","SuperFastMode","everything is the same but u backflip on backflip"],"gold_per_floor":[112,1,76,76,76,112,137,176,176,176,200,7,27,62,62,62,62],"floor_reached":16,"playtime":894,"items_purged":["Defend_R"],"score":162,"play_id":"d4ac11bd-e29f-43eb-9900-0021b445e946","local_time":"20201221193446","is_ascension_mode":true,"campfire_choices":[{"data":"Dark Embrace","floor":10.0,"key":"SMITH"},{"floor":15.0,"key":"REST"}],"circlet_count":0,"master_deck":["Strike_R","Strike_R","Strike_R","Strike_R","Defend_R","Defend_R","Defend_R","Bash","Feel No Pain","Dark Embrace+1","Shockwave","Feel No Pain","Flex","Pummel","Sentinel"],"relics":["Burning Blood","NeowsBlessing","Golden Idol","Gremlin Horn","Potion Belt","Matryoshka","Smiling Mask","Bronze Scales","Omamori","Ice Cream"],"acts_visited":["Exordium"],"potions_floor_usage":[16],"damage_taken":[{"damage":0.0,"enemies":"2 Louse","floor":1.0,"turns":1.0},{"damage":0.0,"enemies":"Gremlin Nob","floor":6.0,"turns":1.0},{"damage":0.0,"enemies":"Small Slimes","floor":7.0,"turns":2.0},{"damage":30.0,"enemies":"3 Sentries","floor":8.0,"turns":10.0},{"damage":1.0,"enemies":"Cultist","floor":13.0,"turns":4.0},{"damage":30.0,"enemies":"Lagavulin","floor":14.0,"turns":6.0},{"damage":35,"enemies":"Hexaghost","floor":16,"turns":9}],"seed_played":"-5280755835770405795","potions_obtained":[{"floor":7.0,"key":"AttackPotion"},{"floor":8.0,"key":"GamblersBrew"},{"floor":13.0,"key":"ColorlessPotion"},{"floor":14.0,"key":"LiquidBronze"}],"is_trial":false,"path_per_floor":["M","$","?","?","?","E","M","E","T","R","T","$","M","E","R","B"],"character_chosen":"IRONCLAD","items_purchased":["Dark Embrace","Shockwave","Omamori"],"campfire_rested":1,"item_purchase_floors":[2,2,12],"current_hp_per_floor":[80,80,69,49,42,48,54,30,30,30,30,30,35,11,35,0,0],"gold":62,"neow_bonus":"THREE_ENEMY_KILL","is_daily":false,"chose_seed":false,"campfire_upgraded":1,"win_rate":0.0,"timestamp":1608546886,"path_taken":["M","$","?","?","?","E","M","E","T","R","?","$","M","E","R","BOSS"],"items_purchased_type":["Card","Card","Relic"],"build_version":"2020-12-13","purchased_purges":1,"victory":false,"max_hp_per_floor":[80,80,80,80,80,80,80,80,80,80,80,80,80,80,80,80,80],"card_choices":[{"not_picked":["Clash","Perfected Strike"],"picked":"Feel No Pain","floor":1.0},{"not_picked":["Warcry","Dark Embrace"],"picked":"Feel No Pain","floor":6.0},{"not_picked":["Thunderclap","Ghostly Armor"],"picked":"Flex","floor":7.0},{"not_picked":["Rupture","Sword Boomerang"],"picked":"Pummel","floor":8.0},{"not_picked":["Iron Wave","Twin Strike"],"picked":"Sentinel","floor":13.0},{"not_picked":["Flex","Feed","Anger"],"picked":"SKIP","floor":14.0}],"player_experience":326805,"relics_obtained":[{"floor":6.0,"key":"Gremlin Horn"},{"floor":8.0,"key":"Potion Belt"},{"floor":9.0,"key":"Matryoshka"},{"floor":11.0,"key":"Smiling Mask"},{"floor":11.0,"key":"Bronze Scales"},{"floor":14.0,"key":"Ice Cream"}],"event_choices":[{"damage_healed":0.0,"max_hp_gain":0.0,"max_hp_loss":0.0,"gold_gain":75.0,"event_name":"World of Goop","player_choice":"Gather Gold","floor":3.0,"gold_loss":0.0,"damage_taken":11.0},{"damage_healed":0.0,"max_hp_gain":0.0,"max_hp_loss":0.0,"gold_gain":0.0,"event_name":"Golden Idol","player_choice":"Take Damage","floor":4.0,"gold_loss":0.0,"damage_taken":20.0,"relics_obtained":["Golden Idol"]},{"cards_removed":["Strike_R"],"damage_healed":0.0,"max_hp_gain":0.0,"max_hp_loss":0.0,"gold_gain":0.0,"event_name":"Golden Wing","player_choice":"Card Removal","floor":5.0,"gold_loss":0.0,"damage_taken":7.0}],"is_beta":false,"boss_relics":[],"items_purged_floors":[12],"is_endless":false,"potions_floor_spawned":[7,8,13,14],"killed_by":"Hexaghost","ascension_level":3}}