{"host":"78hrz0ylpj9lzvi8","time":1608585162,"event":{"mods":["BaseMod","Bestiary","Block Reminder","Curses Come First","Minty Spire (QoL Compilation)","Quick Restart","Random Character Button","Relic Stats","StSLib"],"gold_per_floor":[109,34,109,123,123,157,157,192,192,192,227,227,227,243,243,320,320,338,149,168,43,62,62,112,143,143,159,159,159,193,208,208,284,284,297,316,316,331,351,385,385,385,385],"floor_reached":42,"playtime":1607,"items_purged":["Strike_B","Strike_B","Strike_B"],"score":1093,"play_id":"e051f836-2da3-4e1b-ae78-725cc3c8de7d","local_time":"20201221181242","is_ascension_mode":true,"campfire_choices":[{"data":"Hyperbeam","floor":10.0,"key":"SMITH"},{"data":"Defragment","floor":12.0,"key":"SMITH"},{"data":"Zap","floor":15.0,"key":"SMITH"},{"floor":23,"key":"REST"},{"floor":28,"key":"REST"},{"floor":32,"key":"REST"},{"floor":41,"key":"REST"}],"circlet_count":0,"master_deck":["AscendersBane","Defend_B","Defend_B","Zap+1","Dualcast","Sweeping Beam","Doom and Gloom","Defragment","Defragment+1","Cold Snap","Multi-Cast","Dark Shackles","Rebound","Coolheaded","Electrodynamics","Fission","Fission+1","Rebound+1","Thunder Strike+1","Steam","Dark Shackles","Auto Shields+1","Compile Driver+1","Redo+1"],"relics":["Cracked Core","NeowsBlessing","HornCleat","Cables","Orichalcum","Singing Bowl","Fusion Hammer","Bottled Lightning","White Beast Statue","Nloth\u0027s Gift","Darkstone Periapt","Astrolabe","MealTicket"],"acts_visited":["Exordium","TheCity","TheBeyond"],"potions_floor_usage":[25,30,39,42,42],"damage_taken":[{"damage":0.0,"enemies":"2 Louse","floor":1.0,"turns":1.0},{"damage":0.0,"enemies":"Small Slimes","floor":4.0,"turns":1.0},{"damage":0.0,"enemies":"3 Sentries","floor":6.0,"turns":1.0},{"damage":0.0,"enemies":"Gremlin Nob","floor":8.0,"turns":3.0},{"damage":5.0,"enemies":"3 Sentries","floor":11.0,"turns":3.0},{"damage":0.0,"enemies":"Cultist","floor":14.0,"turns":3.0},{"damage":25.0,"enemies":"The Guardian","floor":16.0,"turns":7.0},{"damage":19.0,"enemies":"2 Thieves","floor":18.0,"turns":3.0},{"damage":16.0,"enemies":"Shell Parasite","floor":20.0,"turns":4.0},{"damage":18,"enemies":"Snake Plant","floor":22,"turns":2},{"damage":12,"enemies":"Gremlin Leader","floor":25,"turns":6},{"damage":0,"enemies":"3 Cultists","floor":27,"turns":4},{"damage":28,"enemies":"Slavers","floor":30,"turns":3},{"damage":6,"enemies":"Centurion and Healer","floor":31,"turns":7},{"damage":27,"enemies":"Champ","floor":33,"turns":10},{"damage":15,"enemies":"3 Darklings","floor":35,"turns":2},{"damage":0,"enemies":"Orb Walker","floor":36,"turns":2},{"damage":7,"enemies":"4 Shapes","floor":38,"turns":8},{"damage":1,"enemies":"Writhing Mass","floor":39,"turns":3},{"damage":28,"enemies":"Nemesis","floor":40,"turns":7},{"damage":65,"enemies":"Giant Head","floor":42,"turns":7}],"seed_played":"-2275117903516002951","potions_obtained":[{"floor":6.0,"key":"ColorlessPotion"},{"floor":16.0,"key":"Weak Potion"},{"floor":20.0,"key":"LiquidMemories"},{"floor":27,"key":"PotionOfCapacity"},{"floor":30,"key":"SneckoOil"},{"floor":33,"key":"BlessingOfTheForge"},{"floor":38,"key":"Block Potion"},{"floor":39,"key":"Block Potion"}],"is_trial":false,"path_per_floor":["M","$","?","M","?","E","?","E","T","R","E","R","T","M","R","B",null,"M","$","M","$","M","R","?","E","T","M","R","?","E","M","R","B",null,"M","M","?","M","M","E","R","E"],"character_chosen":"DEFECT","items_purchased":["Dark Shackles"],"campfire_rested":4,"item_purchase_floors":[19],"current_hp_per_floor":[64,64,53,53,53,53,58,58,58,58,53,53,53,53,53,28,64,47,47,31,31,13,36,36,26,26,28,52,52,24,20,45,18,68,55,55,49,42,41,13,40,0,0],"gold":385,"neow_bonus":"THREE_ENEMY_KILL","is_daily":false,"chose_seed":false,"campfire_upgraded":3,"win_rate":0.0,"timestamp":1608585162,"path_taken":["M","$","?","M","?","E","?","E","T","R","E","R","?","?","R","BOSS","M","$","M","$","M","R","?","E","T","?","R","?","E","M","R","BOSS","M","M","?","M","M","E","R","E"],"items_purchased_type":["Card"],"build_version":"2020-12-13","purchased_purges":3,"victory":false,"max_hp_per_floor":[71,71,71,71,71,71,76,76,76,76,76,76,76,76,76,76,76,78,78,78,78,78,78,78,80,80,82,82,82,82,84,84,84,84,86,86,90,90,90,90,90,90,90],"relic_stats":{"Darkstone Periapt":0,"Singing Bowl":14,"counters":[21,87],"Astrolabe":["Fission","Rebound","Thunder Strike"],"MealTicket":0,"Nloth\u0027s Gift":2,"Orichalcum":[192],"obtain_stats":[{"Darkstone Periapt":30,"NeowsBlessing":0,"Singing Bowl":13,"Astrolabe":34,"Orichalcum":9,"White Beast Statue":26,"Cables":8,"HornCleat":6,"MealTicket":40,"Fusion Hammer":17,"Nloth\u0027s Gift":29,"Bottled Lightning":25,"Cracked Core":0,"StrikeDummy":11},{"Darkstone Periapt":13,"NeowsBlessing":0,"Singing Bowl":5,"Astrolabe":15,"Orichalcum":4,"White Beast Statue":11,"Cables":4,"HornCleat":3,"MealTicket":20,"Fusion Hammer":7,"Nloth\u0027s Gift":12,"Bottled Lightning":11,"Cracked Core":0,"StrikeDummy":5},{"Darkstone Periapt":41,"NeowsBlessing":0,"Singing Bowl":9,"Astrolabe":58,"Orichalcum":6,"White Beast Statue":34,"Cables":6,"HornCleat":3,"MealTicket":80,"Fusion Hammer":19,"Nloth\u0027s Gift":38,"Bottled Lightning":34,"Cracked Core":0,"StrikeDummy":9}],"Cables":[62,31,14,17,0]},"card_choices":[{"not_picked":["Steam","Beam Cell"],"picked":"Sweeping Beam","floor":1.0},{"not_picked":["Barrage","Stack"],"picked":"Hyperbeam","floor":4.0},{"not_picked":["Gash","Double Energy"],"picked":"Doom and Gloom","floor":6.0},{"not_picked":["Coolheaded","Steam"],"picked":"Defragment","floor":8.0},{"not_picked":["Force Field","Chaos"],"picked":"Defragment","floor":11.0},{"not_picked":["Skim","Ball Lightning"],"picked":"Cold Snap","floor":14.0},{"not_picked":["Seek","Fission"],"picked":"Multi-Cast","floor":16.0},{"not_picked":["Hello World","Stack","Turbo"],"picked":"Singing Bowl","floor":18.0},{"not_picked":["Turbo","Sunder"],"picked":"Rebound","floor":20.0},{"not_picked":["Steam","Recycle"],"picked":"Coolheaded","floor":22},{"not_picked":["Ball Lightning+1","Gash","Sweeping Beam"],"picked":"Singing Bowl","floor":25},{"not_picked":["Fusion","Multi-Cast","Cold Snap"],"picked":"Singing Bowl","floor":27},{"not_picked":["Hologram","Echo Form"],"picked":"Electrodynamics","floor":30},{"not_picked":["Gash+1","Static Discharge","Skim"],"picked":"Singing Bowl","floor":31},{"not_picked":["Seek","Electrodynamics"],"picked":"Fission","floor":33},{"not_picked":["Coolheaded","Streamline","Steam"],"picked":"Singing Bowl","floor":35},{"not_picked":["Auto Shields","Force Field"],"picked":"Steam","floor":36},{"not_picked":["Panacea","Panache"],"picked":"Dark Shackles","floor":37},{"not_picked":["Deep Breath","Discovery","Panacea"],"picked":"Singing Bowl","floor":37},{"not_picked":["Mind Blast","Madness","Discovery"],"picked":"Singing Bowl","floor":37},{"not_picked":["Sweeping Beam","Compile Driver"],"picked":"Auto Shields+1","floor":38},{"not_picked":["Gash","Sweeping Beam"],"picked":"Compile Driver+1","floor":39},{"not_picked":["Electrodynamics","Creative AI"],"picked":"Redo+1","floor":40}],"player_experience":956750,"relics_obtained":[{"floor":6.0,"key":"HornCleat"},{"floor":8.0,"key":"Cables"},{"floor":9.0,"key":"Orichalcum"},{"floor":11.0,"key":"StrikeDummy"},{"floor":13.0,"key":"Singing Bowl"},{"floor":25,"key":"Bottled Lightning"},{"floor":26,"key":"White Beast Statue"},{"floor":30,"key":"Darkstone Periapt"},{"floor":40,"key":"MealTicket"}],"event_choices":[{"damage_healed":0.0,"max_hp_gain":0.0,"max_hp_loss":0.0,"gold_gain":75.0,"event_name":"World of Goop","player_choice":"Gather Gold","floor":3.0,"gold_loss":0.0,"damage_taken":11.0},{"cards_removed":["Defend_B"],"damage_healed":0.0,"max_hp_gain":0.0,"max_hp_loss":0.0,"gold_gain":0.0,"event_name":"Living Wall","player_choice":"Forget","floor":5.0,"gold_loss":0.0,"damage_taken":0.0},{"damage_healed":0.0,"max_hp_gain":5.0,"max_hp_loss":0.0,"gold_gain":0.0,"event_name":"Big Fish","player_choice":"Donut","floor":7.0,"gold_loss":0.0,"damage_taken":0.0},{"damage_healed":0,"gold_gain":50,"player_choice":"Pray","damage_taken":0,"max_hp_gain":0,"max_hp_loss":0,"event_name":"Golden Shrine","floor":24,"gold_loss":0},{"damage_healed":0,"gold_gain":0,"player_choice":"Traded Relic","damage_taken":0,"relics_obtained":["Nloth\u0027s Gift"],"max_hp_gain":0,"max_hp_loss":0,"event_name":"N\u0027loth","floor":29,"relics_lost":["StrikeDummy"],"gold_loss":0},{"damage_healed":0,"gold_gain":0,"player_choice":"Memory 3","damage_taken":10,"max_hp_gain":0,"max_hp_loss":0,"event_name":"SensoryStone","floor":37,"gold_loss":0}],"is_beta":false,"boss_relics":[{"not_picked":["Pandora\u0027s Box","Runic Pyramid"],"picked":"Fusion Hammer"},{"not_picked":["Black Star","Snecko Eye"],"picked":"Astrolabe"}],"items_purged_floors":[2,19,21],"is_endless":false,"potions_floor_spawned":[6,16,20,27,30,31,33,35,36,38,39,40],"killed_by":"Giant Head","ascension_level":20}}