{"host":"5tnmlfm2arf82kze","time":1608552384,"event":{"mods":["Act Like it!","BaseMod","CapriCore","Colored Powertips","Downfall","Gensokyo","Minty Spire (QoL Compilation)","Replay The Spire","RumiaBox-露米娅的神秘盒子","Shop Mod","Spicy Shops","StSLib","Waifu the Spire","【功能Mod】聪明的最终Boss"],"gold_per_floor":[114,126,144,144,159,159,184,108,108,125,158,173,173,204,204,304,304,319,569,328,346,363,363,374,374,427,427,427],"floor_reached":27,"playtime":1837,"items_purged":[],"score":281,"play_id":"ee9592f5-fa0b-44f4-bbb4-03cfda90b257","local_time":"20201221200624","is_ascension_mode":true,"campfire_choices":[{"floor":6.0,"key":"REST"},{"floor":23.0,"key":"REST"}],"circlet_count":0,"master_deck":["Strike_B","Strike_B","Strike_B","Defend_B","Defend_B","Zap","Dualcast","Auto Shields","Turbo","ReplayTheSpireMod:Repulse","Core Surge","FTL","Leap","Ball Lightning+1","Creative AI","Consume+1","ReplayTheSpireMod:GoodbyeWorld","Rip and Tear","Panic Button+1","Reinforced Body"],"relics":["Cracked Core","Pear","Replay:Mystery Machine","Lee\u0027s Waffle","Replay:Wax Seal","Question Card","Gensokyo:Mercy","Bottled Flame","Replay:Grab Bag","SlaversCollar","ChewingGum","Empty Cage","SacredBark","Runic Capacitor","Mango","Frozen Eye"],"acts_visited":["Gensokyo:Gensokyo","Gensokyo:Gensokyoer"],"potions_floor_usage":[27],"damage_taken":[{"damage":1.0,"enemies":"Gensokyo:3_Fairies","floor":1.0,"turns":3.0},{"damage":7.0,"enemies":"Gensokyo:Gryphon","floor":2.0,"turns":3.0},{"damage":2.0,"enemies":"Gensokyo:Python","floor":3.0,"turns":4.0},{"damage":16.0,"enemies":"Gensokyo:Gryphon_and_Rabbit","floor":5.0,"turns":5.0},{"damage":16.0,"enemies":"Gensokyo:Aya","floor":7.0,"turns":8.0},{"damage":4.0,"enemies":"Gensokyo:2_Rabbits","floor":10.0,"turns":3.0},{"damage":22.0,"enemies":"Gensokyo:Mamizou","floor":11.0,"turns":7.0},{"damage":8.0,"enemies":"Gensokyo:CorruptedTreant","floor":12.0,"turns":4.0},{"damage":21.0,"enemies":"Gensokyo:Cirno","floor":14.0,"turns":7.0},{"damage":35.0,"enemies":"Gensokyo:Yukari","floor":16.0,"turns":12.0},{"damage":16.0,"enemies":"Gensokyo:3_Dogs","floor":18.0,"turns":3.0},{"damage":0.0,"enemies":"Gensokyo:AngelMirror","floor":21.0,"turns":3.0},{"damage":64.0,"enemies":"Gensokyo:Chomper_and_Gloop","floor":22.0,"turns":7.0},{"damage":24.0,"enemies":"Gensokyo:Wraith","floor":24.0,"turns":4.0},{"damage":36,"enemies":"Gensokyo:Koishi","floor":27,"turns":6}],"seed_played":"-2074830133245169080","potions_obtained":[{"floor":2.0,"key":"GamblersBrew"},{"floor":10.0,"key":"DuplicationPotion"},{"floor":11.0,"key":"Ancient Potion"},{"floor":12.0,"key":"Explosive Potion"},{"floor":18.0,"key":"Fire Potion"},{"floor":24.0,"key":"SneckoOil"}],"is_trial":false,"path_per_floor":["M","M","M","?","M","R","E","$","T","M","E","M","?","E","R","B",null,"M","?","$","M","M","R","M","?","T","E"],"character_chosen":"DEFECT","items_purchased":["Lee\u0027s Waffle","Runic Capacitor","Mango"],"campfire_rested":2,"item_purchase_floors":[8,20,20],"current_hp_per_floor":[74,67,65,60,44,69,53,92,92,88,66,58,58,37,64,29,92,76,76,90,90,26,56,32,32,32,0,0],"gold":427,"neow_bonus":"REMOVE_CARD","is_daily":false,"chose_seed":false,"campfire_upgraded":0,"win_rate":0.0,"timestamp":1608552384,"path_taken":["M","M","M","?","M","R","E","$","T","?","E","M","?","E","R","BOSS","M","?","$","M","?","R","M","?","T","E"],"items_purchased_type":["Relic","Relic","Relic"],"build_version":"2020-12-13","purchased_purges":0,"victory":false,"max_hp_per_floor":[75,75,75,85,85,85,85,92,92,92,92,92,92,92,92,92,92,92,87,101,101,101,101,101,101,101,101,101],"card_choices":[{"not_picked":["Ball Lightning","Gash"],"picked":"Go for the Eyes","floor":1.0},{"not_picked":["Stack","Ball Lightning"],"picked":"Auto Shields","floor":2.0},{"not_picked":["Leap","Sweeping Beam"],"picked":"Turbo","floor":3.0},{"not_picked":["Streamline","Sweeping Beam"],"picked":"ReplayTheSpireMod:Repulse","floor":5.0},{"not_picked":["Double Energy","Rainbow"],"picked":"Core Surge","floor":7.0},{"not_picked":["Coolheaded","White Noise"],"picked":"FTL","floor":10.0},{"not_picked":["Hologram","Leap","Coolheaded"],"picked":"SKIP","floor":11.0},{"not_picked":["Cold Snap","Darkness","ReplayTheSpireMod:Repulse"],"picked":"Leap","floor":12.0},{"not_picked":["Turbo","Go for the Eyes","Compile Driver"],"picked":"Ball Lightning","floor":14.0},{"not_picked":["Core Surge","Meteor Strike","Seek"],"picked":"Creative AI","floor":16.0},{"not_picked":["Ball Lightning","Fusion+1","Stack"],"picked":"Consume+1","floor":18.0},{"not_picked":["Reinforced Body","Sweeping Beam","Double Energy"],"picked":"ReplayTheSpireMod:GoodbyeWorld","floor":21.0},{"not_picked":["Ball Lightning","Coolheaded+1","Gash"],"picked":"Rip and Tear","floor":22.0},{"not_picked":["BasicCrystalCard","Leap","FTL"],"picked":"Panic Button+1","floor":24.0}],"player_experience":155475,"relics_obtained":[{"floor":7.0,"key":"Replay:Mystery Machine"},{"floor":9.0,"key":"Replay:Wax Seal"},{"floor":11.0,"key":"Question Card"},{"floor":14.0,"key":"Bottled Flame"}],"event_choices":[],"is_beta":false,"boss_relics":[{"not_picked":["Kintsugi","Sozu"],"picked":"Replay:Grab Bag"},{"not_picked":["Cursed Key","Busted Crown"],"picked":"SlaversCollar"},{"not_picked":["Fusion Hammer","Velvet Choker"],"picked":"ChewingGum"},{"not_picked":["AddBug","Snecko Eye"],"picked":"Empty Cage"},{"not_picked":["Runic Pyramid","SoulBox"],"picked":"SacredBark"}],"items_purged_floors":[],"is_endless":false,"potions_floor_spawned":[2,10,11,12,16,18,24],"killed_by":"Gensokyo:Koishi","ascension_level":2}}