{"host":"rolltorest","time":1608514619,"event":{"mods":["BaseMod","Minty Spire (QoL Compilation)","StSLib"],"gold_per_floor":[114,125,141,151,0,27,27,54,99,99,127,147,147,165,165,242,242,258,275,275,302,175,175,200,200,200,225,265,289,289,324,324,407,416,427,21,21,39,39,39],"floor_reached":39,"playtime":1337,"items_purged":["Strike_R"],"score":1043,"play_id":"d49581b8-f00b-4acf-a137-b4b2691aba72","local_time":"20201220173659","is_ascension_mode":true,"campfire_choices":[{"data":"Fiend Fire","floor":7,"key":"SMITH"},{"data":"Disarm","floor":15,"key":"SMITH"},{"data":"Spot Weakness","floor":23,"key":"SMITH"},{"data":"Demon Form","floor":25,"key":"SMITH"},{"data":"Heavy Blade","floor":32,"key":"SMITH"}],"circlet_count":0,"master_deck":["AscendersBane","Strike_R","Strike_R","Defend_R","Defend_R","Defend_R","Defend_R","Bash","Combust","Spot Weakness+1","Feed","Fiend Fire+1","Reaper","Disarm+1","Heavy Blade+1","Metallicize","Demon Form+1","Feel No Pain","Battle Trance","Headbutt","Shrug It Off","Sword Boomerang","Power Through","Impervious","CurseOfTheBell","Dark Embrace"],"relics":["Mark of Pain","Pen Nib","StrikeDummy","Bag of Marbles","Happy Flower","Velvet Choker","MutagenicStrength","Anchor","Art of War","CeramicFish","Meat on the Bone","FossilizedHelix","Unceasing Top","Calling Bell","Lantern","Toxic Egg 2","Turnip","Strange Spoon"],"acts_visited":["Exordium","TheCity","TheBeyond"],"potions_floor_usage":[11,18,19,24,28,31,31],"damage_taken":[{"damage":1,"enemies":"Cultist","floor":1,"turns":4},{"damage":0,"enemies":"2 Louse","floor":2,"turns":3},{"damage":0,"enemies":"Small Slimes","floor":3,"turns":4},{"damage":0,"enemies":"2 Fungi Beasts","floor":4,"turns":4},{"damage":39,"enemies":"3 Sentries","floor":6,"turns":6},{"damage":0,"enemies":"Gremlin Nob","floor":8,"turns":3},{"damage":6,"enemies":"Lagavulin","floor":11,"turns":3},{"damage":13,"enemies":"Exordium Wildlife","floor":12,"turns":3},{"damage":0,"enemies":"3 Louse","floor":14,"turns":2},{"damage":20,"enemies":"Hexaghost","floor":16,"turns":9},{"damage":22,"enemies":"Spheric Guardian","floor":18,"turns":4},{"damage":18,"enemies":"2 Thieves","floor":19,"turns":4},{"damage":38,"enemies":"Book of Stabbing","floor":24,"turns":7},{"damage":11,"enemies":"Snake Plant","floor":27,"turns":4},{"damage":25,"enemies":"Slavers","floor":28,"turns":6},{"damage":0,"enemies":"Cultist and Chosen","floor":29,"turns":3},{"damage":26,"enemies":"Gremlin Leader","floor":31,"turns":5},{"damage":13,"enemies":"Champ","floor":33,"turns":8},{"damage":5,"enemies":"3 Shapes","floor":35,"turns":7},{"damage":19,"enemies":"3 Darklings","floor":38,"turns":7},{"damage":125,"enemies":"2 Orb Walkers","floor":39,"turns":5}],"seed_played":"-63299112120174744","potions_obtained":[{"floor":2,"key":"BloodPotion"},{"floor":3,"key":"Dexterity Potion"},{"floor":16,"key":"SkillPotion"},{"floor":18,"key":"BloodPotion"},{"floor":19,"key":"Swift Potion"},{"floor":24,"key":"SkillPotion"},{"floor":29,"key":"SneckoOil"}],"is_trial":false,"path_per_floor":["M","M","M","M","$","E","R","E","T","?","E","M","?","M","R","B",null,"M","M","?","T","?","R","E","R","T","M","E","M","?","E","R","B",null,"M","$","?","M","?"],"character_chosen":"IRONCLAD","items_purchased":["Feed","Dark Embrace","Strange Spoon","Ancient Potion"],"campfire_rested":0,"item_purchase_floors":[5,36,36,36],"current_hp_per_floor":[67,67,67,67,67,31,31,31,31,31,28,38,38,41,41,31,75,71,60,60,60,60,60,57,57,57,62,52,52,22,56,56,68,97,107,107,107,102,0,0],"gold":39,"neow_bonus":"BOSS_RELIC","is_daily":false,"chose_seed":false,"campfire_upgraded":5,"win_rate":0.0,"timestamp":1608514619,"path_taken":["M","?","M","M","$","E","R","E","T","?","E","?","?","M","R","BOSS","M","?","?","?","?","R","E","R","T","M","E","?","?","E","R","BOSS","M","$","?","M","?"],"items_purchased_type":["Card","Card","Relic","Potion"],"build_version":"2020-12-18","purchased_purges":1,"victory":false,"max_hp_per_floor":[75,75,75,75,75,78,78,78,78,78,81,84,84,87,87,90,90,90,90,90,90,90,90,93,93,93,96,99,99,104,107,107,107,107,107,107,107,107,107,107],"card_choices":[{"not_picked":["Heavy Blade","Sever Soul"],"picked":"Combust","floor":1},{"not_picked":["Havoc","Flex"],"picked":"Ghostly Armor","floor":2},{"not_picked":["Dropkick","Dual Wield"],"picked":"Spot Weakness","floor":3},{"not_picked":["Heavy Blade","Flex","Clash"],"picked":"SKIP","floor":4},{"not_picked":["Shrug It Off","Feel No Pain"],"picked":"Fiend Fire","floor":6},{"not_picked":["Armaments","Limit Break"],"picked":"Reaper","floor":8},{"not_picked":["Thunderclap","Heavy Blade"],"picked":"Disarm","floor":11},{"not_picked":["Heavy Blade","Wild Strike","True Grit"],"picked":"SKIP","floor":12},{"not_picked":["Twin Strike","Body Slam"],"picked":"Metallicize","floor":14},{"not_picked":["Impervious","Corruption"],"picked":"Demon Form","floor":16},{"not_picked":["Bloodletting","Pommel Strike"],"picked":"Feel No Pain","floor":18},{"not_picked":["Pommel Strike","Dropkick"],"picked":"Battle Trance","floor":19},{"not_picked":["Ghostly Armor","Metallicize+1","Bludgeon"],"picked":"SKIP","floor":24},{"not_picked":["Wild Strike","Fire Breathing"],"picked":"Headbutt","floor":27},{"not_picked":["Thunderclap","Pummel"],"picked":"Shrug It Off","floor":28},{"not_picked":["Whirlwind","Armaments"],"picked":"Sword Boomerang","floor":29},{"not_picked":["Carnage","Evolve"],"picked":"Power Through","floor":31},{"not_picked":["Fiend Fire","Double Tap"],"picked":"Impervious","floor":33},{"not_picked":["Havoc+1","Sword Boomerang","Metallicize"],"picked":"SKIP","floor":35},{"not_picked":["Iron Wave","Carnage","Havoc+1"],"picked":"SKIP","floor":38}],"player_experience":1698066,"relics_obtained":[{"floor":6,"key":"Pen Nib"},{"floor":8,"key":"StrikeDummy"},{"floor":9,"key":"Bag of Marbles"},{"floor":11,"key":"Happy Flower"},{"floor":21,"key":"Anchor"},{"floor":24,"key":"CeramicFish"},{"floor":26,"key":"Meat on the Bone"},{"floor":28,"key":"FossilizedHelix"},{"floor":31,"key":"Unceasing Top"},{"floor":34,"key":"Lantern"},{"floor":34,"key":"Toxic Egg 2"},{"floor":34,"key":"Turnip"}],"event_choices":[{"cards_removed":["Strike_R"],"damage_healed":0,"gold_gain":0,"player_choice":"Purged","damage_taken":0,"max_hp_gain":0,"max_hp_loss":0,"event_name":"Purifier","floor":10,"gold_loss":0},{"damage_healed":0,"gold_gain":0,"cards_transformed":["Strike_R"],"player_choice":"Transformed","damage_taken":0,"max_hp_gain":0,"max_hp_loss":0,"event_name":"Transmorgrifier","floor":13,"gold_loss":0,"cards_obtained":["Heavy Blade"]},{"damage_healed":0,"gold_gain":0,"player_choice":"Inject Mutagens","damage_taken":0,"relics_obtained":["MutagenicStrength"],"max_hp_gain":0,"max_hp_loss":0,"event_name":"Drug Dealer","floor":20,"gold_loss":0},{"damage_healed":0,"gold_gain":0,"player_choice":"Paid Gold","damage_taken":0,"relics_obtained":["Art of War"],"max_hp_gain":0,"max_hp_loss":0,"event_name":"WeMeetAgain","floor":22,"gold_loss":127},{"damage_healed":0,"gold_gain":0,"player_choice":"Shed Blood","damage_taken":35,"max_hp_gain":5,"max_hp_loss":0,"event_name":"Forgotten Altar","floor":30,"gold_loss":0},{"cards_removed":["Ghostly Armor"],"damage_healed":0,"gold_gain":0,"player_choice":"Removed Skill","damage_taken":0,"max_hp_gain":0,"max_hp_loss":0,"event_name":"Falling","floor":37,"gold_loss":0},{"damage_healed":0,"gold_gain":0,"player_choice":"Fight","damage_taken":0,"max_hp_gain":0,"max_hp_loss":0,"event_name":"Mysterious Sphere","floor":39,"gold_loss":0}],"is_beta":true,"boss_relics":[{"not_picked":["Astrolabe","SacredBark"],"picked":"Velvet Choker"},{"not_picked":["Philosopher\u0027s Stone","Coffee Dripper"],"picked":"Calling Bell"}],"items_purged_floors":[36],"is_endless":false,"potions_floor_spawned":[2,3,4,16,18,19,24,29],"killed_by":"2 Orb Walkers","ascension_level":20}}