{"host":"5jn3rki867005t18","time":1608548715,"event":{"mods":["2.2 Compatiblity","AchievementEnabler","BaseMod","Colored Map","DeckTracker","Minty Spire (QoL Compilation)","Permanent Neow","Rare Cards Sparkle","StSLib","SuperFastMode"],"gold_per_floor":[117,94,111,111,128,154,154,188,213,213,223,241,241,259,259,358,358,377,387,91,16,32,32,66,66,91,91,109,123,23,33,33,133,133,148,0,0,16,16,16,64,64,64],"floor_reached":42,"playtime":2194,"items_purged":["Strike_R","Strike_R"],"score":453,"play_id":"66028f1c-ace1-4d25-bea4-13ea5b8a6648","local_time":"20201221200515","is_ascension_mode":false,"campfire_choices":[{"data":"Rage","floor":7,"key":"SMITH"},{"floor":10,"key":"REST"},{"data":"Warcry","floor":15,"key":"SMITH"},{"floor":23,"key":"REST"},{"floor":25,"key":"REST"},{"data":"Dual Wield","floor":27,"key":"SMITH"},{"floor":32,"key":"REST"},{"data":"Rage","floor":40,"key":"SMITH"}],"circlet_count":0,"master_deck":["Strike_R","Defend_R","Defend_R","Defend_R","Defend_R","Bash","Shockwave","Clothesline","Pommel Strike","Rage+1","Clash","Clash","Intimidate","Flex","Thunderclap","Warcry+1","Offering","Twin Strike+1","Iron Wave","Rage+1","Clash","Headbutt+1","Dual Wield+1","Sentinel","Impervious","Headbutt","Clash","Feel No Pain+1","Demon Form","Burning Pact+1","Reaper","Battle Trance"],"relics":["Black Blood","Juzu Bracelet","Regal Pillow","Ancient Tea Set","Red Skull","Dream Catcher","MealTicket","Strawberry","Runic Cube","Red Mask","Toy Ornithopter"],"acts_visited":["Exordium","TheCity","TheBeyond"],"potions_floor_usage":[16,16,29,33,33,33],"damage_taken":[{"damage":6,"enemies":"Cultist","floor":1,"turns":4},{"damage":6,"enemies":"2 Louse","floor":3,"turns":3},{"damage":8,"enemies":"Jaw Worm","floor":5,"turns":4},{"damage":31,"enemies":"Lagavulin","floor":6,"turns":7},{"damage":29,"enemies":"3 Sentries","floor":8,"turns":7},{"damage":6,"enemies":"2 Fungi Beasts","floor":11,"turns":3},{"damage":9,"enemies":"Looter","floor":12,"turns":4},{"damage":16,"enemies":"Exordium Thugs","floor":14,"turns":5},{"damage":31,"enemies":"Slime Boss","floor":16,"turns":12},{"damage":18,"enemies":"Chosen","floor":18,"turns":6},{"damage":21,"enemies":"2 Thieves","floor":19,"turns":4},{"damage":33,"enemies":"Shelled Parasite and Fungi","floor":22,"turns":6},{"damage":68,"enemies":"Slavers","floor":24,"turns":6},{"damage":10,"enemies":"Centurion and Healer","floor":28,"turns":3},{"damage":50,"enemies":"3 Cultists","floor":29,"turns":7},{"damage":27,"enemies":"Snake Plant","floor":31,"turns":4},{"damage":49,"enemies":"Champ","floor":33,"turns":13},{"damage":31,"enemies":"Orb Walker","floor":35,"turns":5},{"damage":72,"enemies":"3 Darklings","floor":38,"turns":8},{"damage":110,"enemies":"Transient","floor":42,"turns":5}],"seed_played":"-3975780150969811330","potions_obtained":[{"floor":1,"key":"BlessingOfTheForge"},{"floor":6,"key":"ColorlessPotion"},{"floor":11,"key":"Fire Potion"},{"floor":12,"key":"LiquidBronze"},{"floor":16,"key":"Weak Potion"},{"floor":19,"key":"LiquidMemories"},{"floor":24,"key":"FearPotion"},{"floor":28,"key":"CultistPotion"},{"floor":31,"key":"LiquidMemories"},{"floor":38,"key":"AttackPotion"}],"is_trial":false,"path_per_floor":["M","$","M","?","M","E","R","E","T","R","M","M","?","M","R","B",null,"M","M","$","?","M","R","E","R","T","R","M","M","$","M","R","B",null,"M","?","?","M","?","R","T","M"],"character_chosen":"IRONCLAD","items_purchased":["Pommel Strike","Rage","Dream Catcher"],"campfire_rested":4,"item_purchase_floors":[2,20,20],"current_hp_per_floor":[80,80,80,80,78,53,53,30,30,69,69,66,66,56,56,31,80,74,65,65,65,44,80,24,63,70,70,72,34,49,34,75,38,87,68,68,68,16,87,87,87,0,0],"gold":64,"neow_bonus":"THREE_CARDS","is_daily":false,"chose_seed":false,"campfire_upgraded":4,"win_rate":0.0,"timestamp":1608548715,"path_taken":["M","?","M","?","M","E","R","E","T","R","M","M","?","M","R","BOSS","M","M","?","?","M","R","E","R","T","R","M","M","?","M","R","BOSS","M","?","?","M","?","R","?","M"],"items_purchased_type":["Card","Card","Relic"],"build_version":"2020-12-13","purchased_purges":2,"victory":false,"max_hp_per_floor":[80,80,80,80,80,80,80,80,80,80,80,80,80,80,80,80,80,80,80,80,80,80,80,80,80,87,87,87,87,87,87,87,87,87,87,87,87,87,87,87,87,87,87],"card_choices":[{"not_picked":["Power Through","Warcry"],"picked":"Shockwave","floor":0},{"not_picked":["Metallicize","Cleave"],"picked":"Clothesline","floor":1},{"not_picked":["Clash","Havoc"],"picked":"Rage","floor":3},{"not_picked":["Shrug It Off","Headbutt"],"picked":"Clash","floor":5},{"not_picked":["Double Tap","Searing Blow"],"picked":"Clash","floor":6},{"not_picked":["True Grit","Second Wind"],"picked":"Intimidate","floor":8},{"not_picked":["Perfected Strike","Clothesline"],"picked":"Flex","floor":11},{"not_picked":["Anger","Second Wind"],"picked":"Thunderclap","floor":12},{"not_picked":["Reckless Charge","Fiend Fire"],"picked":"Warcry","floor":14},{"not_picked":["Limit Break","Demon Form"],"picked":"Offering","floor":16},{"not_picked":["Disarm+1","Wild Strike+1"],"picked":"Twin Strike+1","floor":18},{"not_picked":["Shockwave","Intimidate"],"picked":"Iron Wave","floor":19},{"not_picked":["Flex","Clothesline"],"picked":"Clash","floor":22},{"not_picked":["Warcry+1","Evolve"],"picked":"Headbutt+1","floor":23},{"not_picked":["Reckless Charge+1","Flex"],"picked":"Dual Wield","floor":24},{"not_picked":["Wild Strike","Sword Boomerang+1"],"picked":"Sentinel","floor":25},{"not_picked":["Anger","Thunderclap"],"picked":"Impervious","floor":28},{"not_picked":["Cleave","Sever Soul"],"picked":"Headbutt","floor":29},{"not_picked":["Clothesline","Second Wind"],"picked":"Clash","floor":31},{"not_picked":["Havoc","Thunderclap"],"picked":"Feel No Pain+1","floor":32},{"not_picked":["Feed","Immolate"],"picked":"Demon Form","floor":33},{"not_picked":["Cleave","Combust"],"picked":"Burning Pact+1","floor":35},{"not_picked":["Wild Strike","Ghostly Armor+1"],"picked":"Battle Trance","floor":38}],"player_experience":34712,"relics_obtained":[{"floor":6,"key":"Regal Pillow"},{"floor":8,"key":"Ancient Tea Set"},{"floor":9,"key":"Red Skull"},{"floor":24,"key":"MealTicket"},{"floor":26,"key":"Strawberry"},{"floor":41,"key":"Toy Ornithopter"}],"event_choices":[{"damage_healed":0,"gold_gain":0,"player_choice":"Box","damage_taken":0,"relics_obtained":["Juzu Bracelet"],"max_hp_gain":0,"max_hp_loss":0,"event_name":"Big Fish","floor":4,"gold_loss":0,"cards_obtained":["Regret"]},{"cards_removed":["Regret"],"damage_healed":0,"gold_gain":0,"player_choice":"Purged","damage_taken":0,"max_hp_gain":0,"max_hp_loss":0,"event_name":"Purifier","floor":13,"gold_loss":0},{"cards_removed":["Strike_R"],"damage_healed":0,"gold_gain":0,"player_choice":"Gave Gold","damage_taken":0,"max_hp_gain":0,"max_hp_loss":0,"event_name":"Beggar","floor":21,"gold_loss":75},{"damage_healed":0,"gold_gain":0,"player_choice":"Paid","damage_taken":0,"relics_obtained":["Red Mask"],"max_hp_gain":0,"max_hp_loss":0,"event_name":"Tomb of Lord Red Mask","floor":36,"gold_loss":148},{"damage_healed":0,"gold_gain":0,"cards_transformed":["Strike_R"],"player_choice":"Transformed","damage_taken":0,"max_hp_gain":0,"max_hp_loss":0,"event_name":"Transmorgrifier","floor":37,"gold_loss":0,"cards_obtained":["Reaper"]},{"damage_healed":71,"gold_gain":0,"player_choice":"Full Heal","damage_taken":0,"max_hp_gain":0,"max_hp_loss":0,"event_name":"Wheel of Change","floor":39,"gold_loss":0}],"is_beta":false,"boss_relics":[{"not_picked":["Runic Dome","Snecko Eye"],"picked":"Black Blood"},{"not_picked":["Astrolabe","SacredBark"],"picked":"Runic Cube"}],"items_purged_floors":[20,30],"is_endless":false,"potions_floor_spawned":[1,6,11,12,14,16,19,24,28,31,38],"killed_by":"Transient","ascension_level":0}}