{"host":"m6aaltr68g9tvoay","time":1608587764,"event":{"mods":["AchievementEnabler","BaseMod","Colored Map","Minty Spire (QoL Compilation)","StSLib"],"gold_per_floor":[144,189,189,39,84,174,269,326,338,350,452,559,661,718,730,1042,1054,1111,598,643,688,733,733,823,823,848,898,988,1038,512,557,557,857,857,902,302,352,102,302,392,437,482,507,557,602,692,742,787,787,787],"floor_reached":51,"playtime":1623,"items_purged":["Brutality"],"score":1044,"play_id":"9bf73226-759b-43b1-ad9b-29e0cfd4ce2f","local_time":"20201221135604","daily_mods":["Shiny","Vintage","Midas"],"is_ascension_mode":false,"campfire_choices":[{"floor":10,"key":"REST"},{"floor":15,"key":"REST"},{"floor":23,"key":"REST"},{"floor":25,"key":"REST"},{"floor":32,"key":"REST"},{"floor":49,"key":"REST"}],"circlet_count":0,"master_deck":["Double Tap","Demon Form","Bludgeon","Feed","Limit Break","Corruption","Barricade","Fiend Fire","Impervious+1","Juggernaut","Reaper","Exhume","Offering+1","Immolate","Impervious","Sword Boomerang","CurseOfTheBell","Shrug It Off","Rage+1","Inflame+1","Rupture+1","Fire Breathing+1","Whirlwind+1","Flame Barrier+1","Bloodletting+1","Metallicize+1"],"relics":["Burning Blood","Bottled Flame","Pen Nib","SsserpentHead","Strange Spoon","Tiny Chest","Singing Bowl","MawBank","StoneCalendar","Anchor","Bag of Preparation","Torii","PreservedInsect","Bronze Scales","Calling Bell","Juzu Bracelet","Ornamental Fan","Charon\u0027s Ashes","MealTicket","StrikeDummy","Blood Vial","Paper Frog","Frozen Egg 2","Toxic Egg 2","Art of War","Strawberry","Mummified Hand","Mercury Hourglass","Meat on the Bone","Oddly Smooth Stone","Chemical X","Happy Flower","Regal Pillow","Philosopher\u0027s Stone","Omamori","Lee\u0027s Waffle","Bag of Marbles","Turnip","Thread and Needle","Prayer Wheel","Bottled Lightning","Orichalcum","War Paint","White Beast Statue","Shovel","Vajra","Dream Catcher"],"acts_visited":["Exordium","TheCity","TheBeyond"],"potions_floor_usage":[11,13,33,50,50,50],"damage_taken":[{"damage":20,"enemies":"Jaw Worm","floor":1,"turns":4},{"damage":6,"enemies":"Cultist","floor":2,"turns":3},{"damage":0,"enemies":"Small Slimes","floor":5,"turns":1},{"damage":0,"enemies":"3 Sentries","floor":6,"turns":1},{"damage":13,"enemies":"Exordium Thugs","floor":7,"turns":2},{"damage":16,"enemies":"Looter","floor":8,"turns":2},{"damage":20,"enemies":"Gremlin Nob","floor":11,"turns":3},{"damage":0,"enemies":"2 Fungi Beasts","floor":12,"turns":1},{"damage":18,"enemies":"Lagavulin","floor":13,"turns":3},{"damage":0,"enemies":"3 Louse","floor":14,"turns":1},{"damage":7,"enemies":"Slime Boss","floor":16,"turns":6},{"damage":16,"enemies":"Shell Parasite","floor":18,"turns":3},{"damage":20,"enemies":"Spheric Guardian","floor":20,"turns":3},{"damage":0,"enemies":"Snake Plant","floor":21,"turns":3},{"damage":6,"enemies":"Centurion and Healer","floor":22,"turns":3},{"damage":22,"enemies":"Book of Stabbing","floor":24,"turns":4},{"damage":0,"enemies":"Slavers","floor":28,"turns":1},{"damage":1,"enemies":"3 Cultists","floor":31,"turns":3},{"damage":46,"enemies":"Champ","floor":33,"turns":7},{"damage":8,"enemies":"3 Darklings","floor":35,"turns":4},{"damage":6,"enemies":"Mind Bloom Boss Battle","floor":39,"turns":3},{"damage":6,"enemies":"Giant Head","floor":40,"turns":4},{"damage":6,"enemies":"Orb Walker","floor":41,"turns":1},{"damage":16,"enemies":"Spire Growth","floor":42,"turns":3},{"damage":0,"enemies":"4 Shapes","floor":45,"turns":2},{"damage":6,"enemies":"Reptomancer","floor":46,"turns":1},{"damage":13,"enemies":"Writhing Mass","floor":48,"turns":3},{"damage":58,"enemies":"Time Eater","floor":50,"turns":8}],"seed_played":"7329645460642280970","potions_obtained":[{"floor":1,"key":"Energy Potion"},{"floor":2,"key":"FearPotion"},{"floor":8,"key":"EssenceOfSteel"},{"floor":11,"key":"SneckoOil"},{"floor":16,"key":"Swift Potion"},{"floor":20,"key":"LiquidBronze"},{"floor":40,"key":"SmokeBomb"},{"floor":41,"key":"Regen Potion"},{"floor":46,"key":"Strength Potion"}],"is_trial":false,"path_per_floor":["M","M","?","$","M","E","M","M","T","R","E","M","E","M","R","B",null,"M","$","M","M","M","R","E","R","T","?","E","T","$","M","R","B",null,"M","$","?","$","?","E","M","M","T","T","M","E","?","M","R","B",null],"character_chosen":"IRONCLAD","items_purchased":["Strange Spoon","StrikeDummy","Blood Vial","Shrug It Off","Oddly Smooth Stone","Chemical X","Happy Flower","Inflame+1","Lee\u0027s Waffle","Bag of Marbles","Turnip","Thread and Needle"],"campfire_rested":6,"item_purchase_floors":[4,19,19,19,30,30,30,30,36,36,36,38],"current_hp_per_floor":[66,66,66,66,75,81,77,71,71,86,83,89,79,85,91,96,96,86,96,82,90,92,96,82,98,105,105,105,105,105,105,105,67,107,105,114,114,114,114,114,114,104,104,104,114,114,114,113,114,74],"gold":787,"neow_bonus":"","is_daily":true,"chose_seed":false,"campfire_upgraded":0,"win_rate":0.0,"timestamp":1608587764,"path_taken":["M","M","?","$","M","E","?","M","T","R","E","?","E","M","R","BOSS","M","$","M","M","M","R","E","R","T","?","E","?","$","M","R","BOSS","M","$","?","?","?","E","M","M","T","?","M","E","?","M","R","BOSS"],"items_purchased_type":["Relic","Relic","Relic","Card","Relic","Relic","Relic","Card","Relic","Relic","Relic","Relic"],"build_version":"2020-12-13","purchased_purges":1,"victory":true,"max_hp_per_floor":[80,80,80,80,83,83,86,86,86,86,89,89,91,91,91,96,96,96,96,96,96,96,96,98,98,105,105,105,105,105,105,105,107,107,107,114,114,114,114,114,114,114,114,114,114,114,114,114,114,114],"card_choices":[{"not_picked":["Armaments","Body Slam"],"picked":"Impervious","floor":6},{"not_picked":["Wild Strike","Inflame"],"picked":"Sword Boomerang","floor":11},{"not_picked":["Pummel","Iron Wave","Fiend Fire"],"picked":"Singing Bowl","floor":13},{"not_picked":["Fiend Fire","Berserk","Immolate"],"picked":"Singing Bowl","floor":16},{"not_picked":["Body Slam+1","Reckless Charge","Thunderclap+1"],"picked":"Singing Bowl","floor":24},{"not_picked":["Havoc+1","Clash"],"picked":"Rage+1","floor":28},{"not_picked":["Corruption+1","Juggernaut+1","Fiend Fire"],"picked":"Singing Bowl","floor":33},{"not_picked":["Cleave+1","Battle Trance+1"],"picked":"Fire Breathing+1","floor":39},{"not_picked":["Iron Wave+1","Combust+1"],"picked":"Whirlwind+1","floor":40},{"not_picked":["True Grit+1","Cleave+1"],"picked":"Flame Barrier+1","floor":46},{"not_picked":["Clothesline","Flame Barrier+1"],"picked":"Metallicize+1","floor":49}],"player_experience":1275449,"relics_obtained":[{"floor":1,"key":"Bottled Flame"},{"floor":2,"key":"Pen Nib"},{"floor":5,"key":"Tiny Chest"},{"floor":6,"key":"Singing Bowl"},{"floor":7,"key":"MawBank"},{"floor":8,"key":"StoneCalendar"},{"floor":9,"key":"Anchor"},{"floor":11,"key":"Bag of Preparation"},{"floor":12,"key":"Torii"},{"floor":13,"key":"PreservedInsect"},{"floor":14,"key":"Bronze Scales"},{"floor":17,"key":"Juzu Bracelet"},{"floor":17,"key":"Ornamental Fan"},{"floor":17,"key":"Charon\u0027s Ashes"},{"floor":18,"key":"MealTicket"},{"floor":20,"key":"Paper Frog"},{"floor":21,"key":"Frozen Egg 2"},{"floor":22,"key":"Toxic Egg 2"},{"floor":24,"key":"Art of War"},{"floor":26,"key":"Strawberry"},{"floor":27,"key":"Mummified Hand"},{"floor":28,"key":"Mercury Hourglass"},{"floor":29,"key":"Meat on the Bone"},{"floor":31,"key":"Regal Pillow"},{"floor":35,"key":"Omamori"},{"floor":39,"key":"Prayer Wheel"},{"floor":40,"key":"Bottled Lightning"},{"floor":41,"key":"Orichalcum"},{"floor":43,"key":"War Paint"},{"floor":44,"key":"White Beast Statue"},{"floor":45,"key":"Shovel"},{"floor":46,"key":"Vajra"},{"floor":48,"key":"Dream Catcher"}],"event_choices":[{"damage_healed":0,"gold_gain":0,"player_choice":"Trade","damage_taken":0,"relics_obtained":["SsserpentHead"],"max_hp_gain":0,"max_hp_loss":0,"event_name":"FaceTrader","floor":3,"gold_loss":0},{"damage_healed":0,"gold_gain":0,"player_choice":"Relic","damage_taken":0,"max_hp_gain":0,"max_hp_loss":0,"event_name":"Wheel of Change","floor":27,"gold_loss":0},{"damage_healed":0,"gold_gain":0,"player_choice":"1 cards matched","damage_taken":0,"max_hp_gain":0,"max_hp_loss":0,"event_name":"Match and Keep!","floor":37,"gold_loss":0,"cards_obtained":["Rupture"]},{"damage_healed":0,"gold_gain":0,"player_choice":"Fight","damage_taken":0,"max_hp_gain":0,"max_hp_loss":0,"event_name":"MindBloom","floor":39,"gold_loss":0},{"damage_healed":0,"gold_gain":0,"cards_transformed":["Berserk"],"player_choice":"Transformed","damage_taken":0,"max_hp_gain":0,"max_hp_loss":0,"event_name":"Transmorgrifier","floor":47,"gold_loss":0,"cards_obtained":["Bloodletting"]}],"is_beta":false,"boss_relics":[{"not_picked":["Runic Dome","Black Star"],"picked":"Calling Bell"},{"not_picked":["Astrolabe","Runic Pyramid"],"picked":"Philosopher\u0027s Stone"}],"items_purged_floors":[19],"is_endless":false,"potions_floor_spawned":[1,2,8,11,12,16,20,24,28,40,41,45,46,48],"ascension_level":0}}