{"host":"r3eb5kff0hcmimdq","time":1608559613,"event":{"mods":["Act Like it!","BaseMod","Colored Powertips","Highlight Path","Luminous","Marisa£®ÏF”Í°°ƒß¿Ì…≥£©","Minty Spire (QoL Compilation)","MostiFishMod","Replay The Spire","Shop Mod","Spicy Shops","StSLib","WarShipGirlsR/’ΩΩ¢…Ÿ≈ÆR mod","Youmu£®ªÍ∆«—˝√Œ£©","Yuyuko","noobMod","°æ“≈ŒÔø®≈∆°øREMEMod"],"gold_per_floor":[113,38,213,228,239,239,253,253,253,253,273,2,2,2,2,98,98,309,522,231,231,231,231,450,450,450,368,74,288,300,316,316,421,421,439,451,520,530,579,579,611,10,34,66,66,116,96,106,106,106],"floor_reached":51,"playtime":1365,"items_purged":["Luminous:Light_Flash_Shower","Decay","Hallucinations","Clumsy","Luminous:Defend_Luminous","Luminous:Defend_Luminous"],"score":1097,"play_id":"40219e06-4ae5-40d8-826d-3ef97d99905c","local_time":"20201221220653","is_ascension_mode":false,"campfire_choices":[{"data":"Luminous:Mana_Well_Luminous","floor":6.0,"key":"SMITH"},{"data":"Shame","floor":13.0,"key":"PURGE"},{"data":"Doubt","floor":15.0,"key":"PURGE"},{"data":"Luminous:Dark_Abyssal_Drop","floor":23.0,"key":"PURGE"},{"data":"Sickly","floor":32,"key":"PURGE"},{"data":"Luminous:Defend_Luminous","floor":40,"key":"PURGE"},{"data":"Grand Finale","floor":49,"key":"PURGE"}],"circlet_count":0,"master_deck":["Luminous:Light_Flash_Shower","Luminous:Light_Flash_Shower+1","Luminous:Dark_Abyssal_Drop+1","Luminous:Dark_Abyssal_Drop","Luminous:Switch_Luminous","Luminous:Mana_Well_Luminous+1","Luminous:Dark_Apocalypse+1","Luminous:Lania_Blessing_Luminous+1","Luminous:Dark_Apocalypse+1"],"relics":["Luminous:MirrorRelic","ice","DaveBox","REME_ComplimentaryCards","PatriotShield","Question Card","MerchantsRug","Peace Pipe","ReplayTheSpireMod:CursedCoin","FaceOfCleric","ImportantClient","Philosopher\u0027s Stone","Coffee Dripper","REME_DemonsWealth","ShadowXiaoBlade","REME_HandOfSuture","Technique","RhineSuit","Anchor","CatCart","The Courier","Bag of Marbles","PreservedInsect","Chemical X","SynthV:C4","ReplayTheSpireMod:TigerMarble","Boot","REME_PuzzleBoxRelic","Lee\u0027s Waffle"],"acts_visited":["Exordium","TheCity","TheBeyond"],"potions_floor_usage":[],"damage_taken":[{"damage":1.0,"enemies":"Jaw Worm","floor":1.0,"turns":2.0},{"damage":1.0,"enemies":"2 Louse","floor":4.0,"turns":2.0},{"damage":1.0,"enemies":"Small Slimes","floor":5.0,"turns":2.0},{"damage":1.0,"enemies":"Gremlin Gang","floor":7.0,"turns":2.0},{"damage":1.0,"enemies":"Blue Slaver","floor":11.0,"turns":1.0},{"damage":1.0,"enemies":"Slime Boss","floor":16.0,"turns":3.0},{"damage":1.0,"enemies":"Shell Parasite","floor":18.0,"turns":2.0},{"damage":0.0,"enemies":"3 Byrds","floor":19.0,"turns":3.0},{"damage":0.0,"enemies":"3 Cultists","floor":24.0,"turns":1.0},{"damage":0,"enemies":"Centurion and Healer","floor":27,"turns":1},{"damage":0,"enemies":"Snake Plant","floor":29,"turns":2},{"damage":0,"enemies":"3 Cultists","floor":30,"turns":1},{"damage":0,"enemies":"Cultist and Chosen","floor":31,"turns":1},{"damage":0,"enemies":"Collector","floor":33,"turns":3},{"damage":9,"enemies":"3 Shapes","floor":35,"turns":1},{"damage":0,"enemies":"Orb Walker","floor":36,"turns":1},{"damage":0,"enemies":"Sphere and 2 Shapes","floor":38,"turns":1},{"damage":0,"enemies":"Orin","floor":39,"turns":3},{"damage":1,"enemies":"R_Hoarder","floor":41,"turns":2},{"damage":1,"enemies":"Reptomancer","floor":44,"turns":1},{"damage":0,"enemies":"Mind Bloom Boss Battle","floor":46,"turns":1},{"damage":0,"enemies":"3 Darklings","floor":48,"turns":1},{"damage":2,"enemies":"Time Eater","floor":50,"turns":1}],"seed_played":"-6647109139580167978","potions_obtained":[{"floor":4.0,"key":"Dexterity Potion"},{"floor":7.0,"key":"PowerPotion"},{"floor":24.0,"key":"Milkshake"},{"floor":29,"key":"SkillPotion"},{"floor":31,"key":"ColorlessPotion"},{"floor":44,"key":"Doom Potion"},{"floor":46,"key":"Milkshake"}],"is_trial":false,"path_per_floor":["M","$","?","M","M","R","M","?","T","?","M","$","R","?","R","B",null,"M","M","$","?","?","R","M","?","T","M","$","M","M","M","R","B",null,"M","M","?","M","?","R","E","$","T","E","?","?","$","M","R","B",null],"character_chosen":"LuminousClass","items_purchased":["MerchantsRug","Peace Pipe","ReplayTheSpireMod:CursedCoin","Luminous:Dark_Apocalypse","Replay:Baseball","Ornamental Fan","REME_HandOfSuture","Technique","Bag of Marbles","PreservedInsect","Chemical X","SynthV:C4","ReplayTheSpireMod:TigerMarble","Lee\u0027s Waffle"],"campfire_rested":0,"item_purchase_floors":[12,12,12,12,20,20,28,28,42,42,42,42,42,47],"current_hp_per_floor":[74,74,74,73,72,72,75,75,75,75,74,74,74,74,74,76,76,77,78,78,78,78,78,79,79,79,80,80,81,82,83,83,84,84,76,77,56,57,63,63,63,63,63,63,63,64,98,99,99,98],"gold":106,"neow_bonus":"REMOVE_CARD","is_daily":false,"chose_seed":false,"campfire_upgraded":1,"win_rate":0.0,"timestamp":1608559613,"path_taken":["M","$","?","M","M","R","M","?","T","?","?","$","R","?","R","BOSS","M","?","$","?","?","R","?","?","T","?","$","M","M","M","R","BOSS","M","M","?","?","?","R","E","$","T","E","?","?","$","M","R","BOSS"],"items_purchased_type":["Relic","Relic","Relic","Card","Relic","Relic","Relic","Relic","Relic","Relic","Relic","Relic","Relic","Relic"],"build_version":"2020-12-13","purchased_purges":6,"victory":true,"max_hp_per_floor":[75,75,75,75,75,75,75,75,75,75,75,75,75,75,75,76,76,77,78,78,78,78,78,79,79,79,80,80,81,82,83,83,84,84,85,86,86,87,88,88,89,89,89,90,90,91,98,99,99,100],"card_choices":[{"not_picked":["Luminous:Concentrate_Luminous","Luminous:Light_Wash_Luminous","Luminous:Light_Glare"],"picked":"SKIP","floor":1.0},{"not_picked":["Luminous:Blinding_Pillar_Luminous","Luminous:Dark_Extract","Luminous:Light_Gather"],"picked":"Luminous:Light_Ray_of_Redemption","floor":4.0},{"not_picked":["Luminous:Light_Glare","Luminous:Dark_Dim_Erosion","Luminous:Balance_Ender"],"picked":"Luminous:Mana_Well_Luminous","floor":5.0},{"not_picked":["Luminous:Light_Sylvan_Lance","Luminous:Reverse_Spell_Luminous","Luminous:Hero_Will_Luminous","Luminous:Light_Ray_of_Redemption"],"picked":"SKIP","floor":7.0},{"not_picked":["Luminous:Concentrate_Luminous","Luminous:Light_Sylvan_Lance","Luminous:Mana_Overload_Luminous","Luminous:Light_Glare"],"picked":"SKIP","floor":11.0},{"not_picked":["Luminous:Mirror_Force_Luminous","Luminous:Equalize_Luminous","Luminous:Date_of_Light_Luminous"],"picked":"Luminous:Lania_Blessing_Luminous","floor":16.0},{"not_picked":["Luminous:Dark_Arcane_Pitch","Luminous:Dark_Morning_Star","Luminous:Dark_Pressure_Void","Luminous:Chase_Spell_Luminous"],"picked":"ReplayTheSpireMod:IOU","floor":18.0},{"not_picked":["Luminous:Light_Gather","Luminous:Sympathy_Luminous+1","Luminous:Dark_Extract","Luminous:Darkness_Mastery_Luminous"],"picked":"Hallucinations","floor":19.0},{"not_picked":["Luminous:Tune_Luminous","Luminous:Concentrate_Luminous","Luminous:Dark_Raid","Luminous:Flash_Blink_Luminous"],"picked":"Clumsy","floor":24.0},{"not_picked":["Luminous:Dark_Morning_Star","Luminous:Accumulation_Luminous","Luminous:Reverse_Spell_Luminous+1","Luminous:Light_Gather","Parasite"],"picked":"SKIP","floor":27},{"not_picked":["Luminous:Dark_Raid","Luminous:Magic_Accelerate_Luminous","Luminous:Reverse_Spell_Luminous","Luminous:Light_Track+1"],"picked":"Sickly","floor":29},{"not_picked":["Luminous:Light_Gather","Luminous:Light_Glare","Luminous:Abyss_Heart_Luminous","Luminous:Ethereal_Form_Luminous","Regret"],"picked":"SKIP","floor":30},{"not_picked":["Luminous:Light_Disperse","Luminous:Dusk_Guard_Luminous","Luminous:Magic_Accelerate_Luminous","Luminous:Light_Glare","Shame"],"picked":"SKIP","floor":31},{"not_picked":["Luminous:Light_Gather+1","Luminous:Balance_Death_Scythe","Luminous:Light_Sylvan_Lance","Luminous:Chase_Spell_Luminous+1","Languid"],"picked":"SKIP","floor":35},{"not_picked":["Luminous:Concentrate_Luminous","Luminous:Flash_Blink_Luminous","Luminous:Dark_Dim_Erosion+1","Luminous:Light_Sylvan_Lance","Amnesia"],"picked":"SKIP","floor":36},{"not_picked":["Luminous:Chase_Spell_Luminous","Luminous:Dark_Raid+1","Luminous:Dark_Pressure_Void","Luminous:Photic_Meditation_Luminous+1","Sickly"],"picked":"SKIP","floor":38},{"not_picked":["Luminous:Accumulation_Luminous","Luminous:Light_Glare","Luminous:Dark_Dim_Erosion+1","Luminous:Dark_Pressure_Void","Pain"],"picked":"SKIP","floor":41},{"not_picked":["Luminous:Light_Sylvan_Lance","Luminous:Dark_Crescendo_Luminous","Luminous:Magic_Boost_Luminous+1","Luminous:Tune_Luminous+1","Pain"],"picked":"SKIP","floor":44},{"not_picked":["Luminous:Blinding_Pillar_Luminous+1","Luminous:Light_Reflection+1","Luminous:Magic_Boost_Luminous","Luminous:Mana_Well_Luminous+1","Regret"],"picked":"SKIP","floor":48}],"player_experience":167754,"relics_obtained":[{"floor":1.0,"key":"Question Card"},{"floor":9.0,"key":"Golden Egg"},{"floor":16.0,"key":"ImportantClient"},{"floor":37,"key":"Anchor"},{"floor":39,"key":"CatCart"},{"floor":41,"key":"The Courier"},{"floor":43,"key":"Boot"},{"floor":44,"key":"REME_PuzzleBoxRelic"},{"floor":46,"key":"StoneCalendar"}],"event_choices":[{"damage_healed":0.0,"max_hp_gain":0.0,"max_hp_loss":0.0,"gold_gain":175.0,"event_name":"Liars Game","player_choice":"AGREE","floor":3.0,"gold_loss":0.0,"damage_taken":0.0,"cards_obtained":["Doubt"]},{"damage_healed":0.0,"max_hp_gain":0.0,"max_hp_loss":0.0,"gold_gain":0.0,"event_name":"Upgrade Shrine","player_choice":"Upgraded","floor":10.0,"gold_loss":0.0,"damage_taken":0.0,"cards_upgraded":["Luminous:Light_Ray_of_Redemption"]},{"damage_healed":0.0,"max_hp_gain":0.0,"max_hp_loss":0.0,"gold_gain":0.0,"event_name":"FaceTrader","player_choice":"Trade","floor":14.0,"gold_loss":0.0,"damage_taken":0.0,"relics_obtained":["FaceOfCleric"]},{"damage_healed":0.0,"max_hp_gain":0.0,"max_hp_loss":0.0,"gold_gain":0.0,"event_name":"Duplicator","player_choice":"Copied","floor":22.0,"gold_loss":0.0,"damage_taken":0.0,"cards_obtained":["Luminous:Dark_Apocalypse"]},{"damage_healed":0,"gold_gain":0,"player_choice":"Ignored","damage_taken":0,"max_hp_gain":0,"max_hp_loss":0,"event_name":"The Mausoleum","floor":25,"gold_loss":0},{"damage_healed":0,"gold_gain":0,"player_choice":"Fight","damage_taken":0,"max_hp_gain":0,"max_hp_loss":0,"event_name":"OrinTheCat","floor":39,"gold_loss":0},{"cards_removed":["Luminous:Light_Ray_of_Redemption"],"damage_healed":0,"gold_gain":0,"player_choice":"Removed Attack","damage_taken":0,"max_hp_gain":0,"max_hp_loss":0,"event_name":"Falling","floor":45,"gold_loss":0},{"damage_healed":0,"gold_gain":0,"player_choice":"Fight","damage_taken":0,"max_hp_gain":0,"max_hp_loss":0,"event_name":"MindBloom","floor":46,"gold_loss":0}],"is_beta":false,"boss_relics":[{"not_picked":["Replay:Wanted Poster","SlaversCollar"],"picked":"Replay:Grab Bag"},{"not_picked":["Runic Dome","Fusion Hammer"],"picked":"Philosopher\u0027s Stone"},{"not_picked":["Cursed Key","ChewingGum"],"picked":"Coffee Dripper"},{"not_picked":["Snecko Eye","Honey Jar"],"picked":"REME_DemonsWealth"},{"not_picked":["Runic Pyramid","RhineFirstAidKit"],"picked":"ShadowXiaoBlade"},{"not_picked":["Abe\u0027s Treasure","MetatronsCube"],"picked":"RhineSuit"}],"items_purged_floors":[2,12,20,28,42,42],"is_endless":false,"potions_floor_spawned":[4,7,24,29,30,31,36,44,46],"ascension_level":0}}