{"host":"nukjzc0ca34w6eem","time":1608542138,"event":{"mods":["2.2 Compatiblity","AchievementEnabler","BaseMod","Colored Powertips","Downfall","Minty Spire (QoL Compilation)","StSLib"],"gold_per_floor":[99,117,132,132,132,3,3,14,42,42,53,66,26,45,58,58,58],"floor_reached":16,"playtime":1383,"items_purged":["sneckomod:Strike"],"score":160,"play_id":"75c739b4-eb69-4265-bb55-6b946103be09","local_time":"20201221011538","is_ascension_mode":true,"campfire_choices":[{"data":"sneckomod:DiceCrush","floor":1.0,"key":"SMITH"},{"data":"sneckomod:UnknownStrength","floor":10,"key":"SMITH"}],"circlet_count":0,"master_deck":["sneckomod:Strike","sneckomod:Strike","sneckomod:Defend","sneckomod:Defend","sneckomod:Defend","sneckomod:TailWhip","sneckomod:SnekBite","sneckomod:Unknown","sneckomod:Unknown","sneckomod:DiceCrush+1","sneckomod:DiceBlock","sneckomod:UnknownClassSLIMEBOUND","sneckomod:UnknownVulnerable","sneckomod:UnknownUncommonAttack","sneckomod:UnknownClassBLUE","sneckomod:UnknownStrength+1","sneckomod:UnknownExhaust","sneckomod:UnknownWeak","sneckomod:UnknownUncommonSkill","sneckomod:WideSting","sneckomod:UnknownClassBLUE","sneckomod:UnknownX"],"relics":["sneckomod:SneckoSoul","Singing Bowl","Bag of Preparation"],"acts_visited":["Exordium"],"potions_floor_usage":[9,9,12],"damage_taken":[{"damage":8.0,"enemies":"Jaw Worm","floor":2.0,"turns":2.0},{"damage":6.0,"enemies":"Cultist","floor":3.0,"turns":4.0},{"damage":16.0,"enemies":"downfall:FleeingMerchant","floor":6.0,"turns":4.0},{"damage":2,"enemies":"Small Slimes","floor":8,"turns":2},{"damage":0,"enemies":"Lagavulin","floor":9,"turns":2},{"damage":3,"enemies":"3 Louse","floor":11,"turns":3},{"damage":0,"enemies":"Gremlin Gang","floor":12,"turns":1},{"damage":4,"enemies":"downfall:FleeingMerchant","floor":13,"turns":4},{"damage":0,"enemies":"Large Slime","floor":14,"turns":2},{"damage":0,"enemies":"3 Louse","floor":15,"turns":2},{"damage":93,"enemies":"downfall:Defect","floor":16,"turns":11}],"seed_played":"326449041300772946","potions_obtained":[{"floor":2.0,"key":"Swift Potion"},{"floor":3.0,"key":"BlessingOfTheForge"},{"floor":5.0,"key":"Slimebound:ThreeZeroPotion"},{"floor":5.0,"key":"Block Potion"},{"floor":11,"key":"Energy Potion"},{"floor":14,"key":"Weak Potion"}],"is_trial":false,"path_per_floor":["R","M","M","?","?","$","T","M","E","R","M","M","$","M","M","B"],"character_chosen":"THE_SNECKO","items_purchased":["sneckomod:UnknownUncommonAttack","sneckomod:WideSting"],"campfire_rested":0,"item_purchase_floors":[6,13],"current_hp_per_floor":[90,82,77,82,82,83,83,82,83,83,83,84,85,86,87,0,0],"gold":58,"neow_bonus":"THREE_CARDS","is_daily":false,"chose_seed":false,"campfire_upgraded":2,"win_rate":0.0,"timestamp":1608542138,"path_taken":["R","M","M","?","?","$","T","M","E","R","M","?","?","M","M","BOSS"],"items_purchased_type":["Card","Card"],"build_version":"2020-12-13","purchased_purges":1,"victory":false,"max_hp_per_floor":[90,90,91,96,96,98,98,99,100,100,101,102,103,104,105,105,105],"card_choices":[{"not_picked":["sneckomod:IronFang","sneckomod:QuickMove"],"picked":"sneckomod:DiceCrush","floor":0.0},{"not_picked":["sneckomod:DiceCrush","sneckomod:QuickBite"],"picked":"sneckomod:DiceBlock","floor":2.0},{"not_picked":["sneckomod:SoulRoll","sneckomod:QuickMove"],"picked":"sneckomod:UnknownClassSLIMEBOUND","floor":3.0},{"not_picked":["sneckomod:DiceCrush","sneckomod:QuickBite"],"picked":"sneckomod:UnknownVulnerable","floor":6.0},{"not_picked":["sneckomod:Rotation","sneckomod:CheapStock"],"picked":"sneckomod:UnknownClassBLUE","floor":8},{"not_picked":["sneckomod:SoulRoll","sneckomod:Unknown3Cost"],"picked":"sneckomod:UnknownStrength","floor":9},{"not_picked":["sneckomod:SoulRoll","sneckomod:QuickBite"],"picked":"sneckomod:UnknownExhaust","floor":11},{"not_picked":["sneckomod:SoulDraw","sneckomod:Unknown1Cost"],"picked":"sneckomod:UnknownWeak","floor":12},{"not_picked":["sneckomod:UnknownStrike","sneckomod:IronFang"],"picked":"sneckomod:UnknownUncommonSkill","floor":13},{"not_picked":["sneckomod:TrashToTreasure","sneckomod:RainOfDice"],"picked":"sneckomod:UnknownClassBLUE","floor":14},{"not_picked":["sneckomod:UnknownWeak","sneckomod:Unknown1Cost"],"picked":"sneckomod:UnknownX","floor":15}],"player_experience":449751,"relics_obtained":[{"floor":7.0,"key":"Singing Bowl"},{"floor":9,"key":"Bag of Preparation"}],"event_choices":[{"damage_healed":0.0,"max_hp_gain":5.0,"max_hp_loss":0.0,"gold_gain":0.0,"event_name":"Big Fish","player_choice":"Donut","floor":4.0,"gold_loss":0.0,"damage_taken":0.0},{"damage_healed":0.0,"max_hp_gain":0.0,"max_hp_loss":0.0,"gold_gain":0.0,"event_name":"Lab","player_choice":"Got Potions","floor":5.0,"gold_loss":0.0,"damage_taken":0.0}],"is_beta":false,"boss_relics":[],"items_purged_floors":[6],"is_endless":false,"potions_floor_spawned":[2,3,11,14],"killed_by":"downfall:Defect","ascension_level":1}}