{"host":"t9zjxed0utvsfjwc","time":1608566901,"event":{"mods":["2.2 Compatiblity","Aspiration","BaseMod","Block Reminder","Colored Map","Colored Powertips","Highlight Path","Hubris","Infinite Spire","Minty Spire (QoL Compilation)","Quick Restart","Replay The Spire","StSLib","Unceasing Turn Reminder","everything is the same but u backflip on backflip"],"gold_per_floor":[116,76,37,37,56,82,82,110,110,110,123,123,138,156,156,252,252,268,268,281,281,300,300,335,335,335,354,367,394,413,424,424,529,529,544,201,224,224,324,324,49,123,123,123,188,88,118,118,118,254,254,265,333,385,400,402,426,434,446,446,460,487,503,527,527,527,615,615,629,643,657,657,670,692,709,709,709,709,709,719,720,720,720,798,798,806,806,841,851,551,569,569,573,573,603,603,603,599,610,610,683,683,694,694,705,718,734,734,757,770,770,770,770,770,795,491,563,621,621,640,640,645,645,656,656,360,369,393,411,398,398,404,427,427,519,519,528,528,535,535,581,605,602,611,611,631,631,643,638,658,658,734,734,734,383,390,439],"floor_reached":158,"playtime":14917,"items_purged":["Strike_B","Strike_B","hubris:Disease"],"score":4526,"play_id":"7e8e66d7-99f1-466b-b624-2e31f14f0632","local_time":"20201221160821","is_ascension_mode":false,"campfire_choices":[{"data":"Glacier","floor":7.0,"key":"SMITH"},{"data":"Ball Lightning","floor":10.0,"key":"SMITH"},{"data":"Static Discharge","floor":12.0,"key":"SMITH"},{"floor":15.0,"key":"DIG"},{"data":"Ball Lightning","floor":32.0,"key":"SMITH"},{"data":"Apotheosis","floor":40.0,"key":"SMITH"},{"data":"Meteor Strike","floor":44.0,"key":"SMITH"},{"data":"Blizzard","floor":49.0,"key":"SMITH"},{"floor":66.0,"key":"DIG"},{"data":"Barricade","floor":76.0,"key":"SMITH"},{"data":"A Thousand Cuts","floor":79.0,"key":"SMITH"},{"data":"Fusion","floor":83.0,"key":"SMITH"},{"data":"hubris:Rewind","floor":100.0,"key":"SMITH"},{"data":"Demon Form","floor":108.0,"key":"SMITH"},{"data":"Demon Form","floor":112.0,"key":"SMITH"},{"data":"Beam Cell","floor":125.0,"key":"SMITH"},{"data":"Limit Break","floor":134,"key":"SMITH"},{"data":"Demon Form","floor":147,"key":"SMITH"},{"data":"Electrodynamics","floor":151,"key":"SMITH"},{"data":"Echo Form","floor":154,"key":"SMITH"}],"circlet_count":0,"master_deck":["Dualcast","Glacier+1","Self Repair","Static Discharge+1","Ball Lightning+1","Ball Lightning+1","Meteor Strike+1","Ball Lightning+1","Coolheaded+1","Juggernaut+1","ReplayTheSpireMod:System Scan+1","Apotheosis+1","Blizzard+1","Turbo","Crystallizer+1","Cold Snap+1","CurseOfTheBell","Static Discharge","Barricade+1","hubris:Rewind+1","Cold Snap+1","A Thousand Cuts+1","Fusion+1","Demon Form+1","Demon Form+1","Decay","hubris:Despair","Regret","ReplayTheSpireMod:Splinters","Beam Cell+1","Pain","Sickly","Echo Form+1","hubris:Disease","Limit Break+1","Electrodynamics+1","Sweeping Beam+1","Demon Form+1","CommonCold","Beam Cell+1","ReplayTheSpireMod:GoodbyeWorld","ReplayTheSpireMod:Calculation Training+1"],"relics":["FrozenCore","NeowsBlessing","infinitespire:SolderingIron","Geode","hubris:64BitClover","infinitespire:ShieldingShard","hubris:GrandSneckoEye","PrismaticShard","WarpedTongs","aspiration:ArtOfWarUpgrade","ReplayFunnel","aspiration:HummingbirdHeart","infinitespire:CursedDice","Empty Cage","Replay:Bandana","HornCleat","Replay:Wanted Poster","InkBottle","aspiration:Nostalgia","Ring of the Snake","hubris:BallOfYels","Question Card","hubris:CrystalStatue","Quantum Egg","Calling Bell","Anchor","infinitespire:Eraser","Replay:Kaleidoscope","infinitespire:Midas Blood","Bronze Scales","Snack Pack","aspiration:ChemicalBlood","infinitespire:EmpoweringShard","aspiration:TomeofQuesting","infinitespire:Satchel","SlaversCollar","aspiration:DSix","Bottled Lightning","CaptainsWheel","Bottled Tornado","hubris:Towel","Runic Pyramid","Incense Burner","DollysMirror","Omamori","Counterbalance","Kintsugi","Tiny Chest","Blood Vial","aspiration:EnhancedActuators","Pet Ghost","Replay:Grab Bag","Replay:Bronze Core","Cursed Key","aspiration:Stellarator","Nuclear Battery","OrangePellets","hubris:MedicalManual","Vajra","Onion Ring","Carrot","Solar Panel","ReplayTheSpireMod:TigerMarble","Raider\u0027s Mask","infinitespire:Lucky Rock","hubris:DeckOfHolding","WarpedTongs","aspiration:MysteriousAuxiliaryCore","aspiration:Lifesprig","Toy Ornithopter","Prayer Wheel","aspiration:SeaSaltIceCream","Bottled Lightning","Whetstone","Philosopher\u0027s Stone","PreservedInsect","Strawberry","aspiration:FrozenJewel","Lantern","hubris:VirtuousBlindfold","infinitespire:Freezer","hubris:BundleOfHerbs"],"acts_visited":["Exordium","TheCity","TheBeyond","Exordium","TheCity","TheBeyond","Exordium","TheCity","TheBeyond","TheEnding"],"potions_floor_usage":[132,132,148,148,148,148,152,157],"damage_taken":[{"damage":0.0,"enemies":"Small Slimes","floor":1.0,"turns":1.0},{"damage":0.0,"enemies":"Cultist","floor":5.0,"turns":1.0},{"damage":0.0,"enemies":"3 Sentries","floor":6.0,"turns":2.0},{"damage":5.0,"enemies":"Replay:BlueRogue","floor":8.0,"turns":7.0},{"damage":0.0,"enemies":"2 Louse","floor":11.0,"turns":2.0},{"damage":0.0,"enemies":"Red Slaver","floor":13.0,"turns":3.0},{"damage":0.0,"enemies":"Looter","floor":14.0,"turns":3.0},{"damage":24.0,"enemies":"The Guardian","floor":16.0,"turns":10.0},{"damage":2.0,"enemies":"Spheric Guardian","floor":18.0,"turns":4.0},{"damage":4.0,"enemies":"2 Thieves","floor":20.0,"turns":3.0},{"damage":4.0,"enemies":"Chosen and Byrds","floor":22.0,"turns":4.0},{"damage":11.0,"enemies":"Gremlin Leader","floor":24.0,"turns":5.0},{"damage":0.0,"enemies":"Shelled Parasite and Fungi","floor":27.0,"turns":4.0},{"damage":1.0,"enemies":"Cultist and Chosen","floor":28.0,"turns":6.0},{"damage":9.0,"enemies":"Nightmare","floor":29.0,"turns":5.0},{"damage":15.0,"enemies":"Sentry and Sphere","floor":30.0,"turns":4.0},{"damage":1.0,"enemies":"Shelled Parasite and Fungi","floor":31.0,"turns":3.0},{"damage":45.0,"enemies":"Automaton","floor":33.0,"turns":11.0},{"damage":0.0,"enemies":"Orb Walker","floor":35.0,"turns":2.0},{"damage":10.0,"enemies":"3 Darklings","floor":37.0,"turns":5.0},{"damage":0.0,"enemies":"Giant Head","floor":42.0,"turns":5.0},{"damage":14.0,"enemies":"Reptomancer","floor":45.0,"turns":4.0},{"damage":17.0,"enemies":"4 Shapes","floor":47.0,"turns":6.0},{"damage":49.0,"enemies":"Awakened One","floor":50.0,"turns":7.0},{"damage":0.0,"enemies":"2 Louse","floor":52.0,"turns":3.0},{"damage":7.0,"enemies":"3 Sentries","floor":54.0,"turns":5.0},{"damage":0.0,"enemies":"Jaw Worm","floor":55.0,"turns":2.0},{"damage":0.0,"enemies":"3 Sentries","floor":57.0,"turns":3.0},{"damage":0.0,"enemies":"Small Slimes","floor":58.0,"turns":3.0},{"damage":0.0,"enemies":"3 Louse","floor":59.0,"turns":2.0},{"damage":0.0,"enemies":"2 Fungi Beasts","floor":61.0,"turns":2.0},{"damage":0.0,"enemies":"Gremlin Nob","floor":62.0,"turns":3.0},{"damage":0.0,"enemies":"Large Slime","floor":63.0,"turns":4.0},{"damage":46.0,"enemies":"Nightmare","floor":64.0,"turns":5.0},{"damage":21.0,"enemies":"The Guardian","floor":67.0,"turns":5.0},{"damage":0.0,"enemies":"2 Thieves","floor":69.0,"turns":3.0},{"damage":0.0,"enemies":"Spheric Guardian","floor":70.0,"turns":2.0},{"damage":0.0,"enemies":"Snake Plant","floor":71.0,"turns":3.0},{"damage":0.0,"enemies":"Cultist and Chosen","floor":73.0,"turns":4.0},{"damage":0.0,"enemies":"Book of Stabbing","floor":74.0,"turns":1.0},{"damage":0.0,"enemies":"Centurion and Healer","floor":75.0,"turns":4.0},{"damage":0.0,"enemies":"Snecko","floor":80.0,"turns":2.0},{"damage":0.0,"enemies":"3 Cultists","floor":81.0,"turns":4.0},{"damage":0.0,"enemies":"Automaton","floor":84.0,"turns":6.0},{"damage":0.0,"enemies":"3 Shapes","floor":86.0,"turns":3.0},{"damage":0.0,"enemies":"Mind Bloom Boss Battle","floor":88.0,"turns":4.0},{"damage":0.0,"enemies":"Orb Walker","floor":89.0,"turns":3.0},{"damage":23.0,"enemies":"Nemesis","floor":91.0,"turns":5.0},{"damage":0.0,"enemies":"Sphere and 2 Shapes","floor":93.0,"turns":4.0},{"damage":0.0,"enemies":"Reptomancer","floor":95.0,"turns":1.0},{"damage":0.0,"enemies":"Jaw Worm Horde","floor":97.0,"turns":5.0},{"damage":0.0,"enemies":"Maw","floor":98.0,"turns":6.0},{"damage":0.0,"enemies":"Nightmare","floor":99.0,"turns":5.0},{"damage":0.0,"enemies":"Replay:Hell Engine","floor":101.0,"turns":6.0},{"damage":0.0,"enemies":"Cultist","floor":103.0,"turns":4.0},{"damage":0.0,"enemies":"Small Slimes","floor":105.0,"turns":2.0},{"damage":0.0,"enemies":"Jaw Worm","floor":106.0,"turns":2.0},{"damage":0.0,"enemies":"Exordium Wildlife","floor":107.0,"turns":3.0},{"damage":0.0,"enemies":"Gremlin Nob","floor":109.0,"turns":1.0},{"damage":0.0,"enemies":"Lots of Slimes","floor":110.0,"turns":2.0},{"damage":0.0,"enemies":"Lagavulin","floor":115.0,"turns":3.0},{"damage":0.0,"enemies":"Fading Forest","floor":118.0,"turns":8.0},{"damage":0.0,"enemies":"3 Byrds","floor":120.0,"turns":2.0},{"damage":0.0,"enemies":"Chosen","floor":122.0,"turns":5.0},{"damage":0.0,"enemies":"Centurion and Healer","floor":124.0,"turns":1.0},{"damage":0.0,"enemies":"3 Cultists","floor":127.0,"turns":4.0},{"damage":0,"enemies":"Gremlin Leader","floor":129,"turns":4},{"damage":0,"enemies":"Snecko","floor":130,"turns":4},{"damage":0,"enemies":"Shelled Parasite and Fungi","floor":132,"turns":2},{"damage":0,"enemies":"3 Cultists","floor":133,"turns":3},{"damage":8,"enemies":"Automaton","floor":135,"turns":4},{"damage":0,"enemies":"Orb Walker","floor":137,"turns":3},{"damage":0,"enemies":"3 Darklings","floor":139,"turns":3},{"damage":0,"enemies":"R_Hoarder","floor":142,"turns":3},{"damage":0,"enemies":"Transient","floor":143,"turns":5},{"damage":0,"enemies":"Spire Growth","floor":144,"turns":4},{"damage":0,"enemies":"3 Darklings","floor":146,"turns":3},{"damage":0,"enemies":"Writhing Mass","floor":148,"turns":2},{"damage":0,"enemies":"Transient","floor":149,"turns":5},{"damage":0,"enemies":"Jaw Worm Horde","floor":150,"turns":3},{"damage":1,"enemies":"Donu and Deca","floor":152,"turns":5},{"damage":0,"enemies":"Shield and Spear","floor":156,"turns":3},{"damage":0,"enemies":"The Heart","floor":157,"turns":8}],"seed_played":"-5296446760734287221","potions_obtained":[{"floor":2.0,"key":"Dexterity Potion"},{"floor":2.0,"key":"BlessingOfTheForge"},{"floor":2.0,"key":"Ancient Potion"},{"floor":11.0,"key":"Milkshake"},{"floor":16.0,"key":"SteroidPotion"},{"floor":18.0,"key":"BlessingOfTheForge"},{"floor":22.0,"key":"BlessingOfTheForge"},{"floor":24.0,"key":"GamblersBrew"},{"floor":30.0,"key":"DuplicationPotion"},{"floor":38.0,"key":"Adrenaline Potion"},{"floor":38.0,"key":"EssenceOfDarkness"},{"floor":38.0,"key":"DistilledChaos"},{"floor":42.0,"key":"Strength Potion"},{"floor":45.0,"key":"Venom Potion"},{"floor":47.0,"key":"Adrenaline Potion"},{"floor":55.0,"key":"EssenceOfDarkness"},{"floor":58.0,"key":"ColorlessPotion"},{"floor":59.0,"key":"BlessingOfTheForge"},{"floor":62.0,"key":"FearPotion"},{"floor":63.0,"key":"SpeedPotion"},{"floor":70.0,"key":"PowerPotion"},{"floor":71.0,"key":"LifebloodPotion"},{"floor":84.0,"key":"SkillPotion"},{"floor":93.0,"key":"EntropicBrew"},{"floor":99.0,"key":"Block Potion"},{"floor":101.0,"key":"SkillPotion"},{"floor":105.0,"key":"Elixir"},{"floor":109.0,"key":"Reflective Coating"},{"floor":122.0,"key":"EntropicBrew"},{"floor":124.0,"key":"ColorlessPotion"},{"floor":127.0,"key":"FocusPotion"},{"floor":135,"key":"FairyPotion"},{"floor":148,"key":"BlessingOfTheForge"},{"floor":149,"key":"Block Potion"},{"floor":152,"key":"Ancient Potion"}],"is_trial":false,"path_per_floor":["M","?","$","$","M","E","R","E","T","R","M","R","M","M","R_BF","B",null,"M","?","M","?","M","R","E","R","T","M","M","NM","M","M","R","B",null,"M","$","M","?","AVR","R","$","E","T","R","E","$","M","T","R","B",null,"M","?","?","M","?","E","M","M","T","M","E","M","NM","?","R_BF","B",null,"M","M","M","AVR","M","E","M","R","T","?","R","M","M","?","R","B",null,"M","?","?","M","$","E","AVR","M","T","E","?","M","M","NM","R","B",null,"M","AVR","M","M","M","R","E","M","T","R","?","T","E","$","R_BF","B",null,"M","AVR","M","?","M","R","$","M","T","E","M","T","M","M","R","B",null,"M","?","M","?","T","E","M","M","T","M","R","M","M","M","R","B",null,"R","$","E","B",null],"character_chosen":"DEFECT","items_purchased":["Self Repair","Replay:Bandana","Apotheosis","aspiration:Nostalgia","Turbo","DollysMirror","Omamori","Raider\u0027s Mask","infinitespire:Lucky Rock","aspiration:MysteriousAuxiliaryCore","infinitespire:Freezer","ReplayTheSpireMod:GoodbyeWorld"],"campfire_rested":0,"item_purchase_floors":[3,36,36,41,41,90,90,116,116,126,155,155],"current_hp_per_floor":[75,75,75,75,75,75,75,75,75,75,75,75,75,75,75,58,75,75,67,63,63,66,66,65,65,65,65,71,69,61,60,60,22,75,75,75,65,65,65,65,65,75,75,75,68,68,61,61,61,22,75,75,75,68,68,53,53,63,63,63,75,75,75,41,75,75,68,75,75,75,75,75,75,75,75,75,75,75,75,75,75,75,75,75,75,75,78,78,78,78,57,57,57,57,57,57,59,63,67,67,77,78,78,78,78,78,78,78,78,78,78,78,78,78,78,78,78,78,78,78,78,78,78,78,78,78,78,78,78,78,78,78,78,78,74,78,78,78,78,78,78,85,85,85,85,85,85,85,85,85,85,85,85,85,85,85,85],"gold":439,"neow_bonus":"THREE_ENEMY_KILL","is_daily":false,"chose_seed":false,"campfire_upgraded":18,"win_rate":0.0,"timestamp":1608566901,"path_taken":["M","?","?","$","?","E","R","E","T","R","M","R","M","M","R_BF","BOSS","M","?","M","?","M","R","E","R","T","M","M","NM","?","M","R","BOSS","M","$","M","?","AVR","R","?","E","T","R","E","$","M","?","R","BOSS","M","?","?","M","?","E","M","M","T","M","E","M","NM","?","R_BF","BOSS","M","M","M","AVR","M","E","?","R","T","?","R","M","M","?","R","BOSS","M","?","?","M","$","E","AVR","M","T","E","?","M","?","NM","R","BOSS","M","AVR","M","M","M","R","E","M","T","R","?","?","E","$","R_BF","BOSS","M","AVR","?","?","M","R","$","?","T","E","M","?","M","M","R","BOSS","M","?","?","?","?","E","M","?","T","M","R","M","M","M","R","BOSS","R","$","E","BOSS"],"items_purchased_type":["Card","Relic","Card","Relic","Card","Relic","Relic","Relic","Relic","Relic","Relic","Card"],"build_version":"2020-12-13","purchased_purges":3,"victory":true,"max_hp_per_floor":[75,75,75,75,75,75,75,75,75,75,75,75,75,75,75,75,75,75,75,75,75,75,75,75,75,75,75,75,75,75,75,75,75,75,75,75,75,75,75,75,75,75,75,75,75,75,75,75,75,75,75,75,75,75,75,75,75,75,75,75,75,75,75,75,75,75,75,75,75,75,75,75,75,75,75,75,75,75,75,75,75,75,75,75,75,75,78,78,78,78,78,78,78,78,78,78,78,78,78,78,78,78,78,78,78,78,78,78,78,78,78,78,78,78,78,78,78,78,78,78,78,78,78,78,78,78,78,78,78,78,78,78,78,78,78,78,78,78,78,78,78,85,85,85,85,85,85,85,85,85,85,85,85,85,85,85,85],"card_choices":[{"not_picked":["FTL","Sweeping Beam"],"picked":"Glacier","floor":1.0},{"not_picked":["Rebound","Sweeping Beam","Barrage"],"picked":"SKIP","floor":5.0},{"not_picked":["Sweeping Beam","Rebound"],"picked":"Static Discharge","floor":6.0},{"not_picked":["Streamline","Redo"],"picked":"Ball Lightning","floor":8.0},{"not_picked":["Scrape","Doom and Gloom","Heatsinks"],"picked":"SKIP","floor":11.0},{"not_picked":["Aggregate","Sweeping Beam"],"picked":"Ball Lightning","floor":13.0},{"not_picked":["Rip and Tear","Sweeping Beam","Hello World"],"picked":"SKIP","floor":14.0},{"not_picked":["Amplify","Multi-Cast"],"picked":"Meteor Strike","floor":16.0},{"not_picked":["Redo","Recycle","Hologram"],"picked":"SKIP","floor":18.0},{"not_picked":["Compile Driver","Coolheaded"],"picked":"Ball Lightning+1","floor":19.0},{"not_picked":["Bane","Clash+1","FlyingSleeves"],"picked":"SKIP","floor":20.0},{"not_picked":["Enlightenment","True Grit","Backflip+1"],"picked":"SKIP","floor":22.0},{"not_picked":["Stack","hubris:Ssssneak","Dagger Throw+1"],"picked":"SKIP","floor":24.0},{"not_picked":["Flying Knee","Bane","FlurryOfBlows"],"picked":"SKIP","floor":27.0},{"not_picked":["Run Through","Wild Strike","ReplayTheSpireMod:LeadingStrike"],"picked":"SKIP","floor":28.0},{"not_picked":["hubris:Prefetch","ReplayTheSpireMod:Strike From Hell+1","Vengeance"],"picked":"SKIP","floor":29.0},{"not_picked":["Sucker Punch","Tantrum"],"picked":"Coolheaded+1","floor":30.0},{"not_picked":["Finesse","Redo","Discovery"],"picked":"SKIP","floor":31.0},{"not_picked":["Master of Strategy","Storm of Steel"],"picked":"Juggernaut","floor":33.0},{"not_picked":["Warcry","Acrobatics+1"],"picked":"ReplayTheSpireMod:System Scan+1","floor":35.0},{"not_picked":["Shrug It Off","ReplayTheSpireMod:The Works"],"picked":"Blizzard","floor":37.0},{"not_picked":["PiercingWail","SashWhip","PathToVictory+1"],"picked":"SKIP","floor":42.0},{"not_picked":["Madness","Pommel Strike+1","Clothesline+1"],"picked":"Crystallizer+1","floor":45.0},{"not_picked":["Rebound+1","ReplayTheSpireMod:Shiv Toss","Shrug It Off+1"],"picked":"Cold Snap+1","floor":47.0},{"not_picked":["Acrobatics","Prepared","Perfected Strike","Anger"],"picked":"SKIP","floor":52.0},{"not_picked":["Stack","Finesse","Swift Strike","Replay:Battleflow"],"picked":"SKIP","floor":55.0},{"not_picked":["Chaos","Dramatic Entrance","CrushJoints","Backstab"],"picked":"SKIP","floor":57.0},{"not_picked":["Bane","Impervious","hubris:SlightOfHand","Bandage Up"],"picked":"SKIP","floor":58.0},{"not_picked":["Body Slam","CutThroughFate","Finesse"],"picked":"Static Discharge","floor":59.0},{"not_picked":["SashWhip","Masterful Stab","Dodge and Roll","Compile Driver"],"picked":"SKIP","floor":61.0},{"not_picked":["Crystallizer","SashWhip","Perfected Strike","Inflame"],"picked":"SKIP","floor":62.0},{"not_picked":["ReplayTheSpireMod:Strike From Hell","ReplayTheSpireMod:Tripwire","PiercingWail","Evaluate"],"picked":"SKIP","floor":63.0},{"not_picked":["Flex","Venomology","Steam","Replay:Poison Smokescreen"],"picked":"SKIP","floor":64.0},{"not_picked":["Juggernaut","Metamorphosis","Bullet Time"],"picked":"Barricade","floor":67.0},{"not_picked":["infinitespire:Execution","infinitespire:SealOfDarkness+"],"picked":"hubris:Rewind","floor":69.0},{"not_picked":["Armaments","Consecrate+1","CrushJoints","Endless Agony"],"picked":"SKIP","floor":69.0},{"not_picked":["ThirdEye","Replay:Sssssssssshield","Sweeping Beam","Warcry"],"picked":"SKIP","floor":70.0},{"not_picked":["ReplayTheSpireMod:Strike From Hell","Go for the Eyes","Sucker Punch"],"picked":"Cold Snap","floor":71.0},{"not_picked":["Prepared","Quick Slash","Disarm+1","Burning Pact"],"picked":"SKIP","floor":73.0},{"not_picked":["Burning Pact","FearNoEvil","Deflect+1","Inflame+1"],"picked":"SKIP","floor":74.0},{"not_picked":["BowlingBash","Steam Power","Bane+1"],"picked":"A Thousand Cuts","floor":75.0},{"not_picked":["Underhanded Strike","Panic Button","Hologram","BowlingBash"],"picked":"SKIP","floor":80.0},{"not_picked":["Sunder","Replay:Sssssssssstrike","hubris:SlightOfHand"],"picked":"Fusion","floor":81.0},{"not_picked":["hubris:EnhanceAbility","Meteor Strike","Replay:LoomingThreat"],"picked":"Demon Form","floor":84.0},{"not_picked":["ThirdEye+1","Cloak And Dagger","Steam+1","Havoc+1"],"picked":"SKIP","floor":86.0},{"not_picked":["Force Field+1","Flechettes","Sucker Punch","Conserve Battery+1"],"picked":"SKIP","floor":89.0},{"not_picked":["Replay:BasicMightCard","Quick Slash","CutThroughFate+1","Apotheosis"],"picked":"SKIP","floor":91.0},{"not_picked":["Aggregate","Body Slam+1","Reckless Charge","Specialist+1"],"picked":"SKIP","floor":93.0},{"not_picked":["PathToVictory","Replay:Undeath\u0027s Touch","InnerPeace","Rage+1"],"picked":"SKIP","floor":95.0},{"not_picked":["ReplayTheSpireMod:Corrosion Curse+1","Capacitor","hubris:SlightOfHand","Combust+1"],"picked":"SKIP","floor":97.0},{"not_picked":["Poisoned Stab+1","Turbo+1","JustLucky","Shrug It Off+1"],"picked":"SKIP","floor":98.0},{"not_picked":["Anger","Bouncing Flask+1","Go for the Eyes+1","ReplayTheSpireMod:Trickstab+1"],"picked":"SKIP","floor":99.0},{"not_picked":["Anger","Bouncing Flask+1","Go for the Eyes+1","ReplayTheSpireMod:Trickstab+1"],"picked":"SKIP","floor":99.0},{"not_picked":["Madness","Perseverance","Blizzard","BasicCrystalCard"],"picked":"SKIP","floor":103.0},{"not_picked":["ReplayTheSpireMod:GoodbyeWorld","Undo","Sever Soul","Flechettes"],"picked":"SKIP","floor":105.0},{"not_picked":["Fasting2","PiercingWail","Draining Mist","Replay:BluntJabs"],"picked":"SKIP","floor":106.0},{"not_picked":["FTL","Thunderclap","CrushJoints","Searing Blow"],"picked":"SKIP","floor":107.0},{"not_picked":["Redo","Run Through","Dagger Spray","Shrug It Off"],"picked":"SKIP","floor":109.0},{"not_picked":["Perfected Strike","Reaper","Headbutt","BowlingBash"],"picked":"SKIP","floor":110.0},{"not_picked":["Concentrate","Rupture","Sneak Up"],"picked":"Beam Cell","floor":115.0},{"not_picked":["EmptyFist+1","Finesse","Flechettes","Flex"],"picked":"SKIP","floor":120.0},{"not_picked":["Anger","Crescendo","Rip and Tear+1","Bandage Up"],"picked":"SKIP","floor":122.0},{"not_picked":["Deflect","True Grit","Carnage","ReplayUltimateDefense"],"picked":"SKIP","floor":124.0},{"not_picked":["Stack","PathToVictory","ReplayTheSpireMod:Strike From Hell","Warcry"],"picked":"SKIP","floor":127.0},{"not_picked":["Hologram","Prepared+1","ClearTheMind","Leap"],"picked":"SKIP","floor":129},{"not_picked":["Reprogram+1","hubris:SlightOfHand","Cold Snap","Catalyst"],"picked":"SKIP","floor":130},{"not_picked":["Inflame+1","CrushJoints+1","FollowUp","ClearTheMind"],"picked":"SKIP","floor":130},{"not_picked":["ReplayReversal+1","Replay:Parry","Hologram","Rebound+1"],"picked":"SKIP","floor":132},{"not_picked":["hubris:TrickCloak","Hidden Blade","Nirvana","Replay:Poison Smokescreen"],"picked":"SKIP","floor":132},{"not_picked":["Combust+1","Protect+1","PanicButton"],"picked":"Limit Break","floor":133},{"not_picked":["Havoc+1","ClearTheMind","Fasting2","PathToVictory"],"picked":"SKIP","floor":133},{"not_picked":["Poisoned Strike","HandOfGreed","Reboot"],"picked":"Electrodynamics","floor":135},{"not_picked":["Headbutt","Replay:Vibes+1","Clash","Perfected Strike+1"],"picked":"SKIP","floor":137},{"not_picked":["EmptyFist","Forethought+1","Backstab+1","Replay:ManipulateFuture+1"],"picked":"SKIP","floor":137},{"not_picked":["Warcry+1","PiercingWail+1","Blade Dance+1"],"picked":"Sweeping Beam+1","floor":139},{"not_picked":["Draining Mist","Auto Shields","Replay:AtTheReady","Bloodletting+1"],"picked":"SKIP","floor":139},{"not_picked":["Draining Mist","Auto Shields","Replay:AtTheReady","Bloodletting+1"],"picked":"SKIP","floor":139},{"not_picked":["Scrape+1","Fusion+1","Establishment","SandsOfTime"],"picked":"SKIP","floor":142},{"not_picked":["Prepared+1","Twin Strike","Flechettes+1","Tempest"],"picked":"SKIP","floor":143},{"not_picked":["Uppercut","Cloak And Dagger+1","EmptyFist","Fluid Movement+1"],"picked":"SKIP","floor":143},{"not_picked":["Crescendo+1","Replay:BluntJabs+1","Redo+1"],"picked":"Demon Form","floor":144},{"not_picked":["Fluid Movement","TalkToTheHand+1","Evaluate+1","BowlingBash"],"picked":"SKIP","floor":144},{"not_picked":["Flying Knee+1","hubris:SlightOfHand","Perseverance+1"],"picked":"Beam Cell+1","floor":146},{"not_picked":["Shrug It Off+1","FlyingSleeves+1","Replay:BluntJabs+1","Fission"],"picked":"SKIP","floor":146},{"not_picked":["Shrug It Off+1","FlyingSleeves+1","Replay:BluntJabs+1","Fission"],"picked":"SKIP","floor":146},{"not_picked":["Iron Wave+1","hubris:ReadiedAction","Metamorphosis","Run Through"],"picked":"SKIP","floor":148},{"not_picked":["Flying Knee+1","Cleave","Life Link+1","Sweeping Beam"],"picked":"SKIP","floor":148},{"not_picked":["ReplayTheSpireMod:Strike From Hell+1","True Grit+1","PiercingWail","hubris:Sniper"],"picked":"SKIP","floor":149},{"not_picked":["Sweeping Beam+1","Replay:Undeath\u0027s Touch","Ball Lightning+1","Hidden Blade"],"picked":"SKIP","floor":149},{"not_picked":["Study+1","Heel Hook+1","Clash+1","Replay:BluntJabs"],"picked":"SKIP","floor":150},{"not_picked":["Barrage","Cloak And Dagger+1","Genetic Algorithm","Recycle"],"picked":"SKIP","floor":150},{"not_picked":["Infinite Blades+1","Good Instincts","Replay:Vibes+1"],"picked":"ReplayTheSpireMod:Calculation Training+1","floor":156}],"player_experience":234512,"relics_obtained":[{"floor":6.0,"key":"infinitespire:SolderingIron"},{"floor":8.0,"key":"Geode"},{"floor":9.0,"key":"hubris:64BitClover"},{"floor":15.0,"key":"infinitespire:ShieldingShard"},{"floor":19.0,"key":"PrismaticShard"},{"floor":22.0,"key":"Art of War"},{"floor":24.0,"key":"ReplayFunnel"},{"floor":26.0,"key":"aspiration:HummingbirdHeart"},{"floor":29.0,"key":"infinitespire:CursedDice"},{"floor":37.0,"key":"HornCleat"},{"floor":42.0,"key":"hubris:BallOfYels"},{"floor":43.0,"key":"Question Card"},{"floor":45.0,"key":"hubris:CrystalStatue"},{"floor":48.0,"key":"Quantum Egg"},{"floor":51.0,"key":"Anchor"},{"floor":51.0,"key":"infinitespire:Eraser"},{"floor":51.0,"key":"Replay:Kaleidoscope"},{"floor":54.0,"key":"infinitespire:Midas Blood"},{"floor":57.0,"key":"Bronze Scales"},{"floor":60.0,"key":"Snack Pack"},{"floor":61.0,"key":"aspiration:ChemicalBlood"},{"floor":62.0,"key":"infinitespire:EmpoweringShard"},{"floor":64.0,"key":"aspiration:TomeofQuesting"},{"floor":66.0,"key":"infinitespire:Satchel"},{"floor":74.0,"key":"Bottled Lightning"},{"floor":75.0,"key":"CaptainsWheel"},{"floor":77.0,"key":"Bottled Tornado"},{"floor":88.0,"key":"Incense Burner"},{"floor":91.0,"key":"Counterbalance"},{"floor":94.0,"key":"Tiny Chest"},{"floor":95.0,"key":"Blood Vial"},{"floor":97.0,"key":"aspiration:EnhancedActuators"},{"floor":99.0,"key":"Pet Ghost"},{"floor":109.0,"key":"hubris:MedicalManual"},{"floor":110.0,"key":"Vajra"},{"floor":111.0,"key":"Onion Ring"},{"floor":114.0,"key":"Solar Panel"},{"floor":115.0,"key":"ReplayTheSpireMod:TigerMarble"},{"floor":128.0,"key":"aspiration:Lifesprig"},{"floor":129,"key":"Toy Ornithopter"},{"floor":131,"key":"aspiration:SeaSaltIceCream"},{"floor":132,"key":"Whetstone"},{"floor":141,"key":"PreservedInsect"},{"floor":142,"key":"Strawberry"},{"floor":145,"key":"aspiration:FrozenJewel"},{"floor":146,"key":"Lantern"},{"floor":156,"key":"hubris:BundleOfHerbs"}],"event_choices":[{"damage_healed":0.0,"max_hp_gain":0.0,"max_hp_loss":0.0,"gold_gain":0.0,"event_name":"The Woman in Blue","player_choice":"Bought 3 Potions","floor":2.0,"gold_loss":0.0,"damage_taken":0.0},{"damage_healed":0.0,"max_hp_gain":0.0,"max_hp_loss":0.0,"gold_gain":0.0,"event_name":"Accursed Blacksmith","player_choice":"Rummage","floor":21.0,"gold_loss":0.0,"damage_taken":0.0,"relics_obtained":["WarpedTongs"],"cards_obtained":["Pain"]},{"damage_healed":0.0,"max_hp_gain":0.0,"max_hp_loss":0.0,"gold_gain":0.0,"event_name":"Lab","player_choice":"Got Potions","floor":38.0,"gold_loss":0.0,"damage_taken":0.0},{"damage_healed":0.0,"max_hp_gain":0.0,"max_hp_loss":0.0,"gold_gain":68.0,"event_name":"Golden Wing","player_choice":"Gained Gold","floor":53.0,"gold_loss":0.0,"damage_taken":0.0},{"damage_healed":0.0,"max_hp_gain":0.0,"max_hp_loss":0.0,"gold_gain":30.0,"event_name":"Dead Adventurer","player_choice":"Searched \u00273\u0027 times","floor":54.0,"gold_loss":0.0,"damage_taken":0.0},{"damage_healed":0.0,"max_hp_gain":0.0,"max_hp_loss":0.0,"gold_gain":0.0,"event_name":"Shining Light","player_choice":"Entered Light","floor":56.0,"gold_loss":0.0,"damage_taken":15.0,"cards_upgraded":["Juggernaut","Strike_B"]},{"damage_healed":34.0,"max_hp_gain":0.0,"max_hp_loss":0.0,"gold_gain":0.0,"event_name":"Wheel of Change","player_choice":"Full Heal","floor":65.0,"gold_loss":0.0,"damage_taken":0.0},{"cards_removed":["Defend_B"],"damage_healed":0.0,"max_hp_gain":0.0,"max_hp_loss":0.0,"gold_gain":0.0,"event_name":"Back to Basics","player_choice":"Elegance","floor":82.0,"gold_loss":0.0,"damage_taken":0.0},{"damage_healed":0.0,"max_hp_gain":0.0,"max_hp_loss":0.0,"gold_gain":0.0,"event_name":"MindBloom","player_choice":"Fight","floor":88.0,"gold_loss":0.0,"damage_taken":0.0},{"damage_healed":0.0,"max_hp_gain":0.0,"max_hp_loss":0.0,"gold_gain":0.0,"event_name":"Wheel of Change","player_choice":"Cursed","floor":96.0,"gold_loss":0.0,"damage_taken":0.0,"cards_obtained":["Decay"]},{"damage_healed":0.0,"max_hp_gain":0.0,"max_hp_loss":0.0,"gold_gain":0.0,"event_name":"Big Fish","player_choice":"Box","floor":113.0,"gold_loss":0.0,"damage_taken":0.0,"relics_obtained":["Carrot"],"cards_obtained":["Regret"]},{"damage_healed":0.0,"max_hp_gain":0.0,"max_hp_loss":0.0,"gold_gain":0.0,"event_name":"Accursed Blacksmith","player_choice":"Rummage","floor":123.0,"gold_loss":0.0,"damage_taken":0.0,"relics_obtained":["WarpedTongs"],"cards_obtained":["Pain"]},{"damage_healed":0,"gold_gain":0,"player_choice":"Ignored","damage_taken":0,"max_hp_gain":0,"max_hp_loss":0,"event_name":"NoteForYourself","floor":138,"gold_loss":0}],"is_beta":false,"boss_relics":[{"not_picked":["Cursed Key","Snecko Eye"],"picked":"hubris:GrandSneckoEye"},{"not_picked":["infinitespire:Cupcake","SlaversCollar"],"picked":"Empty Cage"},{"not_picked":["Busted Crown","Sozu"],"picked":"Calling Bell"},{"not_picked":["hubris:Stopwatch","aspiration:WatcherSkillbook"],"picked":"SlaversCollar"},{"not_picked":["Philosopher\u0027s Stone","Black Star"],"picked":"Runic Pyramid"},{"not_picked":["hubris:HollowSoul","Replay:Drink Me"],"picked":"Replay:Grab Bag"},{"not_picked":["hubris:CrackedHourglass","Sozu"],"picked":"Replay:Bronze Core"},{"not_picked":["ReplayTheSpireMod:Onyx Gauntlets","aspiration:FutureDiary"],"picked":"Cursed Key"},{"not_picked":["Snecko Eye","aspiration:PoetsPen_weak"],"picked":"aspiration:Stellarator"},{"not_picked":["aspiration:BursterCore","hubris:Backtick"],"picked":"Nuclear Battery"},{"not_picked":["Honey Jar","Black Star"],"picked":"FrozenCore"},{"not_picked":["aspiration:SilentSkillbook","Velvet Choker"],"picked":"Philosopher\u0027s Stone"},{"not_picked":["Abe\u0027s Treasure","hubris:HollowSoul"],"picked":"hubris:VirtuousBlindfold"}],"items_purged_floors":[41,46,155],"is_endless":true,"potions_floor_spawned":[5,11,14,16,18,22,24,30,42,45,47,55,58,59,62,63,64,70,71,73,75,84,93,98,99,101,105,109,122,124,127,135,142,146,148,149,152],"ascension_level":0}}