{"host":"tvisvdzhdjky5zoz","time":1608567252,"event":{"mods":["Act Like it!","Alarm Clock","BaseMod","Colored Powertips","Conspire","Humility","Minty Spire (QoL Compilation)","Quick Restart","Replay The Spire","RumiaBox-露米娅的神秘盒子","Spicy Shops","StSLib","TestMod","Uncapped","Waifu the Spire","【功能Mod】Neow奖励","【功能Mod】混沌之环修复补丁","【遗物卡牌】REMEMod"],"gold_per_floor":[114,127,138,150,166,166,166,177,201,251,261,261,292,217,217,294,294,314,75,92,9,9,35,35,54,54,54,67,67,79,99,99,178,178,189,208,208,228,228,259,259,270,270,270,284,284,284,294,345,363,363,363,363],"floor_reached":54,"playtime":2324,"items_purged":["Strike_R"],"score":1990,"play_id":"d2662e5a-4769-4a7a-bbed-85a44f45fcf7","local_time":"20201222001412","is_ascension_mode":true,"campfire_choices":[{"data":"Armaments","floor":6.0,"key":"SMITH"},{"data":"Body Slam","floor":15.0,"key":"SMITH"},{"data":"Limit Break","floor":27.0,"key":"SMITH"},{"data":"Pommel Strike","floor":29.0,"key":"SMITH"},{"data":"Entrench","floor":32.0,"key":"SMITH"},{"data":"christmas-Death","floor":41,"key":"SMITH"},{"data":"Battle Trance","floor":44,"key":"SMITH"},{"data":"Second Wind","floor":51,"key":"SMITH"}],"circlet_count":0,"master_deck":["AscendersBane","Conserve Battery","Pommel Strike+1","Armaments+1","Entrench+1","Battle Trance+1","Limit Break+1","Second Wind+1","Limit Break+1","Inflame","Shrug It Off+1","christmas-Death+1","christmas-Famine+1","Armaments+1","Power Through+1"],"relics":["Burning Blood","testmod-TestBox","REME_ComplimentaryCards","testmod-GiftOfSatan","testmod-LifeArmor","Orichalcum","testmod-TimeTraveler","Blue Doll","ReplayTheSpireMod:TigerMarble","Vajra","Toxic Egg 2","testmod-KeyOfTheVoid","testmod-TurbochargingSystem","MagicDraw1","Kunai"],"acts_visited":["Exordium","TheCity","TheBeyond"],"potions_floor_usage":[33,33,53,53],"damage_taken":[{"damage":0.0,"enemies":"Small Slimes","floor":1.0,"turns":2.0},{"damage":3.0,"enemies":"Cultist","floor":2.0,"turns":4.0},{"damage":42.0,"enemies":"Jaw Worm","floor":3.0,"turns":6.0},{"damage":12.0,"enemies":"3 Louse","floor":4.0,"turns":3.0},{"damage":0.0,"enemies":"2 Fungi Beasts","floor":5.0,"turns":1.0},{"damage":7.0,"enemies":"Large Slime","floor":8.0,"turns":4.0},{"damage":2.0,"enemies":"3 Louse","floor":11.0,"turns":4.0},{"damage":75.0,"enemies":"Gremlin Nob","floor":13.0,"turns":5.0},{"damage":12.0,"enemies":"Slime Boss","floor":16.0,"turns":7.0},{"damage":33.0,"enemies":"conspire:FuzzyDice","floor":18.0,"turns":6.0},{"damage":11.0,"enemies":"2 Thieves","floor":20.0,"turns":2.0},{"damage":0.0,"enemies":"conspire:Head Lice","floor":23.0,"turns":1.0},{"damage":28.0,"enemies":"Centurion and Healer","floor":25.0,"turns":5.0},{"damage":0.0,"enemies":"Snake Plant","floor":28.0,"turns":4.0},{"damage":11.0,"enemies":"3 Cultists","floor":30.0,"turns":4.0},{"damage":26.0,"enemies":"Snecko","floor":31.0,"turns":5.0},{"damage":17,"enemies":"Champ","floor":33,"turns":5},{"damage":38,"enemies":"3 Shapes","floor":35,"turns":5},{"damage":20,"enemies":"3 Darklings","floor":36,"turns":3},{"damage":17,"enemies":"Jaw Worm Horde","floor":38,"turns":3},{"damage":0,"enemies":"Reptomancer","floor":40,"turns":3},{"damage":56,"enemies":"Sphere and 2 Shapes","floor":42,"turns":7},{"damage":8,"enemies":"Spire Growth","floor":45,"turns":4},{"damage":0,"enemies":"Transient","floor":48,"turns":7},{"damage":10,"enemies":"Sphere and 2 Shapes","floor":50,"turns":4},{"damage":32,"enemies":"Awakened One","floor":52,"turns":5},{"damage":22,"enemies":"Time Eater","floor":53,"turns":6}],"seed_played":"-4308412966704949234","potions_obtained":[{"floor":1.0,"key":"testmod-SpacePotion"},{"floor":3.0,"key":"BloodPotion"},{"floor":13.0,"key":"Fruit Juice"},{"floor":16.0,"key":"Reflective Coating"},{"floor":20.0,"key":"Languid Potion"},{"floor":23.0,"key":"AttackPotion"},{"floor":28.0,"key":"ColorlessPotion"},{"floor":30.0,"key":"BlessingOfTheForge"},{"floor":42,"key":"PowerPotion"},{"floor":45,"key":"Explosive Potion"},{"floor":49,"key":"conspire:TimeTravelPotion"}],"is_trial":false,"path_per_floor":["M","M","M","M","M","R","?","M","T","?","M","?","E","?","R","B",null,"M","$","M","$","?","E","?","M","T","R","M","R","M","M","R","B",null,"M","M","?","M","?","E","R","M","T","R","M","PTL","PTL","M","?","M","R","B","B",null],"character_chosen":"IRONCLAD","items_purchased":["Blue Doll","ReplayTheSpireMod:TigerMarble"],"campfire_rested":0,"item_purchase_floors":[19,21],"current_hp_per_floor":[85,85,49,43,49,49,77,83,83,83,92,92,31,31,31,59,95,76,76,83,83,83,89,89,74,74,74,80,80,120,131,131,134,136,118,111,111,123,123,129,129,122,122,122,153,153,153,174,174,170,170,162,174],"gold":363,"neow_bonus":"THREE_CARDS","is_daily":false,"chose_seed":false,"campfire_upgraded":8,"win_rate":0.0,"timestamp":1608567252,"path_taken":["M","M","M","M","M","R","?","M","T","?","?","?","E","?","R","BOSS","M","$","M","$","?","E","?","M","T","R","M","R","M","M","R","BOSS","M","M","?","M","?","E","R","M","T","R","M","PTL","PTL","?","?","M","R","BOSS","BOSS"],"items_purchased_type":["Relic","Relic"],"build_version":"2020-12-13","purchased_purges":1,"victory":true,"max_hp_per_floor":[85,85,85,85,85,85,85,90,90,90,95,95,100,100,100,107,107,114,114,114,114,114,114,114,114,114,114,114,114,124,131,131,136,136,146,146,146,151,151,151,151,169,169,169,174,174,174,174,174,174,174,174,174],"card_choices":[{"not_picked":["Clothesline","Wild Strike"],"picked":"Shrug It Off","floor":0.0},{"not_picked":["Wild Strike","ReplayTheSpireMod:Strike From Hell"],"picked":"Pommel Strike","floor":1.0},{"not_picked":["ReplayReversal","Disarm"],"picked":"Armaments","floor":2.0},{"not_picked":["ReplayReversal","Run Through","Armaments"],"picked":"SKIP","floor":3.0},{"not_picked":["Twin Strike","Sentinel"],"picked":"Entrench","floor":4.0},{"not_picked":["Sword Boomerang","Warcry"],"picked":"Battle Trance","floor":5.0},{"not_picked":["Feel No Pain","Shrug It Off","Perfected Strike"],"picked":"SKIP","floor":8.0},{"not_picked":["Brutality","Abandon"],"picked":"Whirlwind","floor":11.0},{"not_picked":["conspire:ExplosiveBarrier","Pommel Strike"],"picked":"Body Slam","floor":13.0},{"not_picked":["Brutality","conspire:HitWhereItHurts"],"picked":"Limit Break","floor":16.0},{"not_picked":["Thunderclap","Run Through","Havoc"],"picked":"SKIP","floor":18.0},{"not_picked":["REME_Cut","Metallicize+1"],"picked":"Second Wind","floor":20.0},{"not_picked":["True Grit","Metallicize"],"picked":"Limit Break","floor":23.0},{"not_picked":["REME_FearOfPain","Wild Strike","Battle Trance"],"picked":"SKIP","floor":25.0},{"not_picked":["Clothesline","Whirlwind"],"picked":"Inflame","floor":28.0},{"not_picked":["Shockwave+1","Replay:Undeath\u0027s Touch","Cleave+1"],"picked":"SKIP","floor":30.0},{"not_picked":["Headbutt","Replay:Undeath\u0027s Touch","Searing Blow"],"picked":"SKIP","floor":31.0},{"not_picked":["Demon Form","Immolate"],"picked":"conspire:Purge+1","floor":33},{"not_picked":["Pommel Strike","True Grit+1"],"picked":"ReplayTheSpireMod:Stacked+1","floor":35},{"not_picked":["Life Link","ReplayTheSpireMod:Corrosion Curse+1"],"picked":"Shrug It Off+1","floor":36},{"not_picked":["Havoc+1","Intimidate+1"],"picked":"Flex+1","floor":38},{"not_picked":["Clash","Iron Wave+1"],"picked":"Feed","floor":40},{"not_picked":["christmas-War","christmas-Famine"],"picked":"christmas-Death","floor":40},{"not_picked":["Perfected Strike","Anger"],"picked":"Hemokinesis+1","floor":42},{"not_picked":["christmas-Death+1","christmas-Plague"],"picked":"christmas-Famine+1","floor":42},{"not_picked":["Dark Embrace","True Grit+1"],"picked":"Pummel+1","floor":45},{"not_picked":["Abandon+1","Iron Wave"],"picked":"Wild Strike+1","floor":48},{"not_picked":["Defy Death+1","Uppercut"],"picked":"Armaments+1","floor":49},{"not_picked":["Rage+1","Perfected Strike+1"],"picked":"Power Through+1","floor":50}],"player_experience":48295,"relics_obtained":[{"floor":9.0,"key":"testmod-LifeArmor"},{"floor":13.0,"key":"Orichalcum"},{"floor":23.0,"key":"Vajra"},{"floor":26.0,"key":"Toxic Egg 2"},{"floor":40,"key":"testmod-TurbochargingSystem"},{"floor":43,"key":"MagicDraw1"},{"floor":49,"key":"Kunai"}],"event_choices":[{"damage_healed":28.0,"max_hp_gain":0.0,"max_hp_loss":0.0,"gold_gain":0.0,"event_name":"Big Fish","player_choice":"Banana","floor":7.0,"gold_loss":0.0,"damage_taken":0.0},{"damage_healed":0.0,"max_hp_gain":0.0,"max_hp_loss":0.0,"gold_gain":50.0,"event_name":"Golden Shrine","player_choice":"Pray","floor":10.0,"gold_loss":0.0,"damage_taken":0.0},{"cards_removed":["Strike_R"],"damage_healed":0.0,"max_hp_gain":0.0,"max_hp_loss":0.0,"gold_gain":0.0,"event_name":"The Cleric","player_choice":"Card Removal","floor":14.0,"gold_loss":75.0,"damage_taken":0.0},{"damage_healed":0.0,"max_hp_gain":0.0,"max_hp_loss":0.0,"gold_gain":0.0,"event_name":"Ghosts","player_choice":"Ignored","floor":22.0,"gold_loss":0.0,"damage_taken":0.0},{"damage_healed":0.0,"max_hp_gain":0.0,"max_hp_loss":0.0,"gold_gain":0.0,"event_name":"给自己的盒子","player_choice":"Swap Relic","floor":24.0,"relics_lost":["testmod-TestBox"],"gold_loss":0.0,"damage_taken":0.0,"relics_obtained":["testmod-TestBox"]},{"cards_removed":["Whirlwind"],"damage_healed":0,"gold_gain":0,"player_choice":"Removed Attack","damage_taken":0,"max_hp_gain":0,"max_hp_loss":0,"event_name":"Falling","floor":37,"gold_loss":0},{"damage_healed":0,"gold_gain":0,"player_choice":"Upgraded","damage_taken":0,"max_hp_gain":0,"max_hp_loss":0,"event_name":"Upgrade Shrine","floor":39,"gold_loss":0,"cards_upgraded":["Limit Break"]}],"is_beta":false,"boss_relics":[{"not_picked":["testmod-SaigiyounoYou","Fusion Hammer"],"picked":"testmod-TimeTraveler"},{"not_picked":["Kintsugi","SacredBark"],"picked":"testmod-KeyOfTheVoid"}],"items_purged_floors":[19],"is_endless":false,"potions_floor_spawned":[1,3,13,16,20,23,28,30,31,42,45,50],"ascension_level":20}}