{"host":"3j2m8n0ywf988fwb","time":1608585695,"event":{"mods":["2.2 Compatiblity","Act Like it!","Aspiration","BaseMod","Beaked The Cultist","Better Altar","Better Match","Better Note","Better Sensory Stone","Better Skull","Better Third Choice","CCEM","Colored Map","Colored Powertips","Conspire","Energized Spire","GifTheSpireLib","Googly Eyes","Halation","Hallownest","Highlight Path","Hubris","Infinite Spire","Jedi Mod","Marisa????????","Marked Mod","Mimic Mod","Minty Spire (QoL Compilation)","Random Character Button","Relic Stats","Replay The Spire","Robot Space Explorer","Shop Mod","Somnambulant","StSLib","Stuff the Spire","The Bug Knight","The Hierophant","The Marked","The Runesmith","TheFirefly","Unceasing Turn Reminder","everything is the same but u backflip on backflip"],"gold_per_floor":[115,131,131,131,131,131,56,97,136,90,123,123,136,151,151,272,272,291,291,304,304,318,318,349,349,375,398,398,398,398],"floor_reached":29,"playtime":2283,"items_purged":["Injury","theMarked:SoldierOfQuellstein"],"score":251,"play_id":"35f2c233-27c8-4a51-a593-ab5f1d3527ba","local_time":"20201221152135","is_ascension_mode":false,"campfire_choices":[{"floor":6,"key":"RECALL"},{"floor":12,"key":"REST"},{"data":"theMarked:ShockingTouch","floor":15,"key":"SMITH"},{"data":"theMarked:UnarmedFury","floor":23,"key":"SMITH"}],"circlet_count":0,"master_deck":["theMarked:Strike","theMarked:Strike","theMarked:Strike","theMarked:Strike","theMarked:Defend","theMarked:Defend","theMarked:Defend","theMarked:Defend","jedi:forcepush+1","theMarked:WastefulAttack+1","theMarked:ResourceFulStrike","theMarked:ElectricStrings","theMarked:ShockingTouch+1","theMarked:TwofoldDefense","theMarked:UnarmedFury+1","theMarked:Electrocute","theMarked:PowerFlow","theMarked:ChainLightning","theMarked:UnarmedFury","theMarked:TakeOffHeels","theMarked:MaelstromOfLightning","conspire:SpireCoStock"],"relics":["theMarked:ArtifactOfAir","Golden Idol","Ancient Tea Set","Bronze Scales","Replay:Bottled Flurry","Runic Pyramid","Tiny Chest","HollowMod:LifeEnderRelic","Blood Vial"],"acts_visited":["Exordium","TheCity"],"potions_floor_usage":[16],"damage_taken":[{"damage":6,"enemies":"Jaw Worm","floor":1,"turns":3},{"damage":0,"enemies":"Small Slimes","floor":2,"turns":3},{"damage":18,"enemies":"Replay:BlueRogue","floor":8,"turns":6},{"damage":1,"enemies":"2 Louse","floor":9,"turns":9},{"damage":23,"enemies":"3 Sentries","floor":11,"turns":7},{"damage":0,"enemies":"2 Louse","floor":13,"turns":1},{"damage":0,"enemies":"Looter","floor":14,"turns":2},{"damage":21,"enemies":"Hexaghost","floor":16,"turns":8},{"damage":13,"enemies":"conspire:FuzzyDice","floor":18,"turns":6},{"damage":0,"enemies":"Spheric Guardian","floor":20,"turns":3},{"damage":18,"enemies":"Snake Plant","floor":22,"turns":2},{"damage":16,"enemies":"Replay:Snechameleon","floor":24,"turns":5},{"damage":24,"enemies":"3 Cultists","floor":27,"turns":4},{"damage":10,"enemies":"Shelled Parasite and Fungi","floor":29,"turns":2}],"seed_played":"5990134538765760370","potions_obtained":[{"floor":2,"key":"Dexterity Potion"},{"floor":11,"key":"Block Potion"},{"floor":16,"key":"SpeedPotion"},{"floor":22,"key":"GamblersBrew"},{"floor":27,"key":"Fire Potion"}],"is_trial":false,"path_per_floor":["M","M","?","?","?","R","$","E","MIM","$","E","R","M","M","R","B",null,"M","?","M","AVR","M","R","E","?","T","M","?","M"],"character_chosen":"THE_DEFAULT","items_purchased":["theMarked:ElectricStrings"],"campfire_rested":1,"item_purchase_floors":[10],"current_hp_per_floor":[64,64,64,64,64,64,64,46,45,45,22,43,43,43,43,22,70,57,57,57,57,39,39,23,23,23,1,1,0,0],"gold":398,"neow_bonus":"RANDOM_COLORLESS","is_daily":false,"chose_seed":false,"campfire_upgraded":2,"win_rate":0.0,"timestamp":1608585695,"path_taken":["M","M","?","?","?","R","$","E","MIM","?","E","R","M","?","R","BOSS","M","?","M","AVR","?","R","E","?","T","M","?","M"],"items_purchased_type":["Card"],"build_version":"2020-12-13","purchased_purges":2,"victory":false,"max_hp_per_floor":[70,70,70,70,70,70,70,70,70,70,70,70,70,70,70,70,70,70,70,70,70,70,70,70,70,70,70,70,70,70],"relic_stats":{"Blood Vial":4,"counters":[14,61],"Golden Idol":74,"Bronze Scales":[107],"Tiny Chest":0,"obtain_stats":[{"Blood Vial":26,"theMarked:ArtifactOfAir":0,"HollowMod:LifeEnderRelic":24,"Golden Idol":4,"Bronze Scales":9,"Tiny Chest":21,"Replay:Bottled Flurry":11,"Ancient Tea Set":8,"Runic Pyramid":17},{"Blood Vial":12,"theMarked:ArtifactOfAir":0,"HollowMod:LifeEnderRelic":12,"Golden Idol":2,"Bronze Scales":4,"Tiny Chest":10,"Replay:Bottled Flurry":5,"Ancient Tea Set":3,"Runic Pyramid":8},{"Blood Vial":55,"theMarked:ArtifactOfAir":0,"HollowMod:LifeEnderRelic":55,"Golden Idol":6,"Bronze Scales":21,"Tiny Chest":48,"Replay:Bottled Flurry":28,"Ancient Tea Set":12,"Runic Pyramid":39}]},"card_choices":[{"not_picked":["Replay:Sssssssssstrike","Madness"],"picked":"jedi:forcepush","floor":0},{"not_picked":["theMarked:RepellingDischarge","theMarked:HeightenedSenses"],"picked":"theMarked:WastefulAttack","floor":1},{"not_picked":["theMarked:BanishingStrike","theMarked:SwordAndMagic","theMarked:Improvise"],"picked":"SKIP","floor":2},{"not_picked":["theMarked:EmpowerWeapon","theMarked:BanishingWave"],"picked":"theMarked:ResourceFulStrike","floor":8},{"not_picked":["theMarked:RogueSparks","theMarked:EnhancedHearing"],"picked":"theMarked:ShockingTouch","floor":11},{"not_picked":["theMarked:WardOff","theMarked:RogueSparks","theMarked:BanishingStrike"],"picked":"SKIP","floor":13},{"not_picked":["theMarked:RepellingDischarge","theMarked:TurnInvisible"],"picked":"theMarked:TwofoldDefense","floor":14},{"not_picked":["theMarked:TurnInvisible","theMarked:Levitate"],"picked":"theMarked:UnarmedFury","floor":16},{"not_picked":["theMarked:Seal","theMarked:StartUp"],"picked":"theMarked:Electrocute","floor":18},{"not_picked":["theMarked:Panic","theMarked:Improvise"],"picked":"theMarked:PowerFlow","floor":20},{"not_picked":["theMarked:Electrocute","theMarked:TunnelVision"],"picked":"theMarked:ChainLightning","floor":22},{"not_picked":["theMarked:DeterminationOfTheMarked","theMarked:EnhanceMovement+1"],"picked":"theMarked:UnarmedFury","floor":24},{"not_picked":["theMarked:Improvise+1","theMarked:EmpowerWeapon"],"picked":"theMarked:MaelstromOfLightning","floor":27}],"player_experience":1006566,"relics_obtained":[{"floor":8,"key":"Ancient Tea Set"},{"floor":9,"key":"Bronze Scales"},{"floor":11,"key":"Replay:Bottled Flurry"},{"floor":24,"key":"HollowMod:LifeEnderRelic"},{"floor":26,"key":"Blood Vial"}],"event_choices":[{"damage_healed":0,"gold_gain":0,"player_choice":"Take Wound","damage_taken":0,"relics_obtained":["Golden Idol"],"max_hp_gain":0,"max_hp_loss":0,"event_name":"Golden Idol","floor":4,"gold_loss":0,"cards_obtained":["Injury"]},{"damage_healed":0,"gold_gain":0,"player_choice":"Grow","damage_taken":0,"max_hp_gain":0,"max_hp_loss":0,"event_name":"Living Wall","floor":5,"gold_loss":0,"cards_upgraded":["theMarked:WastefulAttack"]},{"damage_healed":0,"gold_gain":0,"cards_transformed":["theMarked:Strike"],"player_choice":"Transformed","damage_taken":0,"max_hp_gain":0,"max_hp_loss":0,"event_name":"Transmorgrifier","floor":25,"gold_loss":0,"cards_obtained":["theMarked:TakeOffHeels"]},{"damage_healed":0,"gold_gain":0,"player_choice":"Take","damage_taken":0,"max_hp_gain":0,"max_hp_loss":0,"event_name":"betterNote:BetterNote","floor":28,"gold_loss":0,"cards_obtained":["conspire:SpireCoStock"]}],"is_beta":false,"boss_relics":[{"not_picked":["halation:PlatinumPhoenix","SacredBark"],"picked":"Runic Pyramid"}],"items_purged_floors":[7,21],"is_endless":false,"potions_floor_spawned":[2,11,16,22,27],"killed_by":"Shelled Parasite and Fungi","ascension_level":0}}