{"host":"00tqcjwpycel7e54","time":1608538262,"event":{"mods":["ATMod(阿瑾Mod)","BaseMod","Displayed Cursed Tome","Downfall","Hermit","Luminous","Marisa（F雨　魔理沙）","Minty Spire (QoL Compilation)","Remilia（蕾米莉亚）","Replay The Spire","Robot Space Explorer","StSLib","The Cursed","The Servant 0.9.4","WarShipGirlsR/战舰少女R mod","Youmu（魂魄妖梦）","【东方二次创作】八云紫mod"],"gold_per_floor":[114,114,128,24,199,227,227,227,227,240,268,35,35,54,130,247,247,258,258,269,300,336,336,336],"floor_reached":23,"playtime":2935,"items_purged":[],"score":276,"play_id":"4028bf6b-afbb-498b-b377-23d1bd652a8e","local_time":"20201221161102","is_ascension_mode":false,"campfire_choices":[{"data":"ScarletShoot","floor":8,"key":"SMITH"}],"circlet_count":0,"master_deck":["Strike_RM","Strike_RM","Strike_RM","Strike_RM","Defend_RM","Defend_RM","Defend_RM","RedMoon","ScarletShoot+1","MastersStateliness","StarOfDavid","BloodyTrap","FavorOfDestiny+1","Doubt","BloodHunter","Languid","BlasphemousPunishment","ReincarnationDial","ScarletMeister","BloodyCatastrophe+1","VampireClaw","BombardNight","HeartBreak","AfternoonTea","J.A.X.","ScarletImprint+1","ScarletNetherworld","UnstableMagic"],"relics":["ScarletHat","AT_ATBox","NeowsBlessing","ReplayTheSpireMod:Lightbulb","Ring of Fury","Blue Doll","Replay:Rubber Ducky","Honey Jar"],"acts_visited":["Exordium","TheCity"],"potions_floor_usage":[14,16,18,18,21],"damage_taken":[{"damage":0.0,"enemies":"2 Louse","floor":1.0,"turns":1.0},{"damage":0.0,"enemies":"Small Slimes","floor":3.0,"turns":1.0},{"damage":0.0,"enemies":"3 Sentries","floor":6.0,"turns":1.0},{"damage":0,"enemies":"Jaw Worm","floor":10,"turns":4},{"damage":22,"enemies":"Lagavulin","floor":11,"turns":5},{"damage":4,"enemies":"2 Fungi Beasts","floor":14,"turns":5},{"damage":22,"enemies":"Slime Boss","floor":16,"turns":5},{"damage":11,"enemies":"2 Thieves","floor":18,"turns":3},{"damage":3,"enemies":"Spheric Guardian","floor":20,"turns":6},{"damage":0,"enemies":"Snecko","floor":21,"turns":5},{"damage":47,"enemies":"3 Cultists","floor":22,"turns":5},{"damage":0,"enemies":"Slavers","floor":23,"turns":1}],"seed_played":"361747302831470731","potions_obtained":[{"floor":1.0,"key":"SteroidPotion"},{"floor":10,"key":"ColorlessPotion"},{"floor":11,"key":"SteroidPotion"},{"floor":16,"key":"Explosive Potion"},{"floor":20,"key":"Reflective Coating"}],"is_trial":false,"path_per_floor":["M","?","M","$","?","E","?","R","T","M","E","$","?","M","R","B",null,"M","?","M","M","M","E"],"character_chosen":"REMILIA","items_purchased":["BloodyTrap","FavorOfDestiny","ScarletMeister","BloodyCatastrophe+1","VampireClaw"],"campfire_rested":0,"item_purchase_floors":[4,4,12,12,12],"current_hp_per_floor":[75,68,68,68,68,68,68,68,68,69,56,56,56,55,55,33,75,66,66,65,68,27,27,27],"gold":336,"neow_bonus":"THREE_ENEMY_KILL","is_daily":false,"chose_seed":false,"campfire_upgraded":1,"win_rate":0.0,"timestamp":1608538262,"path_taken":["M","?","M","$","?","E","?","R","T","M","E","$","?","M","R","BOSS","M","?","M","M","M","E"],"items_purchased_type":["Card","Card","Card","Card","Card"],"build_version":"2020-12-13","purchased_purges":0,"victory":false,"max_hp_per_floor":[75,75,75,75,75,75,75,75,75,75,75,75,75,75,75,75,75,75,75,75,75,78,78,78],"card_choices":[{"not_picked":["DiffusionOfMisfortune","ScarletDevil"],"picked":"MastersStateliness","floor":1.0},{"not_picked":["BadLadyScramble","BloodyTrap"],"picked":"StarOfDavid","floor":3.0},{"not_picked":["EndlessAdversity","UnderTheZenith"],"picked":"BloodHunter","floor":6.0},{"not_picked":["MiserableFate","VampireKiss"],"picked":"BlasphemousPunishment","floor":10},{"not_picked":["EndlessAdversity","VampireSweep"],"picked":"ReincarnationDial","floor":11},{"not_picked":["RedMagic","MastersStateliness"],"picked":"BombardNight","floor":14},{"not_picked":["BloodRain","ChaoticDestiny"],"picked":"HeartBreak","floor":16},{"not_picked":["VampireKiss","RedRainbow","VampireClaw"],"picked":"AfternoonTea","floor":18},{"not_picked":["BloodHunter","ScarletDevil","ScarletNetherworld"],"picked":"ScarletImprint+1","floor":20},{"not_picked":["BloodyTrap","EndlessAdversity","MastersStateliness"],"picked":"ScarletNetherworld","floor":21},{"not_picked":["BloodHunter+1","UnderTheZenith","StarOfDavid"],"picked":"UnstableMagic","floor":22}],"player_experience":663228,"relics_obtained":[{"floor":6.0,"key":"ReplayTheSpireMod:Lightbulb"},{"floor":7.0,"key":"Ring of Fury"},{"floor":9,"key":"Blue Doll"},{"floor":11,"key":"Replay:Rubber Ducky"}],"event_choices":[{"cards_removed":["Defend_RM"],"damage_healed":0.0,"max_hp_gain":0.0,"max_hp_loss":0.0,"gold_gain":0.0,"event_name":"Golden Wing","player_choice":"Card Removal","floor":2.0,"gold_loss":0.0,"damage_taken":7.0},{"damage_healed":0.0,"max_hp_gain":0.0,"max_hp_loss":0.0,"gold_gain":175.0,"event_name":"Liars Game","player_choice":"AGREE","floor":5.0,"gold_loss":0.0,"damage_taken":0.0,"cards_obtained":["Doubt"]},{"damage_healed":0,"gold_gain":0,"player_choice":"Obtain J.A.X.","damage_taken":0,"max_hp_gain":0,"max_hp_loss":0,"event_name":"Drug Dealer","floor":19,"gold_loss":0,"cards_obtained":["J.A.X."]}],"is_beta":false,"boss_relics":[{"not_picked":["Sozu","Philosopher\u0027s Stone"],"picked":"Honey Jar"}],"items_purged_floors":[],"is_endless":false,"potions_floor_spawned":[1,11,16,20],"killed_by":"Slavers","ascension_level":0}}