{"host":"0luxfixkkfk9wck3","time":1608576464,"event":{"mods":["BaseMod","Downfall","Highlight Path","Minty Spire (QoL Compilation)","StSLib"],"gold_per_floor":[99,152,183,35,35,35,35,35,45,45,195,195,16,44,59,162,162,162,185,185,110,28,28,28,47,47,47,47,65,76,7,21,120,120,45,30,30,30,50,50,50,50,63,63,86,86,96,96,107,107],"floor_reached":51,"playtime":3741,"items_purged":["Regret"],"score":641,"play_id":"8f517687-b8ef-43dc-9c4c-e011c0bcbd65","local_time":"20201221124744","is_ascension_mode":false,"campfire_choices":[{"data":"hexamod:Sear","floor":1,"key":"SMITH"},{"data":"hexamod:CrushingStance","floor":8,"key":"SMITH"},{"data":"hexamod:HexaLevel","floor":10,"key":"SMITH"},{"floor":18,"key":"RECALL"},{"data":"hexamod:GhostflameInferno","floor":21,"key":"SMITH"},{"data":"expansioncontent:CaCaw","floor":23,"key":"SMITH"},{"data":"hexamod:GhostflameInferno","floor":27,"key":"SMITH"},{"data":"hexamod:EmpoweringStance","floor":35,"key":"SMITH"},{"data":"hexamod:SoulSteal","floor":40,"key":"SMITH"},{"data":"hexamod:FastForward","floor":42,"key":"SMITH"},{"data":"hexamod:HeatShield","floor":44,"key":"SMITH"}],"circlet_count":0,"master_deck":["hexamod:Strike+1","hexamod:Strike+1","hexamod:Strike+1","hexamod:Strike+1","hexamod:Defend+1","hexamod:Defend+1","hexamod:Defend+1","hexamod:Defend+1","hexamod:Sear+1","hexamod:Float","hexamod:ThirdSeal","hexamod:CrushingStance+1","hexamod:HexaLevel+1","hexamod:FirstSeal","hexamod:Hexaguard","Slimebound:Icky","hexamod:ShieldOfDarkness","hexamod:HauntingEcho","hexamod:SecondSeal","expansioncontent:CaCaw+1","hexamod:HeatShield+1","hexamod:Hexaguard","hexamod:GhostflameInferno+1","hexamod:ThermalTransfer","hexamod:InspiringFlames+1","hexamod:GhostflameInferno+1","hexamod:DynamicBlow","hexamod:GhostShield","hexamod:FastForward+1","hexamod:Hexaguard","hexamod:SoulSteal+1","hexamod:EmpoweringStance+1","hexamod:BurningTouch+1","hexamod:NecessarySacrifice+1","hexamod:EtherealExpedition+1","hexamod:TimeOfNeed","hexamod:FastForward+1","hexamod:FourthSeal","hexamod:NightmareStrike+1","hexamod:SpectersWail+1"],"relics":["hexamod:SpiritBrand","downfall:HeartsMalice","Anchor","Calipers","OrangePellets","Meat on the Bone","hexamod:IceCube","downfall:HeartBlessingRed","Runic Pyramid","downfall:HeartBlessingBlue","Bag of Marbles"],"acts_visited":["Exordium","TheCity","TheBeyond"],"potions_floor_usage":[16,33,50,50],"damage_taken":[{"damage":0,"enemies":"Lagavulin","floor":3,"turns":1},{"damage":0,"enemies":"downfall:FleeingMerchant","floor":4,"turns":1},{"damage":0,"enemies":"Cultist","floor":5,"turns":1},{"damage":0,"enemies":"2 Louse","floor":9,"turns":2},{"damage":2,"enemies":"downfall:FleeingMerchant","floor":13,"turns":4},{"damage":0,"enemies":"Small Slimes","floor":14,"turns":3},{"damage":6,"enemies":"Large Slime","floor":15,"turns":7},{"damage":67,"enemies":"downfall:Silent","floor":16,"turns":11},{"damage":0,"enemies":"Chosen","floor":19,"turns":5},{"damage":2,"enemies":"downfall:FleeingMerchant","floor":22,"turns":4},{"damage":6,"enemies":"Spheric Guardian","floor":25,"turns":4},{"damage":0,"enemies":"Shelled Parasite and Fungi","floor":29,"turns":5},{"damage":10,"enemies":"Centurion and Healer","floor":30,"turns":7},{"damage":18,"enemies":"downfall:FleeingMerchant","floor":31,"turns":4},{"damage":8,"enemies":"Cultist and Chosen","floor":32,"turns":6},{"damage":28,"enemies":"downfall:Ironclad","floor":33,"turns":10},{"damage":0,"enemies":"downfall:FleeingMerchant","floor":36,"turns":4},{"damage":0,"enemies":"3 Shapes","floor":39,"turns":4},{"damage":0,"enemies":"Orb Walker","floor":43,"turns":3},{"damage":15,"enemies":"4 Shapes","floor":45,"turns":7},{"damage":8,"enemies":"Writhing Mass","floor":47,"turns":7},{"damage":12,"enemies":"Sphere and 2 Shapes","floor":49,"turns":6},{"damage":26,"enemies":"downfall:Defect","floor":50,"turns":8}],"seed_played":"713528056644515315","potions_obtained":[{"floor":9,"key":"SpeedPotion"},{"floor":14,"key":"hexamod:EctoCoolerPotion"},{"floor":16,"key":"hexamod:DoubleChargePotion"},{"floor":29,"key":"Fire Potion"},{"floor":43,"key":"CultistPotion"},{"floor":47,"key":"BlessingOfTheForge"},{"floor":49,"key":"hexamod:EctoCoolerPotion"}],"is_trial":false,"path_per_floor":["R","T","E","$","M","?","T","R","M","R","?","?","$","M","M","B",null,"R","M","?","R","$","R","T","M","?","R","?","M","M","$","M","B",null,"R","$","?","?","M","R","T","R","M","R","M","?","M","?","M","B",null],"character_chosen":"THE_SPIRIT","items_purchased":["OrangePellets","hexamod:SecondSeal","expansioncontent:CaCaw","hexamod:FastForward"],"campfire_rested":0,"item_purchase_floors":[4,13,13,31],"current_hp_per_floor":[70,70,70,70,70,70,70,70,70,70,70,70,70,70,70,22,70,70,70,70,70,68,68,68,62,62,62,62,69,66,55,54,45,70,80,80,80,80,80,80,80,80,80,80,72,72,64,64,52,38],"gold":107,"neow_bonus":"THREE_ENEMY_KILL","is_daily":false,"chose_seed":false,"campfire_upgraded":10,"win_rate":0.0,"timestamp":1608576464,"path_taken":["R","?","E","$","M","?","T","R","M","R","?","?","$","M","M","BOSS","R","M","?","R","$","R","T","M","?","R","?","M","M","?","M","BOSS","R","$","?","?","M","R","T","R","M","R","M","?","M","?","M","BOSS"],"items_purchased_type":["Relic","Card","Card","Card"],"build_version":"2020-12-13","purchased_purges":1,"victory":true,"max_hp_per_floor":[70,70,70,70,70,70,70,70,70,70,70,70,70,70,70,70,70,70,70,70,70,70,70,70,70,70,70,70,70,70,70,70,70,70,80,80,80,80,80,80,80,80,80,80,80,80,80,80,80,80],"card_choices":[{"not_picked":["hexamod:SpectersWail","hexamod:PhantomCloak"],"picked":"hexamod:ThirdSeal","floor":3},{"not_picked":["hexamod:SearingWound","hexamod:BacktrackSmack"],"picked":"hexamod:CrushingStance","floor":4},{"not_picked":["hexamod:NightmareGuise","hexamod:BurningTouch"],"picked":"hexamod:HexaLevel","floor":5},{"not_picked":["hexamod:NightmareGuise","hexamod:HeatMetal"],"picked":"hexamod:FirstSeal","floor":9},{"not_picked":["hexamod:SwordOfDarkness","hexamod:Firestarter"],"picked":"hexamod:Hexaguard","floor":9},{"not_picked":["hexamod:ChargedBarrage","hexamod:HeatCrush"],"picked":"hexamod:ShieldOfDarkness","floor":13},{"not_picked":["hexamod:CatchUp","hexamod:NightmareGuise"],"picked":"hexamod:HauntingEcho","floor":13},{"not_picked":["hexamod:GhostLash","hexamod:HexaLevel"],"picked":"hexamod:HeatShield","floor":14},{"not_picked":["hexamod:GhostOfSpirePresent","hexamod:GhostflameBarrier"],"picked":"hexamod:Hexaguard","floor":15},{"not_picked":["hexamod:BacktrackSmack","hexamod:NightmareGuise","hexamod:SwordOfDarkness"],"picked":"SKIP","floor":15},{"not_picked":["hexamod:WildfireWeapon","hexamod:TurnItUp"],"picked":"hexamod:GhostflameInferno","floor":16},{"not_picked":["hexamod:BacktrackSmack","hexamod:HauntingEcho"],"picked":"hexamod:ThermalTransfer","floor":19},{"not_picked":["hexamod:HauntingEcho","hexamod:NecessarySacrifice","hexamod:GhostLash"],"picked":"SKIP","floor":19},{"not_picked":["hexamod:Incineration","hexamod:HeatMetal+1"],"picked":"hexamod:InspiringFlames+1","floor":22},{"not_picked":["hexamod:SecondSeal","hexamod:GhostOfSpirePresent+1","hexamod:NightmareStrike"],"picked":"SKIP","floor":22},{"not_picked":["hexamod:Firestarter","hexamod:SwordOfDarkness"],"picked":"hexamod:GhostflameInferno","floor":25},{"not_picked":["hexamod:FastForward+1","hexamod:Hexaguard","hexamod:BurningTouch"],"picked":"SKIP","floor":25},{"not_picked":["hexamod:SpectersWail","hexamod:GhostflameInferno"],"picked":"hexamod:DynamicBlow","floor":29},{"not_picked":["hexamod:HauntingEcho+1","hexamod:Rewind","hexamod:RadiantFlame"],"picked":"SKIP","floor":29},{"not_picked":["hexamod:NightmareGuise","hexamod:GhostOfSpirePresent+1","hexamod:InspiringFlames"],"picked":"SKIP","floor":30},{"not_picked":["hexamod:SwordOfDarkness","hexamod:ChargedBarrage","hexamod:InspiringFlames+1"],"picked":"SKIP","floor":30},{"not_picked":["hexamod:SpectersWail","hexamod:TurnItUp"],"picked":"hexamod:GhostShield","floor":31},{"not_picked":["hexamod:InspiringFlames","hexamod:SpectersWail","hexamod:HauntingEcho"],"picked":"SKIP","floor":31},{"not_picked":["hexamod:BacktrackSmack","hexamod:UnleashSpirits"],"picked":"hexamod:Hexaguard","floor":32},{"not_picked":["hexamod:HauntingEcho+1","hexamod:BacktrackSmack"],"picked":"hexamod:SoulSteal","floor":32},{"not_picked":["hexamod:GhostflameInferno","hexamod:HexaLevel"],"picked":"hexamod:EmpoweringStance","floor":33},{"not_picked":["hexamod:ThermalTransfer+1","hexamod:FirstSeal"],"picked":"hexamod:BurningTouch+1","floor":36},{"not_picked":["hexamod:Incineration","hexamod:GhostOfSpirePresent"],"picked":"hexamod:NecessarySacrifice+1","floor":36},{"not_picked":["hexamod:RainOfEmbers+1","hexamod:GhostLash+1"],"picked":"hexamod:EtherealExpedition+1","floor":39},{"not_picked":["hexamod:Firestarter+1","hexamod:SecondSeal","hexamod:NightmareStrike"],"picked":"SKIP","floor":39},{"not_picked":["hexamod:DynamicBlow+1","hexamod:BurningTouch+1","hexamod:HauntingEcho+1"],"picked":"SKIP","floor":43},{"not_picked":["hexamod:HeatCrush+1","hexamod:Again+1"],"picked":"hexamod:TimeOfNeed","floor":45},{"not_picked":["hexamod:InspiringFlames+1","hexamod:GhostflameBarrier+1"],"picked":"hexamod:FastForward+1","floor":45},{"not_picked":["hexamod:BacktrackSmack+1","hexamod:RainOfEmbers+1"],"picked":"hexamod:NightmareStrike+1","floor":47},{"not_picked":["hexamod:SecondSeal","hexamod:RainOfEmbers","hexamod:GhostflameInferno"],"picked":"SKIP","floor":47},{"not_picked":["hexamod:GhostflameBarrier","hexamod:Rewind"],"picked":"hexamod:SpectersWail+1","floor":49},{"not_picked":["hexamod:ShieldOfDarkness","hexamod:NightmareGuise","hexamod:SpectersWail+1"],"picked":"SKIP","floor":49}],"player_experience":10492757,"relics_obtained":[{"floor":2,"key":"Anchor"},{"floor":3,"key":"Calipers"},{"floor":7,"key":"Meat on the Bone"},{"floor":41,"key":"Bag of Marbles"}],"event_choices":[{"damage_healed":0,"gold_gain":0,"player_choice":"Simplicity","damage_taken":0,"max_hp_gain":0,"max_hp_loss":0,"event_name":"Back to Basics","floor":20,"gold_loss":0,"cards_upgraded":["hexamod:Strike","hexamod:Strike","hexamod:Defend","hexamod:Defend","hexamod:Defend"]},{"damage_healed":0,"gold_gain":0,"player_choice":"Ignored","damage_taken":0,"max_hp_gain":0,"max_hp_loss":0,"event_name":"Vampires","floor":28,"gold_loss":0},{"damage_healed":0,"gold_gain":0,"player_choice":"Ignored","damage_taken":0,"max_hp_gain":0,"max_hp_loss":0,"event_name":"Mysterious Sphere","floor":37,"gold_loss":0}],"is_beta":false,"boss_relics":[{"not_picked":["Astrolabe","SacredBark"],"picked":"hexamod:IceCube"},{"not_picked":["Runic Dome","Tiny House"],"picked":"Runic Pyramid"}],"items_purged_floors":[22],"is_endless":false,"potions_floor_spawned":[9,14,16,29,30,32,43,47],"ascension_level":0}}