{"host":"x1qj4d8ympd5jdqh","time":1608557395,"event":{"mods":["AchievementEnabler","AlwaysNeverKeys","BaseMod","Colored Map","Custom Start","DeckTracker","Highlight Path","Minty Spire (QoL Compilation)","StSLib","SuperFastMode"],"gold_per_floor":[113,113,132,150,162,187,203,40,40,50,50,65,25,52,52,127,177,189,207,207,207],"floor_reached":20,"playtime":577,"items_purged":["Strike_R"],"score":376,"play_id":"944b8b7b-53d8-4e46-a5e2-34bff4aa6f50","local_time":"20201221222955","is_ascension_mode":true,"campfire_choices":[{"data":"Fire Breathing","floor":11,"key":"SMITH"},{"data":"Burning Pact","floor":15,"key":"SMITH"}],"circlet_count":0,"master_deck":["AscendersBane","Strike_R+1","Strike_R","Strike_R","Strike_R","Defend_R","Defend_R","Defend_R","Defend_R","Bash","Wild Strike","Rampage","Burning Pact+1","Headbutt","Power Through","Feed","Fire Breathing+1","Seeing Red","Anger"],"relics":["Burning Blood","Bag of Marbles","Blue Candle","Shuriken","Tiny House"],"acts_visited":["Exordium","TheCity"],"potions_floor_usage":[6,16,16,18,20],"damage_taken":[{"damage":10,"enemies":"Small Slimes","floor":1,"turns":4},{"damage":9,"enemies":"Jaw Worm","floor":3,"turns":3},{"damage":1,"enemies":"Cultist","floor":4,"turns":3},{"damage":16,"enemies":"Blue Slaver","floor":5,"turns":3},{"damage":8,"enemies":"Gremlin Nob","floor":6,"turns":3},{"damage":7,"enemies":"3 Louse","floor":7,"turns":3},{"damage":10,"enemies":"2 Fungi Beasts","floor":10,"turns":3},{"damage":17,"enemies":"Gremlin Gang","floor":12,"turns":4},{"damage":15,"enemies":"3 Sentries","floor":14,"turns":4},{"damage":31,"enemies":"Hexaghost","floor":16,"turns":9},{"damage":22,"enemies":"2 Thieves","floor":18,"turns":4},{"damage":46,"enemies":"Spheric Guardian","floor":19,"turns":6},{"damage":13,"enemies":"3 Cultists","floor":20,"turns":3}],"seed_played":"7778098804044316509","potions_obtained":[{"floor":1,"key":"FearPotion"},{"floor":3,"key":"FearPotion"},{"floor":6,"key":"SpeedPotion"},{"floor":13,"key":"PowerPotion"},{"floor":13,"key":"HeartOfIron"},{"floor":14,"key":"ElixirPotion"},{"floor":16,"key":"FearPotion"},{"floor":17,"key":"Energy Potion"},{"floor":19,"key":"DistilledChaos"}],"is_trial":false,"path_per_floor":["M","?","M","M","M","E","M","$","T","M","R","M","?","E","R","B",null,"M","M","M"],"character_chosen":"IRONCLAD","items_purchased":["Fire Breathing"],"campfire_rested":0,"item_purchase_floors":[8],"current_hp_per_floor":[64,69,66,71,61,59,58,58,58,54,54,46,46,40,40,15,73,57,20,7,7],"gold":207,"neow_bonus":"THREE_CARDS","is_daily":false,"chose_seed":false,"campfire_upgraded":2,"win_rate":0.0,"timestamp":1608557395,"path_taken":["M","?","M","M","M","E","M","$","T","M","R","M","?","E","R","BOSS","M","M","M"],"items_purchased_type":["Card"],"build_version":"2020-12-13","purchased_purges":1,"victory":false,"max_hp_per_floor":[75,80,80,80,80,80,80,80,80,80,80,83,83,86,86,86,91,91,94,94,94],"card_choices":[{"not_picked":["Heavy Blade","Dark Embrace"],"picked":"Wild Strike","floor":0},{"not_picked":["Sword Boomerang","Flex"],"picked":"Rampage","floor":1},{"not_picked":["Havoc","Entrench"],"picked":"Burning Pact","floor":3},{"not_picked":["Shrug It Off","Perfected Strike"],"picked":"Headbutt","floor":4},{"not_picked":["Cleave","Pommel Strike"],"picked":"Power Through","floor":5},{"not_picked":["Entrench","Cleave","Pommel Strike"],"picked":"SKIP","floor":6},{"not_picked":["Pommel Strike","Thunderclap"],"picked":"Feed","floor":7},{"not_picked":["Heavy Blade","Wild Strike"],"picked":"Seeing Red","floor":10},{"not_picked":["Pommel Strike","Pummel","Dual Wield"],"picked":"SKIP","floor":12},{"not_picked":["Twin Strike","Iron Wave"],"picked":"Anger","floor":14},{"not_picked":["Armaments","Sword Boomerang+1","Reckless Charge"],"picked":"SKIP","floor":18},{"not_picked":["Anger","Havoc","Headbutt"],"picked":"SKIP","floor":19}],"player_experience":1265005,"relics_obtained":[{"floor":6,"key":"Bag of Marbles"},{"floor":9,"key":"Blue Candle"},{"floor":14,"key":"Shuriken"}],"event_choices":[{"damage_healed":0,"gold_gain":0,"player_choice":"Donut","damage_taken":0,"max_hp_gain":5,"max_hp_loss":0,"event_name":"Big Fish","floor":2,"gold_loss":0},{"damage_healed":0,"gold_gain":0,"player_choice":"Bought 3 Potions","damage_taken":0,"max_hp_gain":0,"max_hp_loss":0,"event_name":"The Woman in Blue","floor":13,"gold_loss":0}],"is_beta":false,"boss_relics":[{"not_picked":["Philosopher\u0027s Stone","Fusion Hammer"],"picked":"Tiny House"}],"items_purged_floors":[8],"is_endless":false,"potions_floor_spawned":[1,3,6,14,16,19],"killed_by":"3 Cultists","ascension_level":20}}