{"host":"40bskn0fwnfkmxz7","time":1608554560,"event":{"mods":["BaseMod","Minty Spire (QoL Compilation)","Replay The Spire","StSLib"],"gold_per_floor":[111,163,174,53,65,65,95,95,122,135,85,101,126,126,126,221,221,234,234,184,184,81,81,31,0,0,31,31,63,63,63,63,167,167,177,194,210,228,242,242,242],"floor_reached":40,"playtime":1829,"items_purged":["Strike_R","Strike_R","Strike_R","Defend_R","Defend_R"],"score":422,"play_id":"c70e3af2-5132-4e86-951e-b55ea14e7436","local_time":"20201221144240","is_ascension_mode":false,"campfire_choices":[{"data":"Rupture","floor":6.0,"key":"SMITH"},{"data":"Armaments","floor":8.0,"key":"SMITH"},{"data":"Rupture","floor":15.0,"key":"SMITH"},{"data":"Double Tap","floor":23.0,"key":"SMITH"},{"floor":28.0,"key":"REST"},{"data":"Shrug It Off","floor":30.0,"key":"SMITH"},{"data":"ReplayReversal","floor":32.0,"key":"SMITH"}],"circlet_count":0,"master_deck":["Strike_R","Strike_R","Defend_R","Defend_R","Bash","Rampage","Bloodletting","Rupture+1","Heavy Blade","Armaments+1","Whirlwind","Rupture+1","Double Tap+1","ReplayReversal+1","Spot Weakness","Shrug It Off+1","Immolate","Inflame+1"],"relics":["Burning Blood","Smiling Mask","Art of War","Odd Mushroom","ReplayTheSpireMod:Spearhead","Eternal Feather","Velvet Choker","Nunchaku","ReplayFunnel","Blood Vial","Kunai","Painkiller Herb"],"acts_visited":["Exordium","TheCity","TheBeyond"],"potions_floor_usage":[],"damage_taken":[{"damage":6.0,"enemies":"Cultist","floor":1.0,"turns":3.0},{"damage":4.0,"enemies":"Jaw Worm","floor":3.0,"turns":5.0},{"damage":3.0,"enemies":"2 Louse","floor":5.0,"turns":3.0},{"damage":17.0,"enemies":"The Mushroom Lair","floor":7.0,"turns":4.0},{"damage":4.0,"enemies":"Exordium Thugs","floor":10.0,"turns":3.0},{"damage":5.0,"enemies":"Blue Slaver","floor":12.0,"turns":3.0},{"damage":14.0,"enemies":"Gremlin Nob","floor":13.0,"turns":3.0},{"damage":20.0,"enemies":"The Guardian","floor":16.0,"turns":7.0},{"damage":28.0,"enemies":"Spheric Guardian","floor":18.0,"turns":4.0},{"damage":33.0,"enemies":"Slavers","floor":27.0,"turns":5.0},{"damage":28.0,"enemies":"Book of Stabbing","floor":29.0,"turns":4.0},{"damage":46.0,"enemies":"Collector","floor":33.0,"turns":6.0},{"damage":6.0,"enemies":"3 Shapes","floor":35.0,"turns":2.0},{"damage":0.0,"enemies":"3 Darklings","floor":36.0,"turns":2.0},{"damage":40.0,"enemies":"Jaw Worm Horde","floor":37.0,"turns":4.0},{"damage":10,"enemies":"Writhing Mass","floor":38,"turns":11},{"damage":11,"enemies":"3 Darklings","floor":39,"turns":2},{"damage":26,"enemies":"Reptomancer","floor":40,"turns":4}],"seed_played":"-9164507943203223850","potions_obtained":[{"floor":1.0,"key":"Milkshake"},{"floor":7.0,"key":"Languid Potion"},{"floor":13.0,"key":"Death Potion"},{"floor":31.0,"key":"Energy Potion"},{"floor":31.0,"key":"PowerPotion"},{"floor":33.0,"key":"ColorlessPotion"},{"floor":36.0,"key":"Fire Potion"},{"floor":38,"key":"Venom Potion"}],"is_trial":false,"path_per_floor":["M","T","M","$","M","R","?","R","T","M","$","M","E","?","R","B",null,"M","?","$","?","$","R","$","?","T","E","R","E","R","?","R","B",null,"?","?","?","?","?","E"],"character_chosen":"IRONCLAD","items_purchased":["Rupture","Shrug It Off"],"campfire_rested":1,"item_purchase_floors":[4,22],"current_hp_per_floor":[80,80,80,80,80,80,69,69,69,71,71,72,64,64,73,59,80,58,58,58,58,58,67,67,67,67,40,73,53,62,62,71,33,80,80,80,46,44,41,17,17],"gold":242,"neow_bonus":"RANDOM_COMMON_RELIC","is_daily":false,"chose_seed":false,"campfire_upgraded":6,"win_rate":0.0,"timestamp":1608554560,"path_taken":["M","?","?","$","M","R","?","R","T","M","$","M","E","?","R","BOSS","M","?","?","?","?","R","$","?","T","E","R","E","R","?","R","BOSS","?","?","?","?","?","E"],"items_purchased_type":["Card","Card"],"build_version":"2020-12-13","purchased_purges":5,"victory":false,"max_hp_per_floor":[80,80,80,80,80,80,80,80,80,80,80,80,80,80,80,80,80,80,80,80,80,80,80,80,80,80,80,80,80,80,80,80,80,80,80,80,80,80,80,80,80],"card_choices":[{"not_picked":["Dropkick","ReplayTheSpireMod:LeadingStrike"],"picked":"Rampage","floor":1.0},{"not_picked":["Perfected Strike","Run Through"],"picked":"Bloodletting","floor":3.0},{"not_picked":["Dropkick","Blood for Blood"],"picked":"Heavy Blade","floor":5.0},{"not_picked":["Heavy Blade","Flex"],"picked":"Armaments","floor":7.0},{"not_picked":["Dual Wield","Pommel Strike"],"picked":"Whirlwind","floor":10.0},{"not_picked":["Clothesline","Rage","Second Wind"],"picked":"SKIP","floor":12.0},{"not_picked":["Brutality","Iron Wave"],"picked":"Rupture","floor":13.0},{"not_picked":["Feed","Juggernaut"],"picked":"Double Tap","floor":16.0},{"not_picked":["Sword Boomerang","Dual Wield"],"picked":"ReplayReversal","floor":18.0},{"not_picked":["Massacre","Power Through+1","Intimidate"],"picked":"SKIP","floor":27.0},{"not_picked":["ReplayReversal","Blood for Blood+1","Cleave+1"],"picked":"SKIP","floor":29.0},{"not_picked":["Corruption","Replay:Many Hands"],"picked":"Immolate","floor":33.0},{"not_picked":["Pummel","Sword Boomerang+1","Thunderclap"],"picked":"SKIP","floor":35.0},{"not_picked":["Uppercut+1","Massacre","Thunderclap+1"],"picked":"SKIP","floor":36.0},{"not_picked":["Heavy Blade","Blood for Blood+1","Replay:Undeath\u0027s Touch+1"],"picked":"SKIP","floor":37.0},{"not_picked":["Pommel Strike+1","Anger","Dropkick+1"],"picked":"SKIP","floor":38},{"not_picked":["ReplayTheSpireMod:Strike From Hell","Clash"],"picked":"Inflame+1","floor":39}],"player_experience":460419,"relics_obtained":[{"floor":2.0,"key":"Art of War"},{"floor":7.0,"key":"Odd Mushroom"},{"floor":9.0,"key":"ReplayTheSpireMod:Spearhead"},{"floor":13.0,"key":"Eternal Feather"},{"floor":19.0,"key":"Nunchaku"},{"floor":26.0,"key":"ReplayFunnel"},{"floor":27.0,"key":"Blood Vial"},{"floor":29.0,"key":"Kunai"}],"event_choices":[{"damage_healed":0.0,"max_hp_gain":0.0,"max_hp_loss":0.0,"gold_gain":0.0,"event_name":"Mushrooms","player_choice":"Fought Mushrooms","floor":7.0,"gold_loss":0.0,"damage_taken":0.0},{"damage_healed":0.0,"max_hp_gain":0.0,"max_hp_loss":0.0,"gold_gain":0.0,"event_name":"Golden Idol","player_choice":"Ignored","floor":14.0,"gold_loss":0.0,"damage_taken":0.0},{"damage_healed":0.0,"max_hp_gain":0.0,"max_hp_loss":0.0,"gold_gain":0.0,"event_name":"Wheel of Change","player_choice":"Relic","floor":19.0,"gold_loss":0.0,"damage_taken":0.0},{"damage_healed":0.0,"max_hp_gain":0.0,"max_hp_loss":0.0,"gold_gain":0.0,"event_name":"The Library","player_choice":"Read","floor":21.0,"gold_loss":0.0,"damage_taken":0.0,"cards_obtained":["Spot Weakness"]},{"damage_healed":0.0,"max_hp_gain":0.0,"max_hp_loss":0.0,"gold_gain":0.0,"event_name":"Masked Bandits","player_choice":"Paid Fearfully","floor":25.0,"gold_loss":31.0,"damage_taken":0.0},{"damage_healed":0.0,"max_hp_gain":0.0,"max_hp_loss":0.0,"gold_gain":0.0,"event_name":"Lab","player_choice":"Got Potions","floor":31.0,"gold_loss":0.0,"damage_taken":0.0}],"is_beta":false,"boss_relics":[{"not_picked":["Coffee Dripper","Snecko Eye"],"picked":"Velvet Choker"},{"not_picked":["Replay:Grab Bag","Astrolabe"],"picked":"Painkiller Herb"}],"items_purged_floors":[4,11,20,22,24],"is_endless":false,"potions_floor_spawned":[1,7,13,33,36,38],"killed_by":"Reptomancer","ascension_level":0}}