{"host":"5jn3rki867005t18","time":1608541767,"event":{"mods":["AchievementEnabler","BaseMod","Colored Map","Minty Spire (QoL Compilation)","Rare Cards Sparkle","StSLib","SuperFastMode"],"gold_per_floor":[118,135,149,165,175,175,175,175,175],"floor_reached":8,"playtime":457,"items_purged":[],"score":50,"play_id":"909694d7-c188-4721-a4f1-e9a47c0674a4","local_time":"20201221180927","is_ascension_mode":false,"campfire_choices":[{"data":"Barricade","floor":6,"key":"SMITH"}],"circlet_count":0,"master_deck":["Strike_R","Strike_R","Strike_R","Strike_R","Defend_R","Defend_R","Defend_R","Defend_R","Bash","Impatience","Feel No Pain","Flame Barrier","Barricade+1","Shrug It Off","Warcry"],"relics":["Burning Blood"],"acts_visited":["Exordium"],"potions_floor_usage":[],"damage_taken":[{"damage":11,"enemies":"Jaw Worm","floor":1,"turns":5},{"damage":15,"enemies":"2 Louse","floor":2,"turns":4},{"damage":9,"enemies":"Small Slimes","floor":3,"turns":6},{"damage":7,"enemies":"Blue Slaver","floor":4,"turns":8},{"damage":16,"enemies":"Large Slime","floor":5,"turns":15},{"damage":64,"enemies":"Gremlin Nob","floor":8,"turns":5}],"seed_played":"-3435049645012089636","potions_obtained":[{"floor":4,"key":"ElixirPotion"},{"floor":5,"key":"Explosive Potion"}],"is_trial":false,"path_per_floor":["M","M","M","M","M","R","?","E"],"character_chosen":"IRONCLAD","items_purchased":[],"campfire_rested":0,"item_purchase_floors":[],"current_hp_per_floor":[75,66,63,62,52,52,45,0,0],"gold":175,"neow_bonus":"RANDOM_COLORLESS","is_daily":false,"chose_seed":false,"campfire_upgraded":1,"win_rate":0.0,"timestamp":1608541767,"path_taken":["M","M","M","M","M","R","?","E"],"items_purchased_type":[],"build_version":"2020-12-13","purchased_purges":0,"victory":false,"max_hp_per_floor":[80,80,80,80,80,80,80,80,80],"card_choices":[{"not_picked":["Trip","Bandage Up"],"picked":"Impatience","floor":0},{"not_picked":["Clothesline","Second Wind"],"picked":"Feel No Pain","floor":1},{"not_picked":["Fire Breathing","Flex"],"picked":"Flame Barrier","floor":2},{"not_picked":["Clothesline","Power Through"],"picked":"Barricade","floor":3},{"not_picked":["Perfected Strike","Cleave"],"picked":"Shrug It Off","floor":4},{"not_picked":["Headbutt","Anger"],"picked":"Warcry","floor":5}],"player_experience":32278,"relics_obtained":[],"event_choices":[{"cards_removed":["Strike_R"],"damage_healed":0,"gold_gain":0,"player_choice":"Card Removal","damage_taken":7,"max_hp_gain":0,"max_hp_loss":0,"event_name":"Golden Wing","floor":7,"gold_loss":0}],"is_beta":false,"boss_relics":[],"items_purged_floors":[],"is_endless":false,"potions_floor_spawned":[4,5],"killed_by":"Gremlin Nob","ascension_level":0}}