{"host":"uclt3t1usqzz4m5p","time":1608516191,"event":{"mods":["AchievementEnabler","BaseMod","Bestiary","Better Altar","Better Match","Better Sensory Stone","Better Skull","Better Third Choice","Booster Modes","Card Forge","Colored Powertips","Displayed Cursed Tome","Downfall","GifTheSpireLib","Gremlin Skip","Minty Spire (QoL Compilation)","Permanent Neow","Quick Restart","StSLib","SuperFastMode","The Marked"],"gold_per_floor":[109,128,141,156,168,168,196,196,196,216,43,60,60,93,93,196,196,213,213,20,119,119,119,136,136,136],"floor_reached":25,"playtime":1298,"items_purged":[],"score":213,"play_id":"07e255c4-1d66-4e63-be6d-a871a23d982b","local_time":"20201220180311","is_ascension_mode":false,"campfire_choices":[{"data":"theMarked:SoldierOfQuellstein","floor":6,"key":"SMITH"},{"data":"theMarked:Reabsorb","floor":13,"key":"SMITH"},{"data":"theMarked:MagicAdept","floor":15,"key":"SMITH"},{"data":"theMarked:Electrocute","floor":23,"key":"SMITH"}],"circlet_count":0,"master_deck":["theMarked:Strike","theMarked:Strike","theMarked:Strike","theMarked:Strike","theMarked:Strike","theMarked:Defend","theMarked:Defend","theMarked:Defend","theMarked:Defend","theMarked:SoldierOfQuellstein+1","theMarked:ReduceFriction","theMarked:CreepingChasm","theMarked:Aftermath","theMarked:KeepCalmAndFightOn","theMarked:Defy","theMarked:MagicAdept+1","theMarked:SummonStrength","theMarked:Reabsorb+1","theMarked:RepellingDischarge","theMarked:SoldierForm","theMarked:Electrocute+1","expansioncontent:CaCaw+1","expansioncontent:BronzeBeam","theMarked:WardOff","theMarked:BanishingStrike+1"],"relics":["theMarked:ArtifactOfAir","Hammer of Thor","Seething Fire","Anvil of the Gods","Singing Bowl","Unceasing Top","theMarked:NailFile","Philosopher\u0027s Stone","theMarked:DemonDagger"],"acts_visited":["Exordium","TheCity"],"potions_floor_usage":[4,5,12,14],"damage_taken":[{"damage":0,"enemies":"2 Louse","floor":1,"turns":4},{"damage":6,"enemies":"Jaw Worm","floor":2,"turns":2},{"damage":1,"enemies":"Cultist","floor":3,"turns":3},{"damage":4,"enemies":"2 Fungi Beasts","floor":4,"turns":2},{"damage":11,"enemies":"Red Slaver","floor":5,"turns":4},{"damage":17,"enemies":"Gremlin Nob","floor":7,"turns":4},{"damage":7,"enemies":"3 Louse","floor":10,"turns":2},{"damage":11,"enemies":"Lots of Slimes","floor":12,"turns":2},{"damage":13,"enemies":"Lagavulin","floor":14,"turns":7},{"damage":11,"enemies":"Slime Boss","floor":16,"turns":7},{"damage":39,"enemies":"Shell Parasite","floor":18,"turns":6},{"damage":34,"enemies":"2 Thieves","floor":24,"turns":4},{"damage":11,"enemies":"Snake Plant","floor":25,"turns":1}],"seed_played":"-9087480281744930922","potions_obtained":[{"floor":2,"key":"Energy Potion"},{"floor":3,"key":"Energy Potion"},{"floor":12,"key":"Block Potion"},{"floor":16,"key":"Explosive Potion"},{"floor":24,"key":"Energy Potion"}],"is_trial":false,"path_per_floor":["M","M","M","M","M","R","E","?","T","M","$","M","R","E","R","B",null,"M","?","$","?","?","R","M","M"],"character_chosen":"THE_DEFAULT","items_purchased":["theMarked:SummonStrength","Fruit Juice","theMarked:DemonDagger","theMarked:WardOff"],"campfire_rested":0,"item_purchase_floors":[11,11,20,20],"current_hp_per_floor":[70,64,63,59,48,48,33,57,57,52,52,46,46,33,33,22,79,40,40,40,40,40,40,6,0,0],"gold":136,"neow_bonus":"THREE_CARDS","is_daily":false,"chose_seed":false,"campfire_upgraded":4,"win_rate":0.0,"timestamp":1608516191,"path_taken":["M","M","M","M","M","R","E","?","T","M","?","M","R","E","R","BOSS","M","?","$","?","?","R","?","M"],"items_purchased_type":["Card","Potion","Relic","Card"],"build_version":"2020-12-13","purchased_purges":0,"victory":false,"max_hp_per_floor":[70,70,70,70,70,70,72,72,72,74,74,79,79,79,79,79,79,79,79,79,79,79,79,79,79,79],"card_choices":[{"not_picked":["theMarked:HeritageOfTheMarked","theMarked:TakeCover"],"picked":"theMarked:ReduceFriction","floor":0},{"not_picked":["theMarked:ResourceFulStrike","theMarked:SelfDefenseTraining"],"picked":"theMarked:CreepingChasm","floor":1},{"not_picked":["theMarked:Frustration","theMarked:Overcharge"],"picked":"theMarked:Aftermath","floor":2},{"not_picked":["theMarked:WastefulAttack","theMarked:Overthink"],"picked":"theMarked:KeepCalmAndFightOn","floor":3},{"not_picked":["theMarked:EmpowerWeapon","theMarked:Static"],"picked":"theMarked:Defy","floor":4},{"not_picked":["theMarked:ResourceFulStrike","theMarked:Static"],"picked":"theMarked:MagicAdept","floor":5},{"not_picked":["theMarked:Aftermath","theMarked:Overthink","theMarked:RogueSparks"],"picked":"Singing Bowl","floor":7},{"not_picked":["theMarked:BanishingStrike","theMarked:Aftermath","theMarked:WastefulAttack"],"picked":"Singing Bowl","floor":10},{"not_picked":["theMarked:Polarize","theMarked:EnhanceMovement"],"picked":"theMarked:Reabsorb","floor":12},{"not_picked":["theMarked:HeightenedSenses","theMarked:Parkour"],"picked":"theMarked:RepellingDischarge","floor":14},{"not_picked":["theMarked:ThrowWeapon","theMarked:Levitate"],"picked":"theMarked:SoldierForm","floor":16},{"not_picked":["theMarked:ChainLightning","theMarked:TunnelVision"],"picked":"theMarked:Electrocute","floor":18},{"not_picked":["Violence","Master of Strategy"],"picked":"expansioncontent:CaCaw","floor":19},{"not_picked":["Jack Of All Trades","Madness"],"picked":"expansioncontent:BronzeBeam","floor":19},{"not_picked":["theMarked:Aftermath","theMarked:HeightenedSenses"],"picked":"theMarked:BanishingStrike+1","floor":24}],"player_experience":647512,"relics_obtained":[{"floor":7,"key":"Singing Bowl"},{"floor":9,"key":"Unceasing Top"},{"floor":14,"key":"theMarked:NailFile"}],"event_choices":[{"damage_healed":24,"gold_gain":0,"player_choice":"Banana","damage_taken":0,"max_hp_gain":0,"max_hp_loss":0,"event_name":"Big Fish","floor":8,"gold_loss":0},{"damage_healed":0,"gold_gain":2,"player_choice":"1","damage_taken":0,"max_hp_gain":0,"max_hp_loss":0,"event_name":"betterStone:BetterStone","floor":19,"gold_loss":0},{"damage_healed":0,"gold_gain":99,"player_choice":"Steal","damage_taken":0,"max_hp_gain":0,"max_hp_loss":0,"event_name":"betterThird:BetterNest","floor":21,"gold_loss":0},{"damage_healed":0,"gold_gain":0,"player_choice":"Upgraded","damage_taken":0,"max_hp_gain":0,"max_hp_loss":0,"event_name":"Upgrade Shrine","floor":22,"gold_loss":0,"cards_upgraded":["expansioncontent:CaCaw"]}],"is_beta":false,"boss_relics":[{"not_picked":["SacredBark","Busted Crown"],"picked":"Philosopher\u0027s Stone"}],"items_purged_floors":[],"is_endless":false,"potions_floor_spawned":[2,3,12,16,24],"killed_by":"Snake Plant","ascension_level":0}}