{"host":"bq4pt811tk9yrmjl","time":1608565557,"event":{"mods":["AchievementEnabler","BaseMod","Colored Map","Colored Powertips","Defuse TimeMaze Blight","Minty Spire (QoL Compilation)","StSLib","SuperFastMode","UnlockEverythingMod"],"gold_per_floor":[113,113,36,59,59,59,59,403,429,429,450,450,484,497,497,621,621,636,16,16,16,16,16,34,49,49,65,78,78,3,26,26,26,26],"floor_reached":33,"playtime":661,"items_purged":[],"score":294,"play_id":"a65eec8d-d5f0-4129-91bc-04ff283985da","local_time":"20201221134557","is_ascension_mode":true,"campfire_choices":[{"data":"Infinite Blades","floor":6,"key":"SMITH"},{"floor":12,"key":"REST"},{"floor":15,"key":"REST"},{"data":"Noxious Fumes","floor":23,"key":"SMITH"},{"floor":29,"key":"REST"},{"floor":32,"key":"REST"}],"circlet_count":0,"master_deck":["Strike_G","Strike_G+1","Defend_G","Defend_G","Defend_G","Defend_G","Defend_G","Survivor+1","Neutralize","Infinite Blades+1","Noxious Fumes+1","Blade Dance","Envenom+1","Slice","Accuracy","Skewer"],"relics":["Ring of the Snake","NeowsBlessing","Golden Idol","Old Coin","Vajra","Empty Cage","Strawberry","Chemical X","StrikeDummy","Oddly Smooth Stone"],"acts_visited":["Exordium","TheCity"],"potions_floor_usage":[11,13,16,16,25,25,28],"damage_taken":[{"damage":0,"enemies":"2 Louse","floor":1,"turns":1},{"damage":0,"enemies":"Small Slimes","floor":4,"turns":1},{"damage":0,"enemies":"Lagavulin","floor":8,"turns":1},{"damage":0,"enemies":"Cultist","floor":11,"turns":3},{"damage":23,"enemies":"3 Sentries","floor":13,"turns":7},{"damage":2,"enemies":"2 Fungi Beasts","floor":14,"turns":4},{"damage":27,"enemies":"The Guardian","floor":16,"turns":10},{"damage":39,"enemies":"Spheric Guardian","floor":18,"turns":8},{"damage":1,"enemies":"Shell Parasite","floor":24,"turns":6},{"damage":21,"enemies":"Snake Plant","floor":25,"turns":4},{"damage":20,"enemies":"Sentry and Sphere","floor":27,"turns":7},{"damage":6,"enemies":"Cultist and Chosen","floor":28,"turns":6},{"damage":6,"enemies":"Centurion and Healer","floor":31,"turns":6},{"damage":72,"enemies":"Champ","floor":33,"turns":10}],"seed_played":"7787662190383909183","potions_obtained":[{"floor":1,"key":"BlessingOfTheForge"},{"floor":4,"key":"DistilledChaos"},{"floor":13,"key":"PowerPotion"},{"floor":14,"key":"AttackPotion"},{"floor":24,"key":"FearPotion"},{"floor":27,"key":"Swift Potion"},{"floor":28,"key":"Strength Potion"}],"is_trial":false,"path_per_floor":["M","?","$","M","$","R","?","E","T","?","M","R","E","M","R","B",null,"M","$","?","?","?","R","M","M","T","M","M","R","?","M","R","B"],"character_chosen":"THE_SILENT","items_purchased":["Noxious Fumes","Strawberry","Chemical X","Regen Potion","StrikeDummy"],"campfire_rested":4,"item_purchase_floors":[3,19,19,19,19],"current_hp_per_floor":[70,53,53,53,53,53,53,53,53,39,39,60,37,35,56,29,70,31,38,38,63,63,63,62,53,53,33,27,50,50,44,67,0,0],"gold":26,"neow_bonus":"THREE_ENEMY_KILL","is_daily":false,"chose_seed":false,"campfire_upgraded":2,"win_rate":0.0,"timestamp":1608565557,"path_taken":["M","?","$","M","$","R","?","E","T","?","M","R","E","M","R","BOSS","M","$","?","?","?","R","?","M","T","M","M","R","?","M","R","BOSS"],"items_purchased_type":["Card","Relic","Relic","Potion","Relic"],"build_version":"2020-12-13","purchased_purges":0,"victory":false,"max_hp_per_floor":[70,70,70,70,70,70,70,70,70,70,70,70,70,70,70,70,70,70,77,77,77,77,77,77,77,77,77,77,77,77,77,77,77,77],"card_choices":[{"not_picked":["Backflip","Predator"],"picked":"Infinite Blades","floor":1},{"not_picked":["Deadly Poison","Well Laid Plans","Noxious Fumes"],"picked":"SKIP","floor":4},{"not_picked":["Backflip","Poisoned Stab","Catalyst"],"picked":"SKIP","floor":8},{"not_picked":["Sucker Punch","All Out Attack"],"picked":"Blade Dance","floor":11},{"not_picked":["Infinite Blades","Flying Knee","Expertise"],"picked":"SKIP","floor":13},{"not_picked":["Setup","Endless Agony","Backflip"],"picked":"SKIP","floor":14},{"not_picked":["Doppelganger","A Thousand Cuts"],"picked":"Envenom","floor":16},{"not_picked":["Dagger Spray+1","Quick Slash+1","Dodge and Roll"],"picked":"SKIP","floor":18},{"not_picked":["Dagger Throw","Expertise","Deadly Poison"],"picked":"SKIP","floor":24},{"not_picked":["Blur","Quick Slash+1","Backflip+1"],"picked":"SKIP","floor":25},{"not_picked":["Deflect","Masterful Stab"],"picked":"Slice","floor":27},{"not_picked":["Flechettes","Distraction"],"picked":"Accuracy","floor":28},{"not_picked":["Leg Sweep","Expertise+1"],"picked":"Skewer","floor":31}],"player_experience":95596,"relics_obtained":[{"floor":8,"key":"Old Coin"},{"floor":13,"key":"Vajra"},{"floor":26,"key":"Oddly Smooth Stone"}],"event_choices":[{"damage_healed":0,"gold_gain":0,"player_choice":"Take Damage","damage_taken":17,"relics_obtained":["Golden Idol"],"max_hp_gain":0,"max_hp_loss":0,"event_name":"Golden Idol","floor":2,"gold_loss":0},{"damage_healed":0,"gold_gain":0,"player_choice":"Ignored","damage_taken":0,"max_hp_gain":0,"max_hp_loss":0,"event_name":"Liars Game","floor":7,"gold_loss":0},{"damage_healed":0,"gold_gain":0,"player_choice":"Entered Light","damage_taken":14,"max_hp_gain":0,"max_hp_loss":0,"event_name":"Shining Light","floor":10,"gold_loss":0,"cards_upgraded":["Strike_G","Survivor"]},{"damage_healed":0,"gold_gain":0,"player_choice":"Ignored","damage_taken":0,"max_hp_gain":0,"max_hp_loss":0,"event_name":"Vampires","floor":20,"gold_loss":0},{"damage_healed":25,"gold_gain":0,"player_choice":"Heal","damage_taken":0,"max_hp_gain":0,"max_hp_loss":0,"event_name":"The Library","floor":21,"gold_loss":0},{"damage_healed":0,"gold_gain":0,"player_choice":"Forge","damage_taken":0,"max_hp_gain":0,"max_hp_loss":0,"event_name":"Accursed Blacksmith","floor":22,"gold_loss":0,"cards_upgraded":["Envenom"]},{"cards_removed":["Strike_G"],"damage_healed":0,"gold_gain":0,"player_choice":"Gave Gold","damage_taken":0,"max_hp_gain":0,"max_hp_loss":0,"event_name":"Beggar","floor":30,"gold_loss":75}],"is_beta":false,"boss_relics":[{"not_picked":["Ring of the Serpent","Cursed Key"],"picked":"Empty Cage"}],"items_purged_floors":[],"is_endless":false,"potions_floor_spawned":[1,4,13,14,24,27,28],"killed_by":"Champ","ascension_level":1}}