{"host":"08sn1703g14rasc1","time":1608541843,"event":{"mods":["AchievementEnabler","BaseMod","Colored Map","Colored Powertips","Hermit","Minty Spire (QoL Compilation)","StSLib"],"gold_per_floor":[111,8,26,26,41,41,61,61,61,11,11,11,42,62,62,162,162,102,114,114,114,143,143,8,338,338,338,357,357,367,377,377,377,377],"floor_reached":33,"playtime":1839,"items_purged":[],"score":383,"play_id":"c5927e46-2245-410e-b30d-ab0e0601c338","local_time":"20201221011043","is_ascension_mode":true,"campfire_choices":[{"floor":6,"key":"REST"},{"data":"Eruption","floor":8,"key":"SMITH"},{"floor":15,"key":"REST"},{"floor":23,"key":"REST"},{"floor":27,"key":"REST"},{"floor":32,"key":"REST"}],"circlet_count":0,"master_deck":["Strike_P+1","Defend_P+1","Defend_P+1","Eruption+1","Vigilance","Protect","FlurryOfBlows","FlurryOfBlows","FlurryOfBlows","CutThroughFate","CarveReality","TalkToTheHand","DeceiveReality","SpiritShield","Wish+1","DeceiveReality+1","DevaForm+1","Evaluate+1","SandsOfTime","WreathOfFlame","Judgement","CarveReality","FlurryOfBlows","MentalFortress","Alpha","CutThroughFate","Consecrate+1","LessonLearned"],"relics":["PureWater","CloakClasp","Darkstone Periapt","Meat on the Bone","Bottled Flame","Astrolabe","Red Mask","Old Coin","StrikeDummy"],"acts_visited":["Exordium","TheCity"],"potions_floor_usage":[7,19,22,22,25,25,28,31],"damage_taken":[{"damage":2,"enemies":"Small Slimes","floor":1,"turns":5},{"damage":2,"enemies":"2 Louse","floor":3,"turns":4},{"damage":8,"enemies":"Jaw Worm","floor":5,"turns":6},{"damage":0,"enemies":"Gremlin Gang","floor":7,"turns":1},{"damage":3,"enemies":"Exordium Thugs","floor":11,"turns":5},{"damage":22,"enemies":"3 Sentries","floor":13,"turns":6},{"damage":2,"enemies":"Large Slime","floor":14,"turns":4},{"damage":27,"enemies":"The Guardian","floor":16,"turns":12},{"damage":0,"enemies":"2 Thieves","floor":18,"turns":4},{"damage":0,"enemies":"3 Byrds","floor":19,"turns":8},{"damage":25,"enemies":"Masked Bandits","floor":22,"turns":5},{"damage":13,"enemies":"Slavers","floor":25,"turns":9},{"damage":50,"enemies":"Snake Plant","floor":28,"turns":3},{"damage":22,"enemies":"Shelled Parasite and Fungi","floor":30,"turns":7},{"damage":0,"enemies":"Sentry and Sphere","floor":31,"turns":6},{"damage":73,"enemies":"Automaton","floor":33,"turns":6}],"seed_played":"2950536486818115472","potions_obtained":[{"floor":3,"key":"Energy Potion"},{"floor":5,"key":"DuplicationPotion"},{"floor":7,"key":"SteroidPotion"},{"floor":16,"key":"SkillPotion"},{"floor":19,"key":"Fire Potion"},{"floor":25,"key":"ColorlessPotion"},{"floor":30,"key":"LiquidMemories"}],"is_trial":false,"path_per_floor":["M","$","M","?","M","R","M","R","T","?","M","?","E","M","R","B",null,"M","M","?","?","?","R","$","E","T","R","M","?","M","M","R","B"],"character_chosen":"WATCHER","items_purchased":["FlurryOfBlows","AttackPotion","FlurryOfBlows","MentalFortress","AttackPotion"],"campfire_rested":5,"item_purchase_floors":[2,2,24,24,24],"current_hp_per_floor":[63,63,61,54,46,67,67,67,67,67,64,57,35,45,65,38,61,61,61,61,61,36,56,56,43,43,63,25,25,15,27,47,0,0],"gold":377,"neow_bonus":"ONE_RARE_RELIC","is_daily":false,"chose_seed":false,"campfire_upgraded":1,"win_rate":0.0,"timestamp":1608541843,"path_taken":["M","$","M","?","M","R","M","R","T","?","M","?","E","?","R","BOSS","M","?","?","?","?","R","$","E","T","R","?","?","M","M","R","BOSS"],"items_purchased_type":["Card","Potion","Card","Card","Potion"],"build_version":"2020-12-13","purchased_purges":0,"victory":false,"max_hp_per_floor":[72,72,72,72,72,72,72,72,72,72,72,69,69,69,69,69,69,69,69,69,69,69,69,69,69,69,69,69,69,69,69,69,69,69],"card_choices":[{"not_picked":["FollowUp","Collect"],"picked":"Protect","floor":1},{"not_picked":["Protect","CarveReality"],"picked":"FlurryOfBlows","floor":3},{"not_picked":["ThirdEye","Evaluate"],"picked":"FlurryOfBlows","floor":5},{"not_picked":["Crescendo","Swivel"],"picked":"CutThroughFate","floor":7},{"not_picked":["Collect","Crescendo"],"picked":"CarveReality","floor":11},{"not_picked":["Crescendo","FlurryOfBlows"],"picked":"TalkToTheHand","floor":13},{"not_picked":["MentalFortress","Pray"],"picked":"DeceiveReality","floor":14},{"not_picked":["ConjureBlade","Alpha"],"picked":"SpiritShield","floor":16},{"not_picked":["PathToVictory","JustLucky"],"picked":"Evaluate+1","floor":18},{"not_picked":["BowlingBash+1","CrushJoints"],"picked":"SandsOfTime","floor":19},{"not_picked":["PathToVictory","FlyingSleeves+1"],"picked":"CarveReality","floor":22},{"not_picked":["SignatureMove","PathToVictory"],"picked":"Alpha","floor":25},{"not_picked":["SignatureMove","Study"],"picked":"CutThroughFate","floor":28},{"not_picked":["BowlingBash","CrushJoints"],"picked":"Consecrate+1","floor":30},{"not_picked":["Vengeance","SignatureMove"],"picked":"LessonLearned","floor":31}],"player_experience":423634,"relics_obtained":[{"floor":9,"key":"Meat on the Bone"},{"floor":13,"key":"Bottled Flame"},{"floor":22,"key":"Red Mask"},{"floor":25,"key":"Old Coin"},{"floor":26,"key":"StrikeDummy"}],"event_choices":[{"damage_healed":0,"gold_gain":0,"player_choice":"Success","damage_taken":7,"relics_obtained":["Darkstone Periapt"],"max_hp_gain":0,"max_hp_loss":0,"event_name":"Scrap Ooze","floor":4,"gold_loss":0},{"damage_healed":0,"gold_gain":0,"player_choice":"Left Gold","damage_taken":0,"max_hp_gain":0,"max_hp_loss":0,"event_name":"World of Goop","floor":10,"gold_loss":50},{"cards_removed":["Parasite"],"damage_healed":0,"gold_gain":0,"player_choice":"Card Removal","damage_taken":7,"max_hp_gain":0,"max_hp_loss":0,"event_name":"Golden Wing","floor":12,"gold_loss":0},{"damage_healed":0,"gold_gain":0,"cards_transformed":["Defend_P","Strike_P"],"player_choice":"Became Test Subject","damage_taken":0,"max_hp_gain":0,"max_hp_loss":0,"event_name":"Drug Dealer","floor":20,"gold_loss":0,"cards_obtained":["WreathOfFlame","Judgement"]},{"damage_healed":0,"gold_gain":0,"player_choice":"Ignored","damage_taken":0,"max_hp_gain":0,"max_hp_loss":0,"event_name":"Vampires","floor":21,"gold_loss":0},{"damage_healed":0,"gold_gain":0,"player_choice":"Fought Bandits","damage_taken":0,"max_hp_gain":0,"max_hp_loss":0,"event_name":"Masked Bandits","floor":22,"gold_loss":0},{"damage_healed":0,"gold_gain":0,"player_choice":"Simplicity","damage_taken":0,"max_hp_gain":0,"max_hp_loss":0,"event_name":"Back to Basics","floor":29,"gold_loss":0,"cards_upgraded":["Strike_P","Defend_P","Defend_P"]}],"is_beta":false,"boss_relics":[{"not_picked":["Busted Crown","Coffee Dripper"],"picked":"Astrolabe"}],"items_purged_floors":[],"is_endless":false,"potions_floor_spawned":[3,5,7,16,19,25,30],"killed_by":"Automaton","ascension_level":7}}