{"host":"6gzy6nvr8uokwcne","time":1608525363,"event":{"mods":["2.2 Compatiblity","AchievementEnabler","Act Like it!","BaseMod","Hallownest","Marisa????????","Minty Spire (QoL Compilation)","Quick Restart","StSLib","The Alterego","The Cursed","The Disciple","The Dragon Tamer","The Necromancer","The Servant 0.9.4"],"gold_per_floor":[111,111,125,144,0,0,11,37,61,61,76,89,89,22,22,123,123,135,147,422,9,28,28,28,0,0,13,28,28,45,62,62,158,158,176,228,254,10,29,55,55,68,91,125,142,161,173,30,30,30],"floor_reached":51,"playtime":5606,"items_purged":["Regret","DTMod:FierySynthesis"],"score":838,"play_id":"b4e07372-928e-4fc5-b66b-958a78a6e43a","local_time":"20201220213602","daily_mods":["Heirloom"],"is_ascension_mode":false,"metric_token":979,"campfire_choices":[{"data":"DTMod:SwitchingTactic","floor":6.0,"key":"SMITH"},{"data":"DTMod:Training","floor":10.0,"key":"SMITH"},{"floor":13.0,"key":"REST"},{"data":"DTMod:ResonanceForm","floor":15.0,"key":"SMITH"},{"data":"DTMod:InvisibleFlame","floor":24.0,"key":"SMITH"},{"data":"DTMod:Training","floor":29,"key":"SMITH"},{"data":"DTMod:Observe","floor":32,"key":"SMITH"},{"floor":41,"key":"REST"},{"data":"DTMod:WarmUp","floor":49,"key":"SMITH"}],"dtmod_dragon_data":[42,50,3,3,14,2],"circlet_count":0,"master_deck":["DTMod:Strike","DTMod:Strike","DTMod:Strike","DTMod:Strike","DTMod:DoubleHit","DTMod:TargetDefense","DTMod:TargetDefense","DTMod:TargetDefense","DTMod:TargetDefense","DTMod:SwitchingTactic+1","DTMod:Threaten","DTMod:Training+1","DTMod:ComboAttack","DTMod:ResonanceForm+1","DTMod:QuickFly","DTMod:TagTeam","DTMod:DarkBreath","DTMod:DragonDance","DTMod:MasterPlan+1","DTMod:InvisibleFlame+1","DTMod:BizarreTactic","DTMod:Training+1","DTMod:Observe+1","DTMod:ShadowImage","DTMod:Hide","DTMod:Cover","DTMod:BlueScale+1","DTMod:CleansingStrike+1","DTMod:Harmonize","DTMod:InvisibleFlame+1","DTMod:WarmUp+1"],"relics":["DTMod:MagicStone","Lizard Tail","Unceasing Top","Ice Cream","Tiny Chest","Juzu Bracelet","SlaversCollar","Busted Crown","Ancient Tea Set","DTMod:TacticalNote","Philosopher\u0027s Stone","CatCart","Potion Belt","Mummified Hand","Anchor","Lantern","Strawberry"],"acts_visited":["Exordium","TheCity","TheBeyond"],"potions_floor_usage":[33,34,40,42,45,50],"damage_taken":[{"damage":0.0,"enemies":"Jaw Worm","floor":1.0,"turns":4.0},{"damage":0.0,"enemies":"Cultist","floor":3.0,"turns":4.0},{"damage":0.0,"enemies":"2 Louse","floor":4.0,"turns":2.0},{"damage":0.0,"enemies":"Looter","floor":7.0,"turns":3.0},{"damage":14.0,"enemies":"3 Sentries","floor":8.0,"turns":10.0},{"damage":1.0,"enemies":"Red Slaver","floor":11.0,"turns":4.0},{"damage":0.0,"enemies":"Exordium Wildlife","floor":12.0,"turns":5.0},{"damage":2.0,"enemies":"Hexaghost","floor":16.0,"turns":9.0},{"damage":5.0,"enemies":"Shell Parasite","floor":18.0,"turns":9.0},{"damage":2.0,"enemies":"Chosen","floor":19.0,"turns":5.0},{"damage":0.0,"enemies":"Shelled Parasite and Fungi","floor":22.0,"turns":3.0},{"damage":0.0,"enemies":"Snake Plant","floor":27.0,"turns":4.0},{"damage":0,"enemies":"Centurion and Healer","floor":28,"turns":6},{"damage":0,"enemies":"Cultist and Chosen","floor":30,"turns":6},{"damage":0,"enemies":"Snake Plant","floor":31,"turns":5},{"damage":0,"enemies":"Automaton","floor":33,"turns":6},{"damage":0,"enemies":"3 Darklings","floor":35,"turns":4},{"damage":0,"enemies":"Orin","floor":36,"turns":6},{"damage":0,"enemies":"3 Shapes","floor":39,"turns":6},{"damage":22,"enemies":"Reptomancer","floor":40,"turns":4},{"damage":0,"enemies":"3 Darklings","floor":42,"turns":3},{"damage":0,"enemies":"Giant Head","floor":44,"turns":7},{"damage":0,"enemies":"Jaw Worm Horde","floor":45,"turns":4},{"damage":0,"enemies":"Spire Growth","floor":46,"turns":6},{"damage":0,"enemies":"3 Darklings","floor":47,"turns":3},{"damage":0,"enemies":"Awakened One","floor":50,"turns":8}],"seed_played":"-5955289690247678852","potions_obtained":[{"floor":3.0,"key":"SpeedPotion"},{"floor":4.0,"key":"SkillPotion"},{"floor":8.0,"key":"BlessingOfTheForge"},{"floor":16.0,"key":"Fruit Juice"},{"floor":18.0,"key":"Block Potion"},{"floor":19.0,"key":"SpeedPotion"},{"floor":30,"key":"SteroidPotion"},{"floor":33,"key":"Fruit Juice"},{"floor":39,"key":"Energy Potion"},{"floor":40,"key":"BlessingOfTheForge"},{"floor":44,"key":"LiquidBronze"}],"is_trial":true,"path_per_floor":["M","?","M","M","$","R","M","E","T","R","M","M","R","$","R","B",null,"M","M","?","$","M","?","R","$","T","M","M","R","M","M","R","B",null,"M","?","T","$","M","E","R","M","T","E","M","M","M","$","R","B",null],"character_chosen":"THE_DT","items_purchased":["DTMod:ResonanceForm","DTMod:DragonDance","DTMod:InvisibleFlame","DTMod:BizarreTactic","DistilledChaos","Ancient Tea Set","Mummified Hand","DuplicationPotion","DTMod:WarmUp"],"campfire_rested":2,"item_purchase_floors":[5,14,21,21,21,21,38,48,48],"current_hp_per_floor":[45,45,45,45,45,45,45,31,31,31,30,30,43,43,43,41,45,45,48,48,48,50,50,50,50,50,50,50,50,50,50,50,50,55,55,55,55,55,55,33,49,55,55,62,62,62,62,62,62,62],"gold":30,"neow_bonus":"","is_daily":false,"chose_seed":false,"campfire_upgraded":7,"win_rate":0.0,"timestamp":1608525362,"path_taken":["M","?","M","M","$","R","M","E","T","R","M","M","R","$","R","BOSS","M","M","?","$","M","?","R","$","T","M","M","R","M","M","R","BOSS","M","?","?","$","M","E","R","M","T","E","M","M","M","$","R","BOSS"],"items_purchased_type":["Card","Card","Card","Card","Potion","Relic","Relic","Potion","Card"],"build_version":"2020-12-13","purchased_purges":2,"victory":true,"max_hp_per_floor":[45,45,45,45,45,45,45,45,45,45,45,45,45,45,45,45,45,50,50,50,50,50,50,50,50,50,50,50,50,50,50,50,50,55,55,55,55,55,55,55,55,55,55,62,62,62,62,62,62,62],"card_choices":[{"not_picked":["DTMod:RunningTactic","DTMod:MagicField"],"picked":"DTMod:Threaten","floor":1.0},{"not_picked":["DTMod:BlazingStrike","DTMod:Weaken"],"picked":"DTMod:Training","floor":3.0},{"not_picked":["DTMod:Hide","DTMod:Training"],"picked":"DTMod:ComboAttack","floor":4.0},{"not_picked":["DTMod:BurningEnergy","DTMod:ResonanceForm","DTMod:Weaken"],"picked":"SKIP","floor":7.0},{"not_picked":["DTMod:Punisher","DTMod:WarmUp"],"picked":"DTMod:QuickFly","floor":8.0},{"not_picked":["DTMod:Overwhelm","DTMod:Dissolve"],"picked":"DTMod:TagTeam","floor":11.0},{"not_picked":["DTMod:HeatWave","DTMod:BlazingStrike"],"picked":"DTMod:DarkBreath","floor":12.0},{"not_picked":["DTMod:ResonanceForm","DTMod:Multitask"],"picked":"DTMod:FierySynthesis","floor":16.0},{"not_picked":["DTMod:Feint"],"picked":"SKIP","floor":18.0},{"not_picked":["DTMod:Feint"],"picked":"SKIP","floor":18.0},{"not_picked":[],"picked":"DTMod:MasterPlan+1","floor":19.0},{"not_picked":["DTMod:LastStand"],"picked":"SKIP","floor":22.0},{"not_picked":[],"picked":"DTMod:Training","floor":27.0},{"not_picked":["DTMod:BlazingStrike"],"picked":"SKIP","floor":28},{"not_picked":["DTMod:BlazingStrike"],"picked":"SKIP","floor":28},{"not_picked":[],"picked":"DTMod:Observe","floor":30},{"not_picked":["DTMod:MasterPlan+1"],"picked":"SKIP","floor":31},{"not_picked":[],"picked":"DTMod:ShadowImage","floor":33},{"not_picked":[],"picked":"DTMod:Hide","floor":35},{"not_picked":["DTMod:BurningEnergy+1"],"picked":"SKIP","floor":39},{"not_picked":[],"picked":"DTMod:Cover","floor":40},{"not_picked":[],"picked":"DTMod:BlueScale+1","floor":42},{"not_picked":[],"picked":"DTMod:CleansingStrike+1","floor":44},{"not_picked":[],"picked":"DTMod:Harmonize","floor":45},{"not_picked":["DTMod:CleansingStrike"],"picked":"SKIP","floor":46},{"not_picked":[],"picked":"DTMod:InvisibleFlame+1","floor":47}],"player_experience":447087,"relics_obtained":[{"floor":8.0,"key":"Tiny Chest"},{"floor":9.0,"key":"Juzu Bracelet"},{"floor":26.0,"key":"DTMod:TacticalNote"},{"floor":36,"key":"CatCart"},{"floor":37,"key":"Potion Belt"},{"floor":40,"key":"Anchor"},{"floor":43,"key":"Lantern"},{"floor":44,"key":"Strawberry"}],"event_choices":[{"damage_healed":0.0,"max_hp_gain":0.0,"max_hp_loss":0.0,"gold_gain":0.0,"event_name":"Liars Game","player_choice":"Ignored","floor":2.0,"gold_loss":0.0,"damage_taken":0.0},{"damage_healed":0.0,"max_hp_gain":0.0,"max_hp_loss":0.0,"gold_gain":275.0,"event_name":"Golden Shrine","player_choice":"Desecrate","floor":20.0,"gold_loss":0.0,"damage_taken":0.0,"cards_obtained":["Regret"]},{"damage_healed":0.0,"max_hp_gain":0.0,"max_hp_loss":0.0,"gold_gain":0.0,"event_name":"Ghosts","player_choice":"Ignored","floor":23.0,"gold_loss":0.0,"damage_taken":0.0},{"damage_healed":0,"gold_gain":0,"player_choice":"Fight","damage_taken":0,"max_hp_gain":0,"max_hp_loss":0,"event_name":"OrinTheCat","floor":36,"gold_loss":0}],"is_beta":false,"boss_relics":[{"not_picked":["SacredBark","Black Star"],"picked":"DTMod:MagicStone"},{"not_picked":["Astrolabe","Empty Cage"],"picked":"Philosopher\u0027s Stone"}],"items_purged_floors":[21,25],"is_endless":false,"potions_floor_spawned":[3,4,8,16,18,19,30,33,39,40,44],"ascension_level":0}}