{"host":"xnqz5xrogo3hmjp9","time":1608570800,"event":{"mods":["ATMod(阿瑾Mod)","AchievementEnabler","BaseMod","Better Third Choice","BetterRewards","Colored Map","Colored Powertips","Conspire","Dota2Spire","Downfall","GifTheSpireLib","Hermit","Infinite Spire","KinomotoSakuraMod(木之本樱)","Marisa（F雨　魔理沙）","Marked Mod","Minty Spire (QoL Compilation)","Quick Restart","Relic Stats","Remilia（蕾米莉亚）","Replay The Spire","Shop Mod","Spicy Shops","StSLib","SuperFastMode","The Bladedancer","The Mystic","The Senshi","Yuri Mod","[功能]商店购物价格优惠80%"],"gold_per_floor":[112,123,10,10,59,59,90,90,161,186,186,230,230,18,18,138,138,157,182,201,216,4,4,23,42,97,117,160,96,119,132,256,385,385,404,427,445,201,221,262,280,304,386,401,426,439,439,439,439,439,439,439,21,65,65],"floor_reached":56,"playtime":3730,"items_purged":[],"score":1717,"play_id":"5a6e8491-ef2e-4631-9a5b-f4bcd0fe5d89","local_time":"20201222011320","is_ascension_mode":false,"campfire_choices":[{"data":"AT_ShrugMaster","floor":6,"key":"SMITH"},{"data":"Apotheosis","floor":8,"key":"SMITH"},{"data":"Judgement","floor":13,"key":"SMITH"},{"floor":15,"key":"RECALL"},{"floor":49,"key":"REST"},{"floor":52,"key":"REST"}],"circlet_count":0,"master_deck":["Strike_P","Strike_P","Strike_P","Strike_P","Defend_P","Defend_P","Defend_P","Defend_P","Eruption","Vigilance","AT_ShrugMaster+1","Apotheosis+1","CutThroughFate","EmptyFist","MarkedMod:Acupuncture","Replay:Vibes","EmptyFist","ClearTheMind+1","Injury","EmptyFist","FlurryOfBlows","Judgement+1","MarkedMod:SlowDance+1","FollowUp","AT_ChampionKick+1","Halt","AT_ChampionStep","Vengeance","Perseverance","BattleHymn","BattleHymn","AT_FamilyPortrait+1","FlurryOfBlows","FollowUp","AT_SoftenMuscles","FlurryOfBlows","Replay:BluntJabs","Establishment","AT_IrregularMenstruation","PathToVictory","PathToVictory","MarkedMod:OneThousandNeedles","Vengeance","MarkedMod:SlowDance","FollowUp+1","AT_DivineConfetti","PathToVictory","Adaptation","Meditate","PathToVictory+1","Replay:Cycle","Regret","AT_ChampionStep","Wraith","AT_FamilyPortrait+1","MarkedMod:PinPointDefense","Replay:LoomingThreat"],"relics":["HolyWater","AT_ATBox","Dota2Spire:ShivaGuard","Strange Spoon","Dota2Spire:AghanimScepter","Simple Rune","Golden Idol","AT_EbonyIvory","conspire:TopHat","Bottled Tornado","Dota2Spire:Mjollnir","Dota2Spire:Vanguard","Dota2Spire:BladeMail","StoneCalendar","Bottled Lightning","MealTicket","Dota2Spire:ShadowBlade","ReplayTheSpireMod:TigerMarble","Dota2Spire:MagicBottle","MerchantsRug","Cursed Key","AT_ForceNature","Dota2Spire:EtherealBlade","Mango","PreservedInsect","Question Card","SlaversCollar","DollysMirror","Dota2Spire:Dagon","Damaru","Orichalcum","Torii"],"acts_visited":["Exordium","TheCity","TheBeyond","TheEnding"],"potions_floor_usage":[2,20],"damage_taken":[{"damage":0,"enemies":"2 Louse","floor":1,"turns":3},{"damage":7,"enemies":"Jaw Worm","floor":2,"turns":3},{"damage":0,"enemies":"Replay:BlueRogue","floor":7,"turns":3},{"damage":2,"enemies":"conspire:RoseBush","floor":10,"turns":3},{"damage":2,"enemies":"3 Sentries","floor":12,"turns":4},{"damage":0,"enemies":"Hexaghost","floor":16,"turns":5},{"damage":0,"enemies":"3 Byrds","floor":18,"turns":2},{"damage":0,"enemies":"Spheric Guardian","floor":19,"turns":3},{"damage":0,"enemies":"Centurion and Healer","floor":20,"turns":3},{"damage":1,"enemies":"Snake Plant","floor":21,"turns":2},{"damage":0,"enemies":"Snecko","floor":24,"turns":3},{"damage":0,"enemies":"conspire:HollyBat","floor":25,"turns":5},{"damage":0,"enemies":"Snake Plant","floor":27,"turns":3},{"damage":6,"enemies":"Replay:Snechameleon","floor":28,"turns":5},{"damage":0,"enemies":"3 Cultists","floor":30,"turns":2},{"damage":0,"enemies":"conspire:HollyBat","floor":31,"turns":4},{"damage":12,"enemies":"Champ","floor":33,"turns":7},{"damage":0,"enemies":"Orb Walker","floor":35,"turns":2},{"damage":20,"enemies":"3 Darklings","floor":36,"turns":4},{"damage":0,"enemies":"Transient","floor":37,"turns":5},{"damage":4,"enemies":"Spire Growth","floor":39,"turns":5},{"damage":0,"enemies":"Reptomancer","floor":40,"turns":3},{"damage":0,"enemies":"4 Shapes","floor":41,"turns":2},{"damage":0,"enemies":"Maw","floor":42,"turns":3},{"damage":3,"enemies":"Transient","floor":44,"turns":5},{"damage":0,"enemies":"3 Darklings","floor":45,"turns":3},{"damage":3,"enemies":"Jaw Worm Horde","floor":46,"turns":3},{"damage":4,"enemies":"Donu and Deca","floor":50,"turns":6},{"damage":0,"enemies":"Shield and Spear","floor":54,"turns":3},{"damage":0,"enemies":"The Heart","floor":55,"turns":5}],"seed_played":"-723893122878491171","potions_obtained":[{"floor":1,"key":"Weak Potion"},{"floor":1,"key":"SkillPotion"},{"floor":10,"key":"PowerPotion"},{"floor":12,"key":"MarkedMod:BlackLotusJuice"},{"floor":20,"key":"Dota2Spire:HealingSalve"}],"is_trial":false,"path_per_floor":["M","M","$","?","T","R","E","R","T","M","?","E","R","$","R","B",null,"M","M","M","M","$","?","M","M","T","M","E","$","M","M","R_BF","B",null,"M","M","M","$","M","E","M","M","T","M","M","M","?","AVR","R","B",null,"R","$","E","B",null],"character_chosen":"WATCHER","items_purchased":["Apotheosis","Dota2Spire:ShivaGuard","Strange Spoon","CutThroughFate","Replay:Vibes","Dota2Spire:AghanimScepter","EmptyFist","Simple Rune","ClearTheMind","MarkedMod:SlowDance","FollowUp","Dota2Spire:Vanguard","Dota2Spire:BladeMail","Iron Hammer","BattleHymn","AT_FamilyPortrait","FlurryOfBlows","StoneCalendar","Guide Book","Bottled Lightning","Establishment","ReplayTheSpireMod:TigerMarble","Dota2Spire:MagicBottle","MerchantsRug","Orrery","PathToVictory","Adaptation","Meditate","AT_ForceNature","Dota2Spire:EtherealBlade","Mango","PreservedInsect","MarkedMod:PinPointDefense","Dota2Spire:Dagon","Damaru","Orichalcum"],"campfire_rested":2,"item_purchase_floors":[0,0,0,0,3,3,3,3,3,14,14,14,14,14,22,22,22,22,22,22,29,29,29,29,29,38,38,38,38,38,38,38,53,53,53,53],"current_hp_per_floor":[72,65,65,65,65,65,65,65,65,63,63,61,61,61,61,61,72,72,72,72,71,71,71,71,71,71,71,65,72,72,72,72,60,72,72,52,52,81,82,82,82,82,82,79,79,76,76,76,86,82,86,86,86,86,86],"gold":65,"neow_bonus":"","is_daily":false,"chose_seed":false,"campfire_upgraded":3,"win_rate":0.0,"timestamp":1608570800,"path_taken":["M","M","$","?","?","R","E","R","T","?","?","E","R","$","R","BOSS","M","M","M","M","$","?","M","M","T","M","E","$","?","M","R_BF","BOSS","M","?","M","$","M","E","M","M","T","M","M","M","?","AVR","R","BOSS","R","$","E","BOSS"],"items_purchased_type":["Card","Relic","Relic","Card","Card","Relic","Card","Relic","Card","Card","Card","Relic","Relic","Relic","Card","Card","Card","Relic","Relic","Relic","Card","Relic","Relic","Relic","Relic","Card","Card","Card","Relic","Relic","Relic","Relic","Card","Relic","Relic","Relic"],"build_version":"2020-12-13","purchased_purges":0,"victory":true,"max_hp_per_floor":[72,72,72,72,72,72,72,72,72,72,72,72,72,72,72,72,72,72,72,72,72,72,72,72,72,72,72,72,72,72,72,72,72,72,72,72,72,86,86,86,86,86,86,86,86,86,86,86,86,86,86,86,86,86,86],"relic_stats":{"Strange Spoon":[129],"Torii":0,"counters":[62,238],"Golden Idol":246,"StoneCalendar":[0],"MealTicket":22,"PreservedInsect":125,"Orichalcum":[12],"Cursed Key":1,"Question Card":9,"obtain_stats":[{"AT_ATBox":29,"Dota2Spire:ShadowBlade":28,"Bottled Tornado":9,"Dota2Spire:EtherealBlade":38,"Replay:Wanted Poster":17,"Dota2Spire:MagicBottle":29,"DollysMirror":48,"Strawberry":4,"MealTicket":26,"Diplopia":4,"Dota2Spire:Mjollnir":12,"Iron Hammer":14,"theSenshi:SailorFukuRelic":6,"KeepersGift":0,"MerchantsRug":29,"conspire:TreasureMap":4,"Dota2Spire:Dagon":53,"Dota2Spire:ShivaGuard":0,"AT_EbonyIvory":5,"Question Card":40,"SlaversCollar":48,"Dota2Spire:AghanimScepter":3,"ForgetMeNow":9,"Simple Rune":3,"ReplayTheSpireMod:TigerMarble":29,"HushsDoor":0,"Torii":54,"StoneCalendar":22,"Mango":38,"Dota2Spire:Vanguard":14,"Cursed Key":34,"conspire:TopHat":7,"CogitoBucket":0,"Dota2Spire:BladeMail":14,"AT_ForceNature":38,"Golden Idol":4,"Guide Book":22,"Damaru":53,"PreservedInsect":38,"Orichalcum":53,"Habit":4,"Strange Spoon":0,"D6":1,"HolyWater":17,"Orrery":29,"LetterFromLob":1,"Bottled Lightning":22,"PureWater":0,"BlankCard":4},{"AT_ATBox":46,"Dota2Spire:ShadowBlade":46,"Bottled Tornado":35,"Dota2Spire:EtherealBlade":52,"Replay:Wanted Poster":29,"Dota2Spire:MagicBottle":46,"DollysMirror":59,"Strawberry":21,"MealTicket":44,"Diplopia":21,"Dota2Spire:Mjollnir":37,"Iron Hammer":37,"theSenshi:SailorFukuRelic":23,"KeepersGift":19,"MerchantsRug":46,"conspire:TreasureMap":21,"Dota2Spire:Dagon":60,"Dota2Spire:ShivaGuard":32,"AT_EbonyIvory":34,"Question Card":54,"SlaversCollar":59,"Dota2Spire:AghanimScepter":34,"ForgetMeNow":24,"Simple Rune":34,"ReplayTheSpireMod:TigerMarble":46,"HushsDoor":19,"Torii":61,"StoneCalendar":42,"Mango":52,"Dota2Spire:Vanguard":37,"Cursed Key":49,"conspire:TopHat":35,"CogitoBucket":19,"Dota2Spire:BladeMail":37,"AT_ForceNature":52,"Golden Idol":34,"Guide Book":42,"Damaru":60,"PreservedInsect":52,"Orichalcum":60,"Habit":21,"Strange Spoon":32,"D6":20,"HolyWater":38,"Orrery":46,"LetterFromLob":20,"Bottled Lightning":42,"PureWater":0,"BlankCard":21},{"AT_ATBox":176,"Dota2Spire:ShadowBlade":176,"Bottled Tornado":138,"Dota2Spire:EtherealBlade":200,"Replay:Wanted Poster":117,"Dota2Spire:MagicBottle":176,"DollysMirror":224,"Strawberry":80,"MealTicket":168,"Diplopia":80,"Dota2Spire:Mjollnir":145,"Iron Hammer":145,"theSenshi:SailorFukuRelic":92,"KeepersGift":75,"MerchantsRug":176,"conspire:TreasureMap":80,"Dota2Spire:Dagon":230,"Dota2Spire:ShivaGuard":129,"AT_EbonyIvory":135,"Question Card":208,"SlaversCollar":224,"Dota2Spire:AghanimScepter":135,"ForgetMeNow":95,"Simple Rune":135,"ReplayTheSpireMod:TigerMarble":176,"HushsDoor":75,"Torii":233,"StoneCalendar":160,"Mango":200,"Dota2Spire:Vanguard":145,"Cursed Key":189,"conspire:TopHat":138,"CogitoBucket":75,"Dota2Spire:BladeMail":145,"AT_ForceNature":200,"Golden Idol":135,"Guide Book":160,"Damaru":230,"PreservedInsect":200,"Orichalcum":230,"Habit":80,"Strange Spoon":129,"D6":76,"HolyWater":150,"Orrery":176,"LetterFromLob":77,"Bottled Lightning":160,"PureWater":0,"BlankCard":80}]},"card_choices":[{"not_picked":["WheelKick","Replay:AtTheReady"],"picked":"EmptyFist","floor":1},{"not_picked":["BowlingBash","Replay:AtTheReady"],"picked":"MarkedMod:Acupuncture","floor":2},{"not_picked":["Indignation","Replay:AtTheReady"],"picked":"EmptyFist","floor":7},{"not_picked":["Swivel","FearNoEvil"],"picked":"FlurryOfBlows","floor":10},{"not_picked":["AT_DivineConfetti","Replay:Anticipation"],"picked":"Judgement","floor":12},{"not_picked":["MarkedMod:ChiBlock","MarkedMod:SlowDance"],"picked":"AT_ChampionKick","floor":16},{"not_picked":["JustLucky","Protect"],"picked":"Halt","floor":18},{"not_picked":["Replay:Anticipation","Protect"],"picked":"AT_ChampionStep","floor":19},{"not_picked":["Conclude","Evaluate"],"picked":"Vengeance","floor":20},{"not_picked":["Consecrate","Evaluate"],"picked":"Perseverance","floor":21},{"not_picked":["SashWhip","ClearTheMind"],"picked":"FollowUp","floor":24},{"not_picked":["Study","MarkedMod:Acupuncture+1"],"picked":"AT_SoftenMuscles","floor":25},{"not_picked":["SashWhip","Collect"],"picked":"FlurryOfBlows","floor":27},{"not_picked":["FearNoEvil","Perseverance"],"picked":"Replay:BluntJabs","floor":28},{"not_picked":["EmptyFist","EmptyBody+1"],"picked":"AT_IrregularMenstruation","floor":29},{"not_picked":["MarkedMod:GentlePulse+1","WreathOfFlame"],"picked":"PathToVictory","floor":29},{"not_picked":["Halt+1","Replay:Vibes"],"picked":"PathToVictory","floor":29},{"not_picked":["EmptyBody","BowlingBash"],"picked":"MarkedMod:OneThousandNeedles","floor":29},{"not_picked":["MarkedMod:FirstStrike","InnerPeace"],"picked":"Vengeance","floor":30},{"not_picked":["MarkedMod:GentlePulse","JustLucky+1","CrushJoints"],"picked":"SKIP","floor":31},{"not_picked":["LessonLearned","Establishment"],"picked":"MarkedMod:SlowDance","floor":33},{"not_picked":["Sanctity","Crescendo","ClearTheMind"],"picked":"SKIP","floor":35},{"not_picked":["EmptyBody","TalkToTheHand"],"picked":"FollowUp+1","floor":36},{"not_picked":["AT_SoftenMuscles+1","MarkedMod:FirstStrike"],"picked":"AT_DivineConfetti","floor":37},{"not_picked":["WindmillStrike","Crescendo"],"picked":"PathToVictory+1","floor":39},{"not_picked":["Sanctity+1","BowlingBash"],"picked":"Replay:Cycle","floor":40},{"not_picked":["Vengeance","Perseverance+1","CutThroughFate+1","Replay:Vibes"],"picked":"SKIP","floor":41},{"not_picked":["MarkedMod:FirstStrike","Study+1","Meditate+1","CrushJoints"],"picked":"SKIP","floor":42},{"not_picked":["BowlingBash","SashWhip+1","Judgement","SignatureMove"],"picked":"SKIP","floor":44},{"not_picked":["CrushJoints+1","Protect","Evaluate","Study"],"picked":"SKIP","floor":45},{"not_picked":["Sanctity+1","ClearTheMind","Crescendo"],"picked":"AT_ChampionStep","floor":46},{"not_picked":["Pray+1","TalkToTheHand+1","Evaluate"],"picked":"Replay:LoomingThreat","floor":54}],"player_experience":105108,"relics_obtained":[{"floor":5,"key":"AT_EbonyIvory"},{"floor":7,"key":"conspire:TopHat"},{"floor":9,"key":"Bottled Tornado"},{"floor":12,"key":"Dota2Spire:Mjollnir"},{"floor":26,"key":"MealTicket"},{"floor":28,"key":"Dota2Spire:ShadowBlade"},{"floor":40,"key":"Question Card"},{"floor":54,"key":"Torii"}],"event_choices":[{"damage_healed":0,"gold_gain":0,"player_choice":"Take Wound","damage_taken":0,"relics_obtained":["Golden Idol"],"max_hp_gain":0,"max_hp_loss":0,"event_name":"Golden Idol","floor":4,"gold_loss":0,"cards_obtained":["Injury"]},{"damage_healed":0,"gold_gain":0,"player_choice":"Grow","damage_taken":0,"max_hp_gain":0,"max_hp_loss":0,"event_name":"Living Wall","floor":11,"gold_loss":0,"cards_upgraded":["ClearTheMind"]},{"damage_healed":0,"gold_gain":0,"player_choice":"Forge","damage_taken":0,"max_hp_gain":0,"max_hp_loss":0,"event_name":"Accursed Blacksmith","floor":23,"gold_loss":0,"cards_upgraded":["AT_ChampionKick"]},{"damage_healed":0,"gold_gain":0,"player_choice":"Ignored","damage_taken":0,"max_hp_gain":0,"max_hp_loss":0,"event_name":"OrinTheCat","floor":47,"gold_loss":0}],"is_beta":false,"boss_relics":[{"not_picked":["Dota2Spire:Bloodstone","VioletLotus"],"picked":"HolyWater"},{"not_picked":["Empty Cage","SacredBark"],"picked":"Cursed Key"}],"items_purged_floors":[],"is_endless":false,"potions_floor_spawned":[1,1,10,12,16,18,19,20,21,24,25,27,30,31,33,33,35,39,39,40,40,42,42,44,45,45,46,46,54,54],"ascension_level":0}}