{"host":"li2oyy8xcjugrjw6","time":1608519762,"event":{"mods":["AchievementEnabler","BaseMod","Colored Map","Minty Spire (QoL Compilation)","Permanent Neow","Replay The Spire","StSLib"],"gold_per_floor":[109,123,137,137,87,87,87,87,87,107,107,132,168,179,179,281,281,291,11,37,37,87,117,142,142,142,177,142,28,63,74,74,169,169,188,288,338,353,372,403,403,434,434,466,516,544,556,583,583,583],"floor_reached":51,"playtime":3618,"items_purged":["Strike_G"],"score":1401,"play_id":"b35d51c2-aee7-474e-a906-a095c9c3ed57","local_time":"20201220190242","is_ascension_mode":true,"campfire_choices":[{"data":"Skewer","floor":6.0,"key":"SMITH"},{"data":"Dagger Spray","floor":8.0,"key":"SMITH"},{"data":"Neutralize","floor":11.0,"key":"SMITH"},{"data":"Blade Dance","floor":15.0,"key":"SMITH"},{"data":"After Image","floor":25.0,"key":"SMITH"},{"data":"Envenom","floor":32.0,"key":"SMITH"},{"data":"A Thousand Cuts","floor":41,"key":"SMITH"},{"data":"Deflect","floor":49,"key":"SMITH"}],"circlet_count":0,"master_deck":["AscendersBane","Strike_G+1","Strike_G+1","Defend_G+1","Defend_G+1","Survivor","Neutralize+1","Skewer+1","Dagger Spray+1","Deflect+1","Blade Dance+1","PiercingWail","After Image+1","Footwork+1","Blade Dance+1","Backflip","Deflect+1","A Thousand Cuts+1","PiercingWail+1","Dagger Throw+1","Envenom+1","Escape Plan+1","Sneak Up+1","Acrobatics+1","Bandage Up","Finisher+1"],"relics":["Ring of the Snake","ReplayTheSpireMod:Ring of Collecting","ReplayTheSpireMod:Ring of Challenge","WingedGreaves","Ring of Misfortune","Juzu Bracelet","Replay:Ringing Soul","Ice Cream","Replay:Drink Me","DollysMirror","Red Mask","SsserpentHead","Onion Ring","Darkstone Periapt","Ring of Peace","Ginger","Mirror","Counterbalance","Vampiric Spirits","Replay:Bronze Core","Replay:PocketPolymizer","Pantograph","Lantern","Pen Nib","Replay:Bottled Eggs","Mercury Hourglass","Bottled Tornado"],"acts_visited":["Exordium","TheCity","TheBeyond"],"potions_floor_usage":[33,44,44],"damage_taken":[{"damage":5.0,"enemies":"2 Louse","floor":1.0,"turns":3.0},{"damage":9.0,"enemies":"Jaw Worm","floor":2.0,"turns":3.0},{"damage":1.0,"enemies":"Cultist","floor":3.0,"turns":3.0},{"damage":0.0,"enemies":"Exordium Wildlife","floor":10.0,"turns":2.0},{"damage":6.0,"enemies":"3 Sentries","floor":12.0,"turns":6.0},{"damage":0.0,"enemies":"2 Fungi Beasts","floor":14.0,"turns":2.0},{"damage":18.0,"enemies":"Slime Boss","floor":16.0,"turns":6.0},{"damage":3.0,"enemies":"Shell Parasite","floor":18.0,"turns":5.0},{"damage":8.0,"enemies":"Masked Bandits","floor":20.0,"turns":4.0},{"damage":4.0,"enemies":"Replay:Snechameleon","floor":23.0,"turns":6.0},{"damage":7.0,"enemies":"Slavers","floor":24.0,"turns":6.0},{"damage":2.0,"enemies":"Gremlin Leader","floor":27.0,"turns":4.0},{"damage":5.0,"enemies":"Book of Stabbing","floor":30.0,"turns":6.0},{"damage":0.0,"enemies":"2 Thieves","floor":31.0,"turns":3.0},{"damage":0,"enemies":"Collector","floor":33,"turns":10},{"damage":8,"enemies":"3 Shapes","floor":35,"turns":3},{"damage":0,"enemies":"2 Orb Walkers","floor":36,"turns":4},{"damage":0,"enemies":"3 Darklings","floor":38,"turns":4},{"damage":0,"enemies":"Maw","floor":39,"turns":6},{"damage":17,"enemies":"R_Hoarder","floor":40,"turns":7},{"damage":0,"enemies":"Reptomancer","floor":42,"turns":5},{"damage":0,"enemies":"Giant Head","floor":44,"turns":5},{"damage":0,"enemies":"R_Hoarder","floor":46,"turns":6},{"damage":0,"enemies":"Sphere and 2 Shapes","floor":47,"turns":3},{"damage":0,"enemies":"Giant Head","floor":48,"turns":6},{"damage":0,"enemies":"Donu and Deca","floor":50,"turns":6}],"seed_played":"408502723684494015","potions_obtained":[{"floor":3.0,"key":"CultistPotion"},{"floor":16.0,"key":"FearPotion"},{"floor":23.0,"key":"Poison Potion"},{"floor":27.0,"key":"GamblersBrew"},{"floor":30.0,"key":"Reflective Coating"},{"floor":36,"key":"SpeedPotion"},{"floor":39,"key":"GhostInAJar"},{"floor":40,"key":"SteroidPotion"},{"floor":48,"key":"BlessingOfTheForge"}],"is_trial":false,"path_per_floor":["M","M","M","?","?","R","T","R","T","M","R","E","?","M","R","B",null,"M","$","?","?","?","E","E","R","T","E","?","$","E","M","R_BF","B",null,"M","?","?","M","M","E","R","E","T","E","?","E","M","E","R","B",null],"character_chosen":"THE_SILENT","items_purchased":["DollysMirror","Backflip","Envenom"],"campfire_rested":0,"item_purchase_floors":[19,19,29],"current_hp_per_floor":[58,49,48,48,48,48,48,48,48,48,48,45,19,19,19,4,40,40,43,38,38,38,37,33,33,33,34,34,37,32,41,41,41,65,64,71,74,82,82,68,71,88,88,91,86,86,86,86,86,86],"gold":583,"neow_bonus":"REMOVE_TWO","is_daily":false,"chose_seed":false,"campfire_upgraded":8,"win_rate":0.0,"timestamp":1608519762,"path_taken":["M","M","M","?","?","R","?","R","T","M","R","E","?","M","R","BOSS","M","?","?","?","?","E","E","R","T","E","?","?","E","M","R_BF","BOSS","M","?","?","M","M","E","R","E","T","E","?","E","M","E","R","BOSS"],"items_purchased_type":["Relic","Card","Card"],"build_version":"2020-12-13","purchased_purges":1,"victory":true,"max_hp_per_floor":[63,63,63,63,63,63,63,63,63,63,63,66,66,66,66,69,52,55,58,61,61,61,64,67,67,67,70,70,73,73,73,73,73,73,76,76,79,82,82,85,88,88,88,91,86,86,86,86,86,86],"card_choices":[{"not_picked":["Dagger Spray","Prepared"],"picked":"Skewer","floor":1.0},{"not_picked":["Dodge and Roll","Blade Dance"],"picked":"Dagger Spray","floor":2.0},{"not_picked":["Outmaneuver","Finisher"],"picked":"Deflect","floor":3.0},{"not_picked":["Poisoned Stab","Flying Knee"],"picked":"Blade Dance","floor":10.0},{"not_picked":["Finisher","Cloak And Dagger"],"picked":"PiercingWail","floor":12.0},{"not_picked":["Quick Slash","Bane","Infinite Blades"],"picked":"SKIP","floor":14.0},{"not_picked":["ReplayTheSpireMod:From All Sides","Wraith Form v2"],"picked":"After Image","floor":16.0},{"not_picked":["Catalyst","Deadly Poison"],"picked":"Footwork+1","floor":18.0},{"not_picked":["Acrobatics","Quick Slash"],"picked":"Deflect+1","floor":20.0},{"not_picked":["Hidden Blade","ReplayTheSpireMod:The Works"],"picked":"A Thousand Cuts","floor":23.0},{"not_picked":["Dagger Throw","Backflip"],"picked":"PiercingWail+1","floor":24.0},{"not_picked":["Flying Knee","Poisoned Stab+1"],"picked":"Dagger Throw+1","floor":27.0},{"not_picked":["Quick Slash","PiercingWail+1","ReplayTheSpireMod:The Works"],"picked":"SKIP","floor":30.0},{"not_picked":["Blade Dance","Eviscerate+1","Sucker Punch"],"picked":"SKIP","floor":31.0},{"not_picked":["Skewer+1","Flying Knee+1"],"picked":"Escape Plan+1","floor":35},{"not_picked":["ReplayTheSpireMod:Uncanny Aura","Deep Breath"],"picked":"Madness","floor":37},{"not_picked":["Well Laid Plans+1","Flechettes"],"picked":"Sneak Up+1","floor":38},{"not_picked":["Bane+1","Quick Slash","ReplayTheSpireMod:Scrap Shanks"],"picked":"SKIP","floor":39},{"not_picked":["Poisoned Stab","Deflect+1"],"picked":"Acrobatics+1","floor":40},{"not_picked":["Prepared","Acrobatics","Underhanded Strike"],"picked":"SKIP","floor":42},{"not_picked":["Wraith Form v2","Sucker Punch+1"],"picked":"Finisher+1","floor":44},{"not_picked":["Skewer","Draining Mist","Dodge and Roll"],"picked":"SKIP","floor":46},{"not_picked":["Dagger Spray+1","Outmaneuver","Quick Slash"],"picked":"SKIP","floor":47},{"not_picked":["Dagger Throw+1","ReplayTheSpireMod:The Works+1","Deadly Poison"],"picked":"SKIP","floor":48}],"player_experience":935013,"relics_obtained":[{"floor":4.0,"key":"ReplayTheSpireMod:Ring of Collecting"},{"floor":4.0,"key":"ReplayTheSpireMod:Ring of Challenge"},{"floor":7.0,"key":"WingedGreaves"},{"floor":9.0,"key":"Ring of Misfortune"},{"floor":9.0,"key":"Juzu Bracelet"},{"floor":12.0,"key":"Replay:Ringing Soul"},{"floor":13.0,"key":"Ice Cream"},{"floor":20.0,"key":"Red Mask"},{"floor":23.0,"key":"Onion Ring"},{"floor":24.0,"key":"Darkstone Periapt"},{"floor":26.0,"key":"Ring of Peace"},{"floor":26.0,"key":"Ginger"},{"floor":27.0,"key":"Mirror"},{"floor":30.0,"key":"Vampiric Spirits"},{"floor":36,"key":"Replay:PocketPolymizer"},{"floor":40,"key":"Pantograph"},{"floor":42,"key":"Lantern"},{"floor":43,"key":"Pen Nib"},{"floor":44,"key":"Replay:Bottled Eggs"},{"floor":46,"key":"Mercury Hourglass"},{"floor":48,"key":"Bottled Tornado"}],"event_choices":[{"cards_removed":["Sickly"],"damage_healed":0.0,"max_hp_gain":0.0,"max_hp_loss":0.0,"gold_gain":0.0,"event_name":"The Cleric","player_choice":"Card Removal","floor":5.0,"gold_loss":50.0,"damage_taken":0.0},{"damage_healed":0.0,"max_hp_gain":0.0,"max_hp_loss":0.0,"gold_gain":0.0,"event_name":"Masked Bandits","player_choice":"Fought Bandits","floor":20.0,"gold_loss":0.0,"damage_taken":0.0},{"damage_healed":0.0,"max_hp_gain":0.0,"max_hp_loss":0.0,"gold_gain":0.0,"event_name":"FaceTrader","player_choice":"Trade","floor":21.0,"gold_loss":0.0,"damage_taken":0.0,"relics_obtained":["SsserpentHead"]},{"damage_healed":0.0,"max_hp_gain":0.0,"max_hp_loss":0.0,"gold_gain":0.0,"event_name":"Back to Basics","player_choice":"Simplicity","floor":22.0,"gold_loss":0.0,"damage_taken":0.0,"cards_upgraded":["Strike_G","Strike_G","Defend_G","Defend_G"]},{"damage_healed":0.0,"max_hp_gain":0.0,"max_hp_loss":0.0,"gold_gain":0.0,"event_name":"Addict","player_choice":"Obtained Relic","floor":28.0,"gold_loss":85.0,"damage_taken":0.0,"relics_obtained":["Counterbalance"]},{"damage_healed":0,"gold_gain":0,"player_choice":"Fight","damage_taken":0,"max_hp_gain":0,"max_hp_loss":0,"event_name":"Mysterious Sphere","floor":36,"gold_loss":0},{"damage_healed":0,"gold_gain":0,"player_choice":"Memory 1","damage_taken":0,"max_hp_gain":0,"max_hp_loss":0,"event_name":"SensoryStone","floor":37,"gold_loss":0},{"damage_healed":0,"gold_gain":0,"player_choice":"Max HP","damage_taken":0,"max_hp_gain":0,"max_hp_loss":5,"event_name":"Winding Halls","floor":45,"gold_loss":0}],"is_beta":false,"boss_relics":[{"not_picked":["Ring of the Serpent","Philosopher\u0027s Stone"],"picked":"Replay:Drink Me"},{"not_picked":["Cursed Key","Runic Dome"],"picked":"Replay:Bronze Core"}],"items_purged_floors":[19],"is_endless":false,"potions_floor_spawned":[3,16,23,27,30,36,38,39,40,42,48],"ascension_level":10}}