{"host":"11728qvdvolffudn","time":1608560579,"event":{"mods":["BaseMod","Block Reminder","Colored Powertips","Custom Start","Displayed Cursed Tome","Highlight Path","Minty Spire (QoL Compilation)","Permanent Neow","Quick Restart","Rare Cards Sparkle","Relic Stats"],"gold_per_floor":[109,89,102,121,131,131,50,50,50,50,63,63,63,75,75,177,177,177],"floor_reached":17,"playtime":408,"items_purged":[],"score":147,"play_id":"66987175-9d49-4671-8169-d062dfaefa13","local_time":"20201221142259","is_ascension_mode":false,"campfire_choices":[{"data":"Flex","floor":6,"key":"SMITH"},{"data":"Dramatic Entrance","floor":8,"key":"SMITH"},{"data":"Bash","floor":10,"key":"SMITH"},{"data":"Cleave","floor":13,"key":"SMITH"},{"data":"Inflame","floor":15,"key":"SMITH"}],"circlet_count":0,"master_deck":["Strike_R","Strike_R","Strike_R","Strike_R","Strike_R","Defend_R","Defend_R","Defend_R","Defend_R","Bash+1","Shrug It Off","Cleave+1","Flex+1","Dramatic Entrance+1","Regret","Inflame+1","Demon Form"],"relics":["Burning Blood","Bronze Scales","Eternal Feather","Gremlin Horn"],"acts_visited":["Exordium","TheCity"],"potions_floor_usage":[16],"damage_taken":[{"damage":7,"enemies":"2 Louse","floor":1,"turns":2},{"damage":9,"enemies":"Cultist","floor":3,"turns":4},{"damage":8,"enemies":"Jaw Worm","floor":4,"turns":4},{"damage":0,"enemies":"Large Slime","floor":5,"turns":5},{"damage":0,"enemies":"Gremlin Gang","floor":11,"turns":1},{"damage":0,"enemies":"Exordium Wildlife","floor":14,"turns":1},{"damage":56,"enemies":"The Guardian","floor":16,"turns":9}],"seed_played":"-7642120753249135140","potions_obtained":[{"floor":2,"key":"Block Potion"},{"floor":3,"key":"Ancient Potion"},{"floor":5,"key":"Dexterity Potion"}],"is_trial":false,"path_per_floor":["M","?","M","M","M","R","$","R","T","R","M","?","R","M","R","B",null],"character_chosen":"IRONCLAD","items_purchased":["Dramatic Entrance"],"campfire_rested":0,"item_purchase_floors":[7],"current_hp_per_floor":[79,79,76,74,80,80,80,80,80,80,80,80,80,80,80,30,80,80],"gold":177,"neow_bonus":"RANDOM_COMMON_RELIC","is_daily":false,"chose_seed":false,"campfire_upgraded":5,"win_rate":0.0,"timestamp":1608560579,"path_taken":["M","?","M","?","M","R","$","R","T","R","M","?","R","M","R","BOSS"],"items_purchased_type":["Card"],"build_version":"2020-12-13","purchased_purges":0,"victory":false,"max_hp_per_floor":[80,80,80,80,80,80,80,80,80,80,80,80,80,80,80,80,80,80],"relic_stats":{"Gremlin Horn":[1,1],"counters":[7,26],"Bronze Scales":[48],"Eternal Feather":0,"obtain_stats":[{"Gremlin Horn":12,"Bronze Scales":0,"Eternal Feather":9,"Burning Blood":0},{"Gremlin Horn":5,"Bronze Scales":0,"Eternal Feather":4,"Burning Blood":0},{"Gremlin Horn":16,"Bronze Scales":0,"Eternal Feather":15,"Burning Blood":0}],"Burning Blood":30},"card_choices":[{"not_picked":["True Grit","Thunderclap"],"picked":"Shrug It Off","floor":1},{"not_picked":["Wild Strike","Twin Strike"],"picked":"Cleave","floor":3},{"not_picked":["Dual Wield","Combust"],"picked":"Flex","floor":4},{"not_picked":["Entrench","Anger","Havoc"],"picked":"SKIP","floor":5},{"not_picked":["Dual Wield","Bludgeon","Thunderclap"],"picked":"SKIP","floor":11},{"not_picked":["Flame Barrier","Heavy Blade"],"picked":"Inflame","floor":14},{"not_picked":["Brutality","Berserk"],"picked":"Demon Form","floor":16}],"player_experience":129456,"relics_obtained":[{"floor":9,"key":"Eternal Feather"}],"event_choices":[{"damage_healed":0,"gold_gain":0,"player_choice":"Bought 1 Potion","damage_taken":0,"max_hp_gain":0,"max_hp_loss":0,"event_name":"The Woman in Blue","floor":2,"gold_loss":0},{"damage_healed":0,"gold_gain":0,"player_choice":"Box","damage_taken":0,"relics_obtained":["Gremlin Horn"],"max_hp_gain":0,"max_hp_loss":0,"event_name":"Big Fish","floor":12,"gold_loss":0,"cards_obtained":["Regret"]}],"is_beta":false,"boss_relics":[{"not_picked":["Pandora\u0027s Box","Sozu","Ectoplasm"]}],"items_purged_floors":[],"is_endless":false,"potions_floor_spawned":[3,5],"ascension_level":0}}