{"host":"t75twhtg6c476ygg","time":1608564717,"event":{"mods":["AchievementEnabler","BaseMod","Colored Powertips","Minty Spire (QoL Compilation)","Quick Restart","Relic Stats","StSLib","SuperFastMode"],"gold_per_floor":[110,110,120,137,137,168,188,188,188,45,45,71,81,115,115,115,115],"floor_reached":16,"playtime":338,"items_purged":[],"score":181,"play_id":"4c53da46-407a-4d1f-b994-1a27ef193f8b","local_time":"20201221153157","is_ascension_mode":true,"campfire_choices":[{"floor":11.0,"key":"REST"},{"floor":15,"key":"REST"}],"circlet_count":0,"master_deck":["Strike_R","Strike_R+1","Strike_R","Strike_R","Defend_R","Defend_R","Defend_R","Defend_R+1","Bash","Flex","Feed","Shrug It Off","Fire Breathing","Twin Strike","Perfected Strike","Fiend Fire"],"relics":["Burning Blood","NeowsBlessing","Prayer Wheel","Frozen Egg 2","Mercury Hourglass","Orichalcum","Juzu Bracelet","Pear"],"acts_visited":["Exordium"],"potions_floor_usage":[14],"damage_taken":[{"damage":0.0,"enemies":"Cultist","floor":1.0,"turns":1.0},{"damage":0.0,"enemies":"2 Louse","floor":3.0,"turns":1.0},{"damage":0.0,"enemies":"Small Slimes","floor":4.0,"turns":1.0},{"damage":44.0,"enemies":"Gremlin Nob","floor":6.0,"turns":5.0},{"damage":11.0,"enemies":"Gremlin Gang","floor":7.0,"turns":8.0},{"damage":18.0,"enemies":"3 Sentries","floor":12.0,"turns":5.0},{"damage":0.0,"enemies":"2 Fungi Beasts","floor":13.0,"turns":2.0},{"damage":41,"enemies":"Lagavulin","floor":14,"turns":6},{"damage":0,"enemies":"Hexaghost","floor":16,"turns":2}],"seed_played":"-2483748262085935114","potions_obtained":[{"floor":6.0,"key":"Regen Potion"},{"floor":7.0,"key":"SteroidPotion"},{"floor":12.0,"key":"CultistPotion"}],"is_trial":false,"path_per_floor":["M","?","M","M","?","E","M","?","T","$","R","E","M","E","R","B"],"character_chosen":"IRONCLAD","items_purchased":["Orichalcum"],"campfire_rested":2,"item_purchase_floors":[10],"current_hp_per_floor":[78,78,83,83,66,31,29,29,29,29,55,46,55,45,76,76,76],"gold":115,"neow_bonus":"THREE_ENEMY_KILL","is_daily":false,"chose_seed":false,"campfire_upgraded":0,"win_rate":0.0,"timestamp":1608564717,"path_taken":["M","?","M","?","?","E","M","?","T","$","R","E","M","E","R","BOSS"],"items_purchased_type":["Relic"],"build_version":"2020-12-13","purchased_purges":0,"victory":false,"max_hp_per_floor":[80,80,83,83,83,86,89,89,89,89,89,92,95,105,105,105,105],"relic_stats":{"counters":[9,31],"Prayer Wheel":2,"Juzu Bracelet":0,"Orichalcum":[42],"obtain_stats":[{"Pear":14,"NeowsBlessing":0,"Prayer Wheel":6,"Juzu Bracelet":12,"Frozen Egg 2":8,"Orichalcum":10,"Burning Blood":0,"Mercury Hourglass":9},{"Pear":8,"NeowsBlessing":0,"Prayer Wheel":4,"Juzu Bracelet":6,"Frozen Egg 2":5,"Orichalcum":5,"Burning Blood":0,"Mercury Hourglass":5},{"Pear":29,"NeowsBlessing":0,"Prayer Wheel":8,"Juzu Bracelet":21,"Frozen Egg 2":16,"Orichalcum":16,"Burning Blood":0,"Mercury Hourglass":16}],"Burning Blood":38,"Mercury Hourglass":[69]},"card_choices":[{"not_picked":["Warcry","True Grit"],"picked":"Flex","floor":1.0},{"not_picked":["Rage","Flex"],"picked":"Shrug It Off","floor":3.0},{"not_picked":["Iron Wave","Power Through"],"picked":"Fire Breathing","floor":4.0},{"not_picked":["True Grit","Iron Wave"],"picked":"Twin Strike","floor":6.0},{"not_picked":["Warcry","Shrug It Off"],"picked":"Sword Boomerang","floor":7.0},{"not_picked":["Feed","Clash"],"picked":"Perfected Strike","floor":7.0},{"not_picked":["Clash","Heavy Blade","Pummel"],"picked":"SKIP","floor":12.0},{"not_picked":["Perfected Strike","Headbutt","Anger"],"picked":"SKIP","floor":13.0},{"not_picked":["Heavy Blade","Warcry","Armaments"],"picked":"SKIP","floor":13.0},{"not_picked":["Disarm","Entrench"],"picked":"Fiend Fire","floor":14}],"player_experience":185422,"relics_obtained":[{"floor":6.0,"key":"Prayer Wheel"},{"floor":9.0,"key":"Mercury Hourglass"},{"floor":12.0,"key":"Juzu Bracelet"},{"floor":14,"key":"Pear"}],"event_choices":[{"damage_healed":0.0,"max_hp_gain":0.0,"max_hp_loss":0.0,"gold_gain":0.0,"cards_transformed":["Strike_R"],"event_name":"Transmorgrifier","player_choice":"Transformed","floor":2.0,"gold_loss":0.0,"damage_taken":0.0,"cards_obtained":["Feed"]},{"damage_healed":0.0,"max_hp_gain":0.0,"max_hp_loss":0.0,"gold_gain":0.0,"event_name":"Shining Light","player_choice":"Entered Light","floor":5.0,"gold_loss":0.0,"damage_taken":17.0,"cards_upgraded":["Strike_R","Defend_R"]},{"cards_removed":["Sword Boomerang"],"damage_healed":0.0,"max_hp_gain":0.0,"max_hp_loss":0.0,"gold_gain":0.0,"event_name":"WeMeetAgain","player_choice":"Gave Card","floor":8.0,"gold_loss":0.0,"damage_taken":0.0,"relics_obtained":["Frozen Egg 2"]}],"is_beta":false,"boss_relics":[],"items_purged_floors":[],"is_endless":false,"potions_floor_spawned":[6,7,12],"killed_by":"Hexaghost","ascension_level":6}}