{"host":"ur3jhul21nnc6809","time":1608551702,"event":{"mods":["ATMod(∞¢Ë™Mod)","Act Like it!","BaseMod","Better Vampires","Dota2Spire","Downfall","Friendly Minions","Gensokyo","KinomotoSakuraMod(ƒæ÷Æ±æ”£)","Marisa£®ÏF”Í°°ƒß¿Ì…≥£©","Minty Spire (QoL Compilation)","Reimu£®≤©¿ˆ¡È√Œ£©","Remilia£®¿Ÿ√◊¿Ú—«£©","Replay The Spire","StSLib","The Servant 0.9.4","[IsaacMod]“‘»ˆº‚À˛","°æ“≈ŒÔø®≈∆°øREMEMod"],"gold_per_floor":[119,135,135,60,73,105,105,138,138,173,173,190,47,114,114,234,234,278,313,351,351,416,441,441,493,493,533,533,533,633,695,655,692,692,817,817],"floor_reached":35,"playtime":1526,"items_purged":["Defend_MRS"],"score":400,"play_id":"52b3b290-15dc-4966-a0be-9fac940d18a5","local_time":"20201221195502","is_ascension_mode":true,"campfire_choices":[{"data":"SuperNova","floor":7,"key":"SMITH"},{"data":"MysteriousBeam","floor":11,"key":"SMITH"},{"data":"EpicFetus","floor":15,"key":"SMITH"},{"data":"EscapeVelocity","floor":24,"key":"SMITH"},{"floor":34,"key":"REST"}],"circlet_count":0,"master_deck":["Strike_MRS","Strike_MRS","Strike_MRS","Strike_MRS","Defend_MRS","Defend_MRS","Defend_MRS","MasterSpark","UpSweep","EpicFetus+1","AT_FamilyPortrait","GasGiant","MysteriousBeam+1","AT_FamilyPortrait","OrrerysSun","SuperNova+1","GasGiant+1","EscapeVelocity+1","SuperPerseids+1","WitchLeyline+1","DC+1","WitchLeyline+1","ShootingEcho","WitchLeyline+1","PulseMagic+1","hexamod:SixthSeal"],"relics":["MiniHakkero","HushsDoor","REME_ComplimentaryCards","AT_ATBox","NeowsBlessing","Leech","AT_ForceNature","Dota2Spire:ShadowBlade","Dota2Spire:Butterfly","HornCleat","AT_MibuBalloonWealth","AT_TrinityForce","Gensokyo:ChorusOfJoy","Replay:Bottled Eggs","Bag of Marbles","Replay:Bottled Snecko","Gremlin Food"],"acts_visited":["Exordium","Gensokyo:Gensokyoer"],"potions_floor_usage":[16,16,25,35,35,35],"damage_taken":[{"damage":0,"enemies":"Small Slimes","floor":1,"turns":1},{"damage":0,"enemies":"2 Louse","floor":2,"turns":1},{"damage":0,"enemies":"Cultist","floor":5,"turns":1},{"damage":21,"enemies":"Lagavulin","floor":6,"turns":4},{"damage":17,"enemies":"Replay:BlueRogue","floor":8,"turns":4},{"damage":6,"enemies":"Gremlin Nob","floor":10,"turns":3},{"damage":7,"enemies":"Gremlin Gang","floor":12,"turns":3},{"damage":0,"enemies":"Large Slime","floor":14,"turns":6},{"damage":4,"enemies":"Hexaghost","floor":16,"turns":6},{"damage":0,"enemies":"Gensokyo:Chomper","floor":18,"turns":3},{"damage":18,"enemies":"Gensokyo:AngelMirror","floor":19,"turns":2},{"damage":24,"enemies":"Gensokyo:Wraith","floor":20,"turns":3},{"damage":2,"enemies":"Gensokyo:Chomper_and_Gloop","floor":22,"turns":3},{"damage":0,"enemies":"Gensokyo:Koishi","floor":23,"turns":3},{"damage":25,"enemies":"Gensokyo:Tenshi","floor":25,"turns":2},{"damage":0,"enemies":"Gensokyo:Slime_Group","floor":31,"turns":1},{"damage":9,"enemies":"Gensokyo:Wraith","floor":33,"turns":3},{"damage":39,"enemies":"Gensokyo:Kaguya","floor":35,"turns":5}],"seed_played":"-6535826268619460798","potions_obtained":[{"floor":6,"key":"SkillPotion"},{"floor":8,"key":"FearPotion"},{"floor":14,"key":"BlessingOfTheForge"},{"floor":20,"key":"Toxic Potion"},{"floor":22,"key":"Block Potion"},{"floor":25,"key":"ZuzhouPotion:ReiMu"}],"is_trial":false,"path_per_floor":["M","M","?","$","M","E","R","E","T","E","R","M","$","M","R","B",null,"M","M","M","?","M","E","R","E","T","?","PTL","PTL","?","M","?","M","R","B"],"character_chosen":"MARISA","items_purchased":["AT_MibuBalloonWealth"],"campfire_rested":1,"item_purchase_floors":[13],"current_hp_per_floor":[75,75,75,75,75,55,55,41,41,37,37,32,32,42,42,43,75,75,59,37,37,37,39,39,16,16,16,16,16,16,16,16,9,31,0,0],"gold":817,"neow_bonus":"THREE_ENEMY_KILL","is_daily":false,"chose_seed":false,"campfire_upgraded":4,"win_rate":0.0,"timestamp":1608551702,"path_taken":["M","M","?","$","M","E","R","E","T","E","R","?","$","M","R","BOSS","M","?","M","?","?","E","R","E","T","?","PTL","PTL","?","M","?","M","R","BOSS"],"items_purchased_type":["Relic"],"build_version":"2020-12-13","purchased_purges":1,"victory":false,"max_hp_per_floor":[75,75,75,75,75,75,75,75,75,75,75,75,75,75,75,75,75,75,75,75,75,75,75,75,75,75,75,75,75,75,75,75,75,75,75,75],"card_choices":[{"not_picked":[],"picked":"EpicFetus","floor":0},{"not_picked":["SprinkleStarSeal","DC"],"picked":"GasGiant","floor":1},{"not_picked":["UnstableBomb","IllusionStar"],"picked":"MysteriousBeam","floor":2},{"not_picked":["MilkyWay","AsteroidBelt"],"picked":"OrrerysSun","floor":5},{"not_picked":["IllusionStar","DarkSpark"],"picked":"SuperNova","floor":6},{"not_picked":["DarkMatter","GrandCross"],"picked":"Bomb","floor":8},{"not_picked":["Bomb","GravityBeat"],"picked":"GasGiant","floor":10},{"not_picked":["UnstableBomb","AlicesGift","ShootTheMoon"],"picked":"SKIP","floor":12},{"not_picked":["LuminesStrike","ManaConvection"],"picked":"Bomb","floor":14},{"not_picked":["BinaryStars","AbsoluteMagnitude"],"picked":"EscapeVelocity","floor":16},{"not_picked":["OrrerysSun+1","MysteriousBeam+1"],"picked":"SuperPerseids+1","floor":18},{"not_picked":["UnstableBomb","GalacticHalo"],"picked":"WitchLeyline","floor":19},{"not_picked":["LuminesStrike","Occultation"],"picked":"DC+1","floor":20},{"not_picked":["IllusionStar","GrandCross"],"picked":"WitchLeyline","floor":22},{"not_picked":["StarlightTyphoon+1","FairyDestructionRay","Acceleration"],"picked":"SKIP","floor":23},{"not_picked":["6A","UnstableBomb","WitchOfGreed"],"picked":"SKIP","floor":25},{"not_picked":["EscapeVelocity","PowerUp+1"],"picked":"ShootingEcho","floor":27},{"not_picked":["ChargingUp","StarlightTyphoon"],"picked":"WitchLeyline+1","floor":27},{"not_picked":["WitchLeyline","GalacticHalo"],"picked":"PulseMagic","floor":30},{"not_picked":["AsteroidBelt","UnstableBomb+1","TreasureHunter"],"picked":"SKIP","floor":31},{"not_picked":["hexamod:SecondSeal","hexamod:FourthSeal"],"picked":"hexamod:SixthSeal","floor":33},{"not_picked":["ShootingEcho","WitchOfGreed","StarlightTyphoon"],"picked":"SKIP","floor":33}],"player_experience":598696,"relics_obtained":[{"floor":6,"key":"AT_ForceNature"},{"floor":8,"key":"Dota2Spire:ShadowBlade"},{"floor":9,"key":"Dota2Spire:Butterfly"},{"floor":10,"key":"HornCleat"},{"floor":23,"key":"Replay:Bottled Eggs"},{"floor":25,"key":"Bag of Marbles"},{"floor":26,"key":"Replay:Bottled Snecko"},{"floor":27,"key":"Gremlin Food"}],"event_choices":[],"is_beta":false,"boss_relics":[{"not_picked":["Honey Jar","ChewingGum"],"picked":"AT_TrinityForce"},{"not_picked":[]}],"items_purged_floors":[4],"is_endless":false,"potions_floor_spawned":[6,8,14,20,22,25],"killed_by":"Gensokyo:Kaguya","ascension_level":2}}