{"host":"17j25xn3vk5d1e3v","time":1608572997,"event":{"mods":["AchievementEnabler","Act Like it!","BaseMod","GifTheSpireLib","Hermit","HexUI Lib","Hubris","Minty Spire (QoL Compilation)","Replay The Spire","StSLib"],"gold_per_floor":[215,72,85,97,97,125,125,159,159,178,193,193,220,67,67,67,67],"floor_reached":16,"playtime":630,"items_purged":["Strike_G"],"score":138,"play_id":"b931da15-70d9-4a69-86f8-2b77843e9535","local_time":"20201221184957","is_ascension_mode":true,"campfire_choices":[{"floor":7,"key":"REST"},{"floor":12,"key":"REST"},{"floor":15,"key":"REST"}],"circlet_count":0,"master_deck":["Strike_G","Strike_G+1","Strike_G","Strike_G+1","Defend_G","Defend_G","Defend_G","Defend_G","Defend_G","Survivor","Neutralize","Dagger Spray","Dash","Prepared","PiercingWail","Tactician","Outmaneuver","Night Terror","Burst","Footwork"],"relics":["Ring of the Snake","hubris:TenFootPole","Whetstone","Mirror","Replay:Ringing Soul","ReplayTheSpireMod:Lightbulb"],"acts_visited":["Exordium"],"potions_floor_usage":[],"damage_taken":[{"damage":0,"enemies":"Cultist","floor":1,"turns":4},{"damage":0,"enemies":"Jaw Worm","floor":3,"turns":5},{"damage":0,"enemies":"2 Louse","floor":4,"turns":2},{"damage":35,"enemies":"Gremlin Nob","floor":6,"turns":6},{"damage":37,"enemies":"Lagavulin","floor":8,"turns":10},{"damage":6,"enemies":"Large Slime","floor":10,"turns":7},{"damage":0,"enemies":"Exordium Wildlife","floor":11,"turns":5},{"damage":34,"enemies":"3 Sentries","floor":13,"turns":9},{"damage":40,"enemies":"Hexaghost","floor":16,"turns":11}],"seed_played":"9089959286223759976","potions_obtained":[{"floor":3,"key":"Venom Potion"},{"floor":6,"key":"SmokeBomb"},{"floor":11,"key":"Swift Potion"}],"is_trial":false,"path_per_floor":["M","$","M","M","?","E","R","E","T","M","M","R","E","$","R","B"],"character_chosen":"THE_SILENT","items_purchased":["hubris:TenFootPole","Footwork"],"campfire_rested":3,"item_purchase_floors":[2,14],"current_hp_per_floor":[70,70,70,70,70,35,56,19,19,16,19,41,10,13,37,0,0],"gold":67,"neow_bonus":"HUNDRED_GOLD","is_daily":false,"chose_seed":false,"campfire_upgraded":0,"win_rate":0.0,"timestamp":1608572997,"path_taken":["M","$","M","M","?","E","R","E","T","M","M","R","E","$","R","BOSS"],"items_purchased_type":["Relic","Card"],"build_version":"2020-12-13","purchased_purges":1,"victory":false,"max_hp_per_floor":[70,70,70,70,70,70,70,70,70,73,76,76,79,82,82,82,82],"card_choices":[{"not_picked":["Acrobatics","Calculated Gamble"],"picked":"Dagger Spray","floor":1},{"not_picked":["Flying Knee","Acrobatics"],"picked":"Dash","floor":3},{"not_picked":["Bane","Dodge and Roll"],"picked":"Prepared","floor":4},{"not_picked":["Dagger Spray","Dodge and Roll"],"picked":"PiercingWail","floor":6},{"not_picked":["Quick Slash","Choke"],"picked":"Tactician","floor":8},{"not_picked":["Cloak And Dagger","Endless Agony"],"picked":"Outmaneuver","floor":10},{"not_picked":["Fluid Movement","Bane"],"picked":"Night Terror","floor":11},{"not_picked":["Accuracy","Bane"],"picked":"Burst","floor":13}],"player_experience":186130,"relics_obtained":[{"floor":6,"key":"Whetstone"},{"floor":8,"key":"Mirror"},{"floor":9,"key":"Replay:Ringing Soul"},{"floor":13,"key":"ReplayTheSpireMod:Lightbulb"}],"event_choices":[],"is_beta":false,"boss_relics":[],"items_purged_floors":[14],"is_endless":false,"potions_floor_spawned":[3,6,11],"killed_by":"Hexaghost","ascension_level":3}}