{"host":"0ueeacaatm8t6jyh","time":1608562642,"event":{"mods":["AchievementEnabler","BaseMod","Colored Powertips","Minty Spire (QoL Compilation)","Quick Restart","Rare Cards Sparkle","Shop Mod","StSLib"],"gold_per_floor":[113,133,148,323,55,55,55,55,55,68,82,98,98,117,117,117,117],"floor_reached":16,"playtime":528,"items_purged":["Doubt"],"score":146,"play_id":"52bb3e41-8150-4c35-bc0e-1e1b129e5b85","local_time":"20201221225722","is_ascension_mode":true,"campfire_choices":[{"data":"Armaments","floor":6,"key":"SMITH"},{"data":"Body Slam","floor":8,"key":"SMITH"},{"floor":13,"key":"REST"},{"floor":15,"key":"RECALL"}],"circlet_count":0,"master_deck":["AscendersBane","Strike_R","Strike_R","Strike_R","Defend_R","Defend_R","Defend_R","Defend_R","Bash","Armaments+1","Body Slam+1","Feel No Pain","Sentinel","Double Tap"],"relics":["Burning Blood","ClockworkSouvenir","Blue Candle"],"acts_visited":["Exordium"],"potions_floor_usage":[12,16,16],"damage_taken":[{"damage":15.0,"enemies":"Jaw Worm","floor":1.0,"turns":7.0},{"damage":3.0,"enemies":"Small Slimes","floor":2.0,"turns":4.0},{"damage":5.0,"enemies":"Cultist","floor":3.0,"turns":4.0},{"damage":26,"enemies":"Lots of Slimes","floor":10,"turns":6},{"damage":12,"enemies":"2 Fungi Beasts","floor":11,"turns":4},{"damage":0,"enemies":"Looter","floor":12,"turns":3},{"damage":4,"enemies":"Exordium Thugs","floor":14,"turns":6},{"damage":50,"enemies":"Slime Boss","floor":16,"turns":9}],"seed_played":"-9111599194943386964","potions_obtained":[{"floor":10,"key":"Block Potion"},{"floor":11,"key":"Weak Potion"},{"floor":14,"key":"DistilledChaos"}],"is_trial":false,"path_per_floor":["M","M","M","?","$","R","?","R","T","M","M","M","R","M","R","B"],"character_chosen":"IRONCLAD","items_purchased":["ClockworkSouvenir","Feel No Pain"],"campfire_rested":1,"item_purchase_floors":[5,5],"current_hp_per_floor":[42,45,46,46,46,46,38,38,38,18,12,18,42,44,44,0,0],"gold":117,"neow_bonus":"REMOVE_TWO","is_daily":false,"chose_seed":false,"campfire_upgraded":2,"win_rate":0.0,"timestamp":1608562642,"path_taken":["M","M","M","?","$","R","?","R","T","M","M","M","R","M","R","BOSS"],"items_purchased_type":["Relic","Card"],"build_version":"2020-12-13","purchased_purges":1,"victory":false,"max_hp_per_floor":[80,80,80,80,80,80,80,80,80,80,80,80,80,80,80,80,80],"card_choices":[{"not_picked":["Thunderclap","Heavy Blade"],"picked":"Armaments","floor":1.0},{"not_picked":["Anger","True Grit"],"picked":"Body Slam","floor":2.0},{"not_picked":["Anger","Thunderclap","Flex"],"picked":"SKIP","floor":3.0},{"not_picked":["Clothesline","Heavy Blade"],"picked":"Sentinel","floor":10},{"not_picked":["Pommel Strike","Inflame","Headbutt"],"picked":"SKIP","floor":11},{"not_picked":["Dropkick","Headbutt","Perfected Strike"],"picked":"SKIP","floor":12},{"not_picked":["Thunderclap","Bloodletting"],"picked":"Double Tap","floor":14}],"player_experience":285516,"relics_obtained":[{"floor":9,"key":"Blue Candle"}],"event_choices":[{"damage_healed":0.0,"max_hp_gain":0.0,"max_hp_loss":0.0,"gold_gain":175.0,"event_name":"Liars Game","player_choice":"AGREE","floor":4.0,"gold_loss":0.0,"damage_taken":0.0,"cards_obtained":["Doubt"]},{"damage_healed":0,"gold_gain":0,"player_choice":"Damaged","damage_taken":8,"max_hp_gain":0,"max_hp_loss":0,"event_name":"Wheel of Change","floor":7,"gold_loss":0}],"is_beta":false,"boss_relics":[],"items_purged_floors":[5],"is_endless":false,"potions_floor_spawned":[10,11,14],"killed_by":"Slime Boss","ascension_level":11}}