{"host":"pznoee1ygrmkiojf","time":1608531764,"event":{"mods":["BaseMod","Duelist Mod","Friendly Minions","GifTheSpireLib","Hermit","Kiyohime????","KomeijiMod","Marisa????????","Minty Spire (QoL Compilation)","Prisma Mod","Quick Restart","Reimu??????","Replay The Spire","StSLib","The Cursed","The Jungle","The Mystic","The Wild Card","Waifu the Spire","egg","slay the spire mod where everything is the same but ironclad has a cowboy hat"],"gold_per_floor":[109,33,33,53,67,98,98,124,148,167,179,179,179,179,179,179,179,280,280,297,58,77,77,77,77,108,108,108],"floor_reached":27,"playtime":1017,"items_purged":[],"score":239,"play_id":"3528c22d-5c21-4f57-9daa-aacf3e9b15a8","local_time":"20201220232244","is_ascension_mode":false,"campfire_choices":[{"data":"hermit:GoldenBullet","floor":7,"key":"SMITH"},{"floor":15,"key":"REST"},{"floor":17,"key":"REST"},{"data":"hermit:FlashPowder","floor":25,"key":"SMITH"}],"circlet_count":0,"master_deck":["hermit:Strike_Hermit","hermit:Strike_Hermit","hermit:Strike_Hermit","hermit:Strike_Hermit","hermit:Defend_Hermit+1","hermit:Defend_Hermit","hermit:Defend_Hermit","hermit:Defend_Hermit","hermit:Snapshot","hermit:Covet","ReplayTheSpireMod:IOU","hermit:Determination","hermit:GoldenBullet+1","hermit:FlashPowder+1","hermit:Dive","hermit:Shortfuse+1","hermit:FromBeyond","hermit:ItchyTrigger+1","hermit:Dive"],"relics":["hermit:Momento","Du-Vu Doll","Ancient Tea Set","Boot","Bag of Marbles","Unceasing Top","StrikeDummy","Enchiridion","Ring of Hypnosis","ReplayTheSpireMod:Ring of Exchange","HornCleat"],"acts_visited":["Exordium","TheCity"],"potions_floor_usage":[18,26],"damage_taken":[{"damage":2,"enemies":"2 Louse","floor":1,"turns":3},{"damage":0,"enemies":"Small Slimes","floor":4,"turns":4},{"damage":0,"enemies":"Jaw Worm","floor":5,"turns":3},{"damage":26,"enemies":"3 Sentries","floor":6,"turns":11},{"damage":33,"enemies":"Lagavulin","floor":8,"turns":7},{"damage":0,"enemies":"Looter","floor":10,"turns":1},{"damage":0,"enemies":"Exordium Thugs","floor":11,"turns":4},{"damage":25,"enemies":"Hexaghost","floor":18,"turns":8},{"damage":0,"enemies":"3 Byrds","floor":20,"turns":6},{"damage":20,"enemies":"Spheric Guardian","floor":22,"turns":4},{"damage":38,"enemies":"Gremlin Leader","floor":26,"turns":6},{"damage":3,"enemies":"Cultist and Chosen","floor":27,"turns":4}],"seed_played":"4595195117542275220","potions_obtained":[{"floor":4,"key":"ZuzhouPotion:ReiMu"},{"floor":5,"key":"UndeadPotion"},{"floor":8,"key":"BlessingOfTheForge"}],"is_trial":false,"path_per_floor":["M","$","?","M","M","E","R","E","T","M","M","PTL","PTL","?","R","?","R","B",null,"M","$","M","?","?","R","E","M"],"character_chosen":"HERMIT","items_purchased":["hermit:Determination","StrikeDummy"],"campfire_rested":2,"item_purchase_floors":[2,21],"current_hp_per_floor":[73,73,73,73,73,47,47,14,14,14,14,14,14,14,36,33,55,30,75,75,75,55,39,39,39,1,0,0],"gold":108,"neow_bonus":"ONE_RARE_RELIC","is_daily":false,"chose_seed":false,"campfire_upgraded":2,"win_rate":0.0,"timestamp":1608531764,"path_taken":["M","$","?","M","M","E","R","E","T","M","M","PTL","PTL","?","R","?","R","BOSS","M","$","M","?","?","R","E","M"],"items_purchased_type":["Card","Relic"],"build_version":"2020-12-13","purchased_purges":0,"victory":false,"max_hp_per_floor":[75,75,75,75,75,75,75,75,75,75,75,75,75,75,75,75,75,75,75,75,75,75,75,75,75,65,65,65],"card_choices":[{"not_picked":["hermit:Showdown","hermit:SprayPray","hermit:LoneWolf"],"picked":"SKIP","floor":1},{"not_picked":["hermit:Snipe","hermit:TrackingShot"],"picked":"hermit:GoldenBullet","floor":4},{"not_picked":["hermit:HighCaliber","hermit:Vantage"],"picked":"hermit:FlashPowder","floor":5},{"not_picked":["hermit:WideOpen","hermit:Enervate"],"picked":"hermit:Dive","floor":6},{"not_picked":["hermit:ItchyTrigger","hermit:Purgatory","hermit:HighCaliber"],"picked":"SKIP","floor":8},{"not_picked":["hermit:Quickdraw","hermit:Snipe","hermit:SprayPray"],"picked":"SKIP","floor":10},{"not_picked":["hermit:Horror","hermit:DeadMansHand"],"picked":"hermit:Shortfuse","floor":11},{"not_picked":["hermit:DeadOrAlive","hermit:FinalCanter"],"picked":"hermit:FromBeyond","floor":18},{"not_picked":["hermit:TrackingShot","hermit:NoHoldsBarred"],"picked":"hermit:ItchyTrigger+1","floor":20},{"not_picked":["hermit:WideOpen+1","hermit:NoHoldsBarred"],"picked":"hermit:Dive","floor":22},{"not_picked":["hermit:HighCaliber","hermit:Cheat+1","hermit:Showdown"],"picked":"SKIP","floor":26}],"player_experience":1429138,"relics_obtained":[{"floor":6,"key":"Ancient Tea Set"},{"floor":8,"key":"Boot"},{"floor":9,"key":"Bag of Marbles"},{"floor":23,"key":"Enchiridion"},{"floor":24,"key":"Ring of Hypnosis"},{"floor":24,"key":"ReplayTheSpireMod:Ring of Exchange"},{"floor":26,"key":"HornCleat"}],"event_choices":[{"damage_healed":0,"gold_gain":0,"player_choice":"Grow","damage_taken":0,"max_hp_gain":0,"max_hp_loss":0,"event_name":"Living Wall","floor":14,"gold_loss":0,"cards_upgraded":["hermit:Shortfuse"]},{"damage_healed":0,"gold_gain":0,"player_choice":"Success","damage_taken":3,"relics_obtained":["Unceasing Top"],"max_hp_gain":0,"max_hp_loss":0,"event_name":"Scrap Ooze","floor":16,"gold_loss":0},{"damage_healed":0,"gold_gain":0,"player_choice":"Obtained Book","damage_taken":16,"max_hp_gain":0,"max_hp_loss":0,"event_name":"Cursed Tome","floor":23,"gold_loss":0}],"is_beta":false,"boss_relics":[{"not_picked":["Runic Pyramid","Runic Dome","Velvet Choker"]}],"items_purged_floors":[],"is_endless":false,"potions_floor_spawned":[4,5,8,10,20],"killed_by":"Cultist and Chosen","ascension_level":0}}