{"host":"baymyijz6sxaqj5s","time":1608556897,"event":{"mods":["AchievementEnabler","BaseMod","Colored Map","Colored Powertips","DeckTracker","KOR Keyword Fix","Keyboard Shortcuts","Minty Spire (QoL Compilation)","StSLib","SuperFastMode"],"gold_per_floor":[110,126,201,201,218,228,228,153,153,163,163,163,175,192,192,192,192],"floor_reached":16,"playtime":395,"items_purged":["Strike_R"],"score":119,"play_id":"fb3d12ef-78e5-4a9a-b757-e783bd36d77f","local_time":"20201221222137","is_ascension_mode":false,"campfire_choices":[{"data":"Armaments","floor":7,"key":"SMITH"},{"data":"Thunderclap","floor":12,"key":"SMITH"},{"data":"Power Through","floor":15,"key":"SMITH"}],"circlet_count":0,"master_deck":["Strike_R","Strike_R","Strike_R","Strike_R+1","Defend_R","Defend_R","Defend_R+1","Defend_R","Bash","Headbutt","Armaments+1","Thunderclap+1","Twin Strike","Power Through+1"],"relics":["Burning Blood","MealTicket","Pear"],"acts_visited":["Exordium"],"potions_floor_usage":[6,16,16],"damage_taken":[{"damage":6,"enemies":"Jaw Worm","floor":1,"turns":5},{"damage":0,"enemies":"2 Louse","floor":2,"turns":3},{"damage":2,"enemies":"Cultist","floor":5,"turns":4},{"damage":14,"enemies":"Looter","floor":6,"turns":4},{"damage":2,"enemies":"Exordium Wildlife","floor":10,"turns":3},{"damage":4,"enemies":"Blue Slaver","floor":13,"turns":4},{"damage":5,"enemies":"Lots of Slimes","floor":14,"turns":3},{"damage":109,"enemies":"Slime Boss","floor":16,"turns":18}],"seed_played":"7984011093854987664","potions_obtained":[{"floor":2,"key":"BloodPotion"},{"floor":13,"key":"GamblersBrew"},{"floor":14,"key":"BloodPotion"}],"is_trial":false,"path_per_floor":["M","M","?","?","M","M","R","$","T","M","T","R","M","M","R","B"],"character_chosen":"IRONCLAD","items_purchased":[],"campfire_rested":0,"item_purchase_floors":[],"current_hp_per_floor":[88,88,77,59,63,72,72,72,72,76,86,86,88,89,89,0,0],"gold":192,"neow_bonus":"TEN_PERCENT_HP_BONUS","is_daily":false,"chose_seed":false,"campfire_upgraded":3,"win_rate":0.0,"timestamp":1608556897,"path_taken":["M","M","?","?","M","M","R","$","T","M","?","R","?","M","R","BOSS"],"items_purchased_type":[],"build_version":"2020-12-13","purchased_purges":1,"victory":false,"max_hp_per_floor":[88,88,88,88,88,88,88,88,88,88,98,98,98,98,98,98,98],"card_choices":[{"not_picked":["Dual Wield","Clothesline"],"picked":"Headbutt","floor":1},{"not_picked":["Warcry","Havoc"],"picked":"Armaments","floor":2},{"not_picked":["Dropkick","Combust","Bloodletting"],"picked":"SKIP","floor":5},{"not_picked":["Infernal Blade","Anger"],"picked":"Thunderclap","floor":6},{"not_picked":["Anger","Thunderclap","Perfected Strike"],"picked":"SKIP","floor":10},{"not_picked":["Warcry","True Grit"],"picked":"Twin Strike","floor":13},{"not_picked":["Flex","Sword Boomerang"],"picked":"Power Through","floor":14}],"player_experience":171190,"relics_obtained":[{"floor":9,"key":"MealTicket"},{"floor":11,"key":"Pear"}],"event_choices":[{"damage_healed":0,"gold_gain":75,"player_choice":"Gather Gold","damage_taken":11,"max_hp_gain":0,"max_hp_loss":0,"event_name":"World of Goop","floor":3,"gold_loss":0},{"damage_healed":0,"gold_gain":0,"player_choice":"Entered Light","damage_taken":18,"max_hp_gain":0,"max_hp_loss":0,"event_name":"Shining Light","floor":4,"gold_loss":0,"cards_upgraded":["Strike_R","Defend_R"]}],"is_beta":false,"boss_relics":[],"items_purged_floors":[8],"is_endless":false,"potions_floor_spawned":[2,13,14],"killed_by":"Slime Boss","ascension_level":0}}