{"host":"08sn1703g14rasc1","time":1608539991,"event":{"mods":["AchievementEnabler","BaseMod","Colored Map","Colored Powertips","Hermit","Minty Spire (QoL Compilation)","StSLib"],"gold_per_floor":[18,18,18,36,36,36,46,46,71,71,71,100,100,118,118,213,213,196,213,213,213],"floor_reached":20,"playtime":853,"items_purged":[],"score":232,"play_id":"9f2396a1-a941-4c0e-811c-ce72c764dbf0","local_time":"20201221003951","is_ascension_mode":true,"campfire_choices":[{"data":"Eruption","floor":6,"key":"SMITH"},{"data":"Eruption","floor":11,"key":"SMITH"},{"floor":13,"key":"REST"},{"floor":15,"key":"REST"}],"circlet_count":0,"master_deck":["Strike_P+1","Strike_P+1","Defend_P+1","Eruption+1","Vigilance","Halt","WaveOfTheHand","WreathOfFlame","Eruption+1","PathToVictory+1","Vengeance","LessonLearned","Perseverance+1","LessonLearned","Wallop+1","ClearTheMind+1","Devotion+1","ClearTheMind","LikeWater"],"relics":["PureWater","Vajra","Lantern","Astrolabe"],"acts_visited":["Exordium","TheCity"],"potions_floor_usage":[14,16,16,18,20],"damage_taken":[{"damage":9,"enemies":"Small Slimes","floor":1,"turns":5},{"damage":0,"enemies":"Cultist","floor":4,"turns":3},{"damage":2,"enemies":"Jaw Worm","floor":7,"turns":3},{"damage":45,"enemies":"Gremlin Nob","floor":12,"turns":5},{"damage":4,"enemies":"2 Fungi Beasts","floor":14,"turns":2},{"damage":55,"enemies":"The Guardian","floor":16,"turns":18},{"damage":14,"enemies":"2 Thieves","floor":18,"turns":4},{"damage":27,"enemies":"Chosen","floor":19,"turns":6},{"damage":26,"enemies":"Sentry and Sphere","floor":20,"turns":6}],"seed_played":"-807946220507574371","potions_obtained":[{"floor":1,"key":"Energy Potion"},{"floor":12,"key":"Strength Potion"},{"floor":14,"key":"Block Potion"},{"floor":16,"key":"Fruit Juice"},{"floor":19,"key":"Strength Potion"}],"is_trial":false,"path_per_floor":["M","?","$","M","$","R","M","$","T","?","R","E","R","M","R","B",null,"M","M","M"],"character_chosen":"WATCHER","items_purchased":[],"campfire_rested":2,"item_purchase_floors":[],"current_hp_per_floor":[56,56,56,56,56,56,54,54,54,59,59,14,37,33,56,1,58,49,22,0,0],"gold":213,"neow_bonus":"TRANSFORM_TWO_CARDS","is_daily":false,"chose_seed":false,"campfire_upgraded":2,"win_rate":0.0,"timestamp":1608539991,"path_taken":["M","?","?","M","$","R","M","?","T","?","R","E","R","M","R","BOSS","M","M","M"],"items_purchased_type":[],"build_version":"2020-12-13","purchased_purges":0,"victory":false,"max_hp_per_floor":[72,72,72,72,72,72,72,72,72,77,77,77,77,77,77,77,77,82,82,82,82],"card_choices":[{"not_picked":["CrushJoints","MentalFortress"],"picked":"WreathOfFlame","floor":1},{"not_picked":["ClearTheMind","Prostrate"],"picked":"PathToVictory","floor":4},{"not_picked":["SashWhip","CrushJoints"],"picked":"Vengeance","floor":7},{"not_picked":["FearNoEvil","Prostrate"],"picked":"LessonLearned","floor":12},{"not_picked":["SashWhip","Weave"],"picked":"Perseverance","floor":14},{"not_picked":["Omniscience","MasterReality"],"picked":"LessonLearned","floor":16},{"not_picked":["Nirvana","ThirdEye"],"picked":"ClearTheMind","floor":18},{"not_picked":["InnerPeace","Perseverance"],"picked":"LikeWater","floor":19}],"player_experience":422781,"relics_obtained":[{"floor":9,"key":"Vajra"},{"floor":12,"key":"Lantern"}],"event_choices":[{"damage_healed":0,"gold_gain":0,"player_choice":"1 cards matched","damage_taken":0,"max_hp_gain":0,"max_hp_loss":0,"event_name":"Match and Keep!","floor":2,"gold_loss":0,"cards_obtained":["Eruption"]},{"damage_healed":0,"gold_gain":0,"player_choice":"Donut","damage_taken":0,"max_hp_gain":5,"max_hp_loss":0,"event_name":"Big Fish","floor":10,"gold_loss":0}],"is_beta":false,"boss_relics":[{"not_picked":["Tiny House","Fusion Hammer"],"picked":"Astrolabe"}],"items_purged_floors":[],"is_endless":false,"potions_floor_spawned":[1,12,14,16,19],"killed_by":"Sentry and Sphere","ascension_level":7}}