{"host":"l8lkgdumzpe3823a","time":1608575149,"event":{"mods":["Aspiration","BaseMod","Better Note","Clockwork Mod","Colored Powertips","Curses Come First","Custom Start","DeckTracker","Defuse TimeMaze Blight","Highlight Path","Hubris","Infinite Spire","Minty Spire (QoL Compilation)","Quick Restart","Replay The Spire","Shop Mod","StSLib","SuperFastMode","The Construct","The Dragon Tamer","vexMod"],"gold_per_floor":[112,112,112,122,44,72,72,72,72,23,23,23,42,56,56,186,186,126,147,72,92,19,57,81,81,104,124,124,84,84,22,22,152,152,152,152],"floor_reached":35,"playtime":2936,"items_purged":["Clockwork:Strike"],"score":546,"play_id":"b4c19a1d-2044-4f1f-b8c9-2d6c04daf7e5","local_time":"20201221122549","is_ascension_mode":false,"campfire_choices":[{"floor":8.0,"key":"REST"},{"data":"Clockwork:AssemblyLine","floor":15.0,"key":"SMITH"},{"floor":30,"key":"REST"},{"floor":32,"key":"REST"}],"circlet_count":0,"master_deck":["Clockwork:Strike","Clockwork:Shield","Clockwork:Shield","Clockwork:Shield","Clockwork:Shield","Clockwork:Tinker","Clockwork:WarmUp","ReplayTheSpireMod:Necrogeddon","Clockwork:SystemHardening","Clockwork:AssemblyLine+1","Clockwork:AssemblyLine","Clockwork:CogBarrier","Clockwork:CogBarrier","Clockwork:UnlimitedCogworks","Clockwork:CogShield","Clockwork:CogToss+1","Clockwork:Pluck","Clockwork:LiteraryArmor","Clockwork:CogToss","Clockwork:LiteraryArmor","Clockwork:UnlimitedCogworks"],"relics":["Clockwork:MomentumEngine","infinitespire:Satchel","Bottled Tornado","StrikeDummy","Golden Idol","Replay:WaspNest","CeramicFish","Du-Vu Doll","infinitespire:EvilPickle","Clockwork:PerpetualMotionMachine"],"acts_visited":["Exordium","TheCity","TheBeyond"],"potions_floor_usage":[27,33,33,33,35],"damage_taken":[{"damage":0.0,"enemies":"Small Slimes","floor":1.0,"turns":9.0},{"damage":17.0,"enemies":"Jaw Worm","floor":4.0,"turns":14.0},{"damage":50.0,"enemies":"3 Sentries","floor":6.0,"turns":16.0},{"damage":0.0,"enemies":"2 Louse","floor":13.0,"turns":6.0},{"damage":1.0,"enemies":"2 Fungi Beasts","floor":14.0,"turns":7.0},{"damage":8.0,"enemies":"Slime Boss","floor":16.0,"turns":10.0},{"damage":1.0,"enemies":"2 Thieves","floor":18.0,"turns":4.0},{"damage":13.0,"enemies":"Shell Parasite","floor":19.0,"turns":7.0},{"damage":9.0,"enemies":"Centurion and Healer","floor":21.0,"turns":6.0},{"damage":12.0,"enemies":"Replay:Snechameleon","floor":23.0,"turns":9.0},{"damage":38.0,"enemies":"Snake Plant","floor":24.0,"turns":5.0},{"damage":3,"enemies":"Shelled Parasite and Fungi","floor":27,"turns":7},{"damage":40,"enemies":"Pondfish","floor":33,"turns":9},{"damage":87,"enemies":"3 Shapes","floor":35,"turns":5}],"seed_played":"8060178200929532262","potions_obtained":[{"floor":1.0,"key":"SpeedPotion"},{"floor":14.0,"key":"Block Potion"},{"floor":16.0,"key":"Dexterity Potion"},{"floor":19.0,"key":"LiquidMemories"},{"floor":23.0,"key":"Elixir"},{"floor":27,"key":"Toxic Potion"},{"floor":29,"key":"Explosive Potion"},{"floor":29,"key":"EssenceOfSteel"},{"floor":29,"key":"DistilledChaos"},{"floor":33,"key":"SneckoOil"}],"is_trial":false,"path_per_floor":["M","?","?","M","$","E","T","R","T","$","?","$","M","M","R","B",null,"M","M","$","M","$","E","M","?","T","M","?","?","R","$","R","B",null,"M"],"character_chosen":"CLOCKWORK","items_purchased":["Clockwork:AssemblyLine","Clockwork:CogBarrier","Clockwork:LiteraryArmor","Clockwork:LiteraryArmor"],"campfire_rested":3,"item_purchase_floors":[5,10,22,31],"current_hp_per_floor":[61,54,82,65,65,15,15,40,40,40,40,40,40,39,39,31,79,78,65,65,56,56,44,6,6,6,3,3,3,26,26,49,9,79,0,0],"gold":152,"neow_bonus":"RANDOM_COLORLESS_2","is_daily":false,"chose_seed":false,"campfire_upgraded":1,"win_rate":0.0,"timestamp":1608575149,"path_taken":["M","?","?","M","$","E","?","R","T","$","?","$","M","M","R","BOSS","M","M","$","M","$","E","M","?","T","?","?","?","R","?","R","BOSS","M"],"items_purchased_type":["Card","Card","Card","Card"],"build_version":"2020-12-13","purchased_purges":1,"victory":false,"max_hp_per_floor":[85,85,85,85,85,85,85,85,85,85,79,79,79,79,79,79,79,79,79,79,79,79,79,79,79,79,79,79,79,79,79,79,79,79,79,79],"card_choices":[{"not_picked":["hubris:EnhanceAbility","Magnetism"],"picked":"ReplayTheSpireMod:Necrogeddon","floor":0.0},{"not_picked":["Clockwork:Redundancy","Clockwork:LogisticRegression"],"picked":"Clockwork:SystemHardening","floor":1.0},{"not_picked":["Clockwork:Enhance","Clockwork:SystemHardening","Clockwork:SystemScan"],"picked":"SKIP","floor":4.0},{"not_picked":["Clockwork:ChargingShield","Clockwork:MechanicalBulk"],"picked":"Clockwork:AssemblyLine","floor":6.0},{"not_picked":["Clockwork:ForgeStrike","Clockwork:Redundancy"],"picked":"Clockwork:CogBarrier","floor":13.0},{"not_picked":["Clockwork:Redundancy","Clockwork:RevUp","Clockwork:ForgeStrike"],"picked":"SKIP","floor":14.0},{"not_picked":["Clockwork:PerfectForm","Clockwork:WindupStrike"],"picked":"Clockwork:UnlimitedCogworks","floor":16.0},{"not_picked":["Clockwork:Minimalism","Clockwork:PerfectedShield"],"picked":"Clockwork:CogShield","floor":18.0},{"not_picked":["Clockwork:HoardingStrike","Clockwork:ChargingBlade+1"],"picked":"Clockwork:CogToss+1","floor":19.0},{"not_picked":["Clockwork:PerfectedShield+1","Clockwork:AssemblyLine"],"picked":"Clockwork:Pluck","floor":21.0},{"not_picked":["Clockwork:Friction","Clockwork:PerfectedShield+1"],"picked":"Clockwork:CogToss","floor":23.0},{"not_picked":["Clockwork:CraftCopperScales","Clockwork:PerfectedShield","Clockwork:AdaptiveShield"],"picked":"SKIP","floor":24.0},{"not_picked":["Clockwork:SearchingStrike","Clockwork:Redundancy+1","Clockwork:ReserveSystems"],"picked":"SKIP","floor":27},{"not_picked":["Clockwork:WindupStrike","Clockwork:TimeWalk"],"picked":"Clockwork:UnlimitedCogworks","floor":33}],"player_experience":619876,"relics_obtained":[{"floor":6.0,"key":"infinitespire:Satchel"},{"floor":7.0,"key":"Bottled Tornado"},{"floor":9.0,"key":"StrikeDummy"},{"floor":23.0,"key":"Replay:WaspNest"},{"floor":26.0,"key":"CeramicFish"}],"event_choices":[{"cards_removed":["Clockwork:Strike"],"damage_healed":0.0,"max_hp_gain":0.0,"max_hp_loss":0.0,"gold_gain":0.0,"event_name":"Golden Wing","player_choice":"Card Removal","floor":2.0,"gold_loss":0.0,"damage_taken":7.0},{"damage_healed":28.0,"max_hp_gain":0.0,"max_hp_loss":0.0,"gold_gain":0.0,"event_name":"Big Fish","player_choice":"Banana","floor":3.0,"gold_loss":0.0,"damage_taken":0.0},{"damage_healed":0.0,"max_hp_gain":0.0,"max_hp_loss":6.0,"gold_gain":0.0,"event_name":"Golden Idol","player_choice":"Lose Max HP","floor":11.0,"gold_loss":0.0,"damage_taken":0.0,"relics_obtained":["Golden Idol"]},{"cards_removed":["Clockwork:Strike"],"damage_healed":0.0,"max_hp_gain":0.0,"max_hp_loss":0.0,"gold_gain":0.0,"event_name":"Purifier","player_choice":"Purged","floor":25.0,"gold_loss":0.0,"damage_taken":0.0},{"damage_healed":0,"gold_gain":0,"player_choice":"Gave Potion","damage_taken":0,"relics_obtained":["Du-Vu Doll"],"max_hp_gain":0,"max_hp_loss":0,"event_name":"WeMeetAgain","floor":28,"gold_loss":0},{"damage_healed":0,"gold_gain":0,"player_choice":"Bought 3 Potions","damage_taken":0,"max_hp_gain":0,"max_hp_loss":0,"event_name":"The Woman in Blue","floor":29,"gold_loss":0}],"is_beta":false,"boss_relics":[{"not_picked":["vexMod:NewClearReactor","Fusion Hammer","aspiration:SecretTechniqueScroll"]},{"not_picked":["hubris:VirtuousBlindfold","Sozu"],"picked":"Clockwork:PerpetualMotionMachine"}],"items_purged_floors":[20],"is_endless":false,"potions_floor_spawned":[1,14,16,19,23,27,33],"killed_by":"3 Shapes","ascension_level":0}}