{"host":"coame8l8goqx0svj","time":1608574222,"event":{"mods":["BaseMod","Downfall","Minty Spire (QoL Compilation)","StSLib"],"gold_per_floor":[99,112,112,37,50,68,68,93,18,38,60,160,179,146,168,168,168,168],"floor_reached":16,"playtime":955,"items_purged":[],"score":130,"play_id":"baaa8949-94ad-486a-8693-610d26c92d9f","local_time":"20201221191022","is_ascension_mode":true,"campfire_choices":[{"floor":1,"key":"RECALL"},{"data":"hexamod:Float","floor":4,"key":"SMITH"},{"data":"hexamod:EmpoweredFlame","floor":9,"key":"SMITH"}],"circlet_count":0,"master_deck":["hexamod:Strike","hexamod:Strike","hexamod:Strike","hexamod:Strike","hexamod:Defend","hexamod:Defend","hexamod:Defend","hexamod:Defend","hexamod:Sear","hexamod:Float+1","hexamod:GhostOfSpirePast+1","hexamod:HeatShield","hexamod:ThirdSeal","hexamod:FlamesFromBeyond","hexamod:EmpoweredFlame+1","hexamod:SecondSeal","hexamod:Rewind","hexamod:Again","hexamod:Incineration","hexamod:ShieldOfDarkness","hexamod:StepThrough","hexamod:ShieldOfDarkness"],"relics":["hexamod:SpiritBrand","Bronze Scales","downfall:HeartBlessingRed","Gremlin Horn","hexamod:BolsterEngine","downfall:HeartBlessingGreen"],"acts_visited":["Exordium"],"potions_floor_usage":[8,16,16],"damage_taken":[{"damage":3,"enemies":"2 Louse","floor":2,"turns":2},{"damage":0,"enemies":"Cultist","floor":5,"turns":3},{"damage":0,"enemies":"Jaw Worm","floor":6,"turns":3},{"damage":14,"enemies":"3 Sentries","floor":8,"turns":8},{"damage":1,"enemies":"3 Louse","floor":10,"turns":2},{"damage":14,"enemies":"Exordium Thugs","floor":11,"turns":4},{"damage":0,"enemies":"Large Slime","floor":13,"turns":5},{"damage":0,"enemies":"downfall:FleeingMerchant","floor":14,"turns":4},{"damage":14,"enemies":"Lots of Slimes","floor":15,"turns":3},{"damage":26,"enemies":"downfall:Defect","floor":16,"turns":5}],"seed_played":"-2487663560254469759","potions_obtained":[{"floor":2,"key":"PowerPotion"},{"floor":5,"key":"DuplicationPotion"},{"floor":13,"key":"SpeedPotion"},{"floor":15,"key":"FearPotion"}],"is_trial":false,"path_per_floor":["R","M","?","R","M","M","T","E","R","M","M","?","M","$","M","B"],"character_chosen":"THE_SPIRIT","items_purchased":["hexamod:ShieldOfDarkness"],"campfire_rested":0,"item_purchase_floors":[14],"current_hp_per_floor":[70,67,67,67,67,67,67,53,53,52,38,38,38,38,24,0,0,0],"gold":168,"neow_bonus":"RANDOM_COMMON_RELIC","is_daily":false,"chose_seed":false,"campfire_upgraded":2,"win_rate":0.0,"timestamp":1608574222,"path_taken":["R","M","?","R","M","?","T","E","R","?","M","?","M","$","M","BOSS"],"items_purchased_type":["Card"],"build_version":"2020-12-13","purchased_purges":0,"victory":false,"max_hp_per_floor":[70,70,70,70,70,70,70,70,70,70,70,70,70,70,70,70,70,70],"card_choices":[{"not_picked":["hexamod:GhostOfSpirePresent","hexamod:FastForward"],"picked":"hexamod:GhostOfSpirePast","floor":2},{"not_picked":["hexamod:NightmareGuise","hexamod:ThermalTransfer"],"picked":"hexamod:HeatShield","floor":5},{"not_picked":["hexamod:NightmareStrike","hexamod:Hexaguard"],"picked":"hexamod:ThirdSeal","floor":6},{"not_picked":["hexamod:NightmareStrike","hexamod:GhostShield"],"picked":"hexamod:FlamesFromBeyond","floor":8},{"not_picked":["hexamod:PhantomCloak","hexamod:Hexaguard"],"picked":"hexamod:EmpoweredFlame","floor":8},{"not_picked":["hexamod:InspiringFlames","hexamod:NightmareStrike"],"picked":"hexamod:SecondSeal","floor":10},{"not_picked":["hexamod:InspiringFlames","hexamod:SwordOfDarkness","hexamod:Toasty"],"picked":"SKIP","floor":10},{"not_picked":["hexamod:DynamicBlow","hexamod:StepThrough"],"picked":"hexamod:Rewind","floor":11},{"not_picked":["hexamod:InspiringFlames","hexamod:HauntingEcho","hexamod:GhostShield"],"picked":"SKIP","floor":11},{"not_picked":["hexamod:SpectersWail","hexamod:EtherealExpedition"],"picked":"hexamod:Again","floor":13},{"not_picked":["hexamod:InspiringFlames","hexamod:NightmareStrike","hexamod:BacktrackSmack"],"picked":"SKIP","floor":13},{"not_picked":["hexamod:PowerFromBeyond","hexamod:GhostShield"],"picked":"hexamod:Incineration","floor":14},{"not_picked":["hexamod:InspiringFlames","hexamod:GhostLash"],"picked":"hexamod:StepThrough","floor":15},{"not_picked":["hexamod:Haunt","hexamod:RainOfEmbers"],"picked":"hexamod:ShieldOfDarkness","floor":15}],"player_experience":1719266,"relics_obtained":[{"floor":7,"key":"Gremlin Horn"},{"floor":8,"key":"hexamod:BolsterEngine"}],"event_choices":[{"damage_healed":0,"gold_gain":0,"player_choice":"Upgraded","damage_taken":0,"max_hp_gain":0,"max_hp_loss":0,"event_name":"Upgrade Shrine","floor":3,"gold_loss":0,"cards_upgraded":["hexamod:GhostOfSpirePast"]}],"is_beta":false,"boss_relics":[],"items_purged_floors":[],"is_endless":false,"potions_floor_spawned":[2,5,13,15],"killed_by":"downfall:Defect","ascension_level":5}}