{"host":"1hv1kueuvc4r3rdp","time":1608578708,"event":{"mods":["AchievementEnabler","BaseMod","DeckTracker","Highlight Path","Minty Spire (QoL Compilation)","Permanent Neow","StSLib"],"gold_per_floor":[217,236,253,106,126,126,160,160,187,2,37,52,63,96,96,199,199,211,224,243,259,259,259,259,259],"floor_reached":24,"playtime":1611,"items_purged":[],"score":341,"play_id":"a01d2374-8453-4668-9375-c9582f51060e","local_time":"20201221132508","is_ascension_mode":true,"campfire_choices":[{"data":"After Image","floor":6,"key":"SMITH"},{"data":"Dagger Spray","floor":8,"key":"SMITH"},{"floor":15,"key":"REST"},{"floor":23,"key":"REST"}],"circlet_count":0,"master_deck":["AscendersBane","Strike_G","Strike_G","Strike_G","Strike_G","Strike_G","Defend_G","Defend_G","Defend_G","Defend_G","Defend_G","Survivor","Neutralize","Quick Slash","Cloak And Dagger","After Image+1","Riddle With Holes","Poisoned Stab","Dagger Spray+1","Leg Sweep","Infinite Blades","Blade Dance","A Thousand Cuts","Backflip","Caltrops+1","Decay"],"relics":["Ring of the Snake","Potion Belt","Pen Nib","Boot","Tingsha","Black Star"],"acts_visited":["Exordium","TheCity"],"potions_floor_usage":[13,13,20],"damage_taken":[{"damage":0,"enemies":"Small Slimes","floor":1,"turns":3},{"damage":0,"enemies":"2 Louse","floor":2,"turns":3},{"damage":2,"enemies":"Jaw Worm","floor":3,"turns":4},{"damage":3,"enemies":"2 Fungi Beasts","floor":5,"turns":4},{"damage":11,"enemies":"Gremlin Nob","floor":7,"turns":4},{"damage":13,"enemies":"3 Sentries","floor":11,"turns":9},{"damage":0,"enemies":"Red Slaver","floor":12,"turns":3},{"damage":15,"enemies":"Exordium Thugs","floor":13,"turns":5},{"damage":6,"enemies":"Lagavulin","floor":14,"turns":7},{"damage":10,"enemies":"The Guardian","floor":16,"turns":14},{"damage":14,"enemies":"Spheric Guardian","floor":18,"turns":5},{"damage":5,"enemies":"Chosen","floor":19,"turns":6},{"damage":30,"enemies":"Snake Plant","floor":20,"turns":7},{"damage":35,"enemies":"Sentry and Sphere","floor":21,"turns":6},{"damage":27,"enemies":"Shelled Parasite and Fungi","floor":24,"turns":4}],"seed_played":"5923545320169491434","potions_obtained":[{"floor":1,"key":"SneckoOil"},{"floor":5,"key":"Poison Potion"},{"floor":7,"key":"LiquidBronze"},{"floor":11,"key":"PowerPotion"},{"floor":12,"key":"Regen Potion"},{"floor":18,"key":"SkillPotion"}],"is_trial":false,"path_per_floor":["M","M","M","$","M","R","E","R","T","$","E","M","M","E","R","B",null,"M","M","M","M","?","R","M"],"character_chosen":"THE_SILENT","items_purchased":["After Image","Riddle With Holes","Leg Sweep","FairyPotion"],"campfire_rested":2,"item_purchase_floors":[4,4,10,10],"current_hp_per_floor":[63,63,61,61,58,58,47,47,47,47,34,34,33,27,48,38,62,48,43,13,1,1,22,0,0],"gold":259,"neow_bonus":"HUNDRED_GOLD","is_daily":false,"chose_seed":false,"campfire_upgraded":2,"win_rate":0.0,"timestamp":1608578708,"path_taken":["M","M","M","$","M","R","E","R","T","$","E","M","M","E","R","BOSS","M","M","M","M","?","R","M"],"items_purchased_type":["Card","Card","Card","Potion"],"build_version":"2020-12-13","purchased_purges":0,"victory":false,"max_hp_per_floor":[70,70,70,70,70,70,70,70,70,70,70,70,70,70,70,70,70,70,70,70,70,70,70,70,70],"card_choices":[{"not_picked":["Reflex","Bane"],"picked":"Quick Slash","floor":1},{"not_picked":["Outmaneuver","Deadly Poison","Endless Agony"],"picked":"SKIP","floor":2},{"not_picked":["Dagger Throw","Backflip"],"picked":"Cloak And Dagger","floor":3},{"not_picked":["Predator","Bane"],"picked":"Poisoned Stab","floor":5},{"not_picked":["Predator","Poisoned Stab"],"picked":"Dagger Spray","floor":7},{"not_picked":["Underhanded Strike","Outmaneuver","Dodge and Roll"],"picked":"SKIP","floor":11},{"not_picked":["Sucker Punch","Dagger Throw"],"picked":"Infinite Blades","floor":12},{"not_picked":["Deflect","Quick Slash","Setup"],"picked":"SKIP","floor":13},{"not_picked":["Deflect","Well Laid Plans"],"picked":"Blade Dance","floor":14},{"not_picked":["Burst","Grand Finale"],"picked":"A Thousand Cuts","floor":16},{"not_picked":["Sucker Punch+1","Catalyst+1"],"picked":"Backflip","floor":18},{"not_picked":["Expertise+1","Masterful Stab","Tactician+1"],"picked":"SKIP","floor":19},{"not_picked":["Dodge and Roll","Prepared"],"picked":"Caltrops+1","floor":20},{"not_picked":["Deadly Poison","Sucker Punch","Catalyst"],"picked":"SKIP","floor":21}],"player_experience":1084527,"relics_obtained":[{"floor":7,"key":"Potion Belt"},{"floor":9,"key":"Pen Nib"},{"floor":11,"key":"Boot"},{"floor":14,"key":"Tingsha"}],"event_choices":[{"damage_healed":0,"gold_gain":0,"player_choice":"Smashed Altar","damage_taken":0,"max_hp_gain":0,"max_hp_loss":0,"event_name":"Forgotten Altar","floor":22,"gold_loss":0,"cards_obtained":["Decay"]}],"is_beta":false,"boss_relics":[{"not_picked":["HoveringKite","Sozu"],"picked":"Black Star"}],"items_purged_floors":[],"is_endless":false,"potions_floor_spawned":[1,5,7,11,12,18],"killed_by":"Shelled Parasite and Fungi","ascension_level":11}}