{"host":"30jsp143e4v19aze","time":1608576462,"event":{"mods":["BaseMod","Colored Map","Colored Powertips","Curses Come First","DeckTracker","Highlight Path","Minty Spire (QoL Compilation)","Quick Restart","Relic Stats","StSLib"],"gold_per_floor":[364,375,393,24,0,28,94,120,120,138,154,154,165,197,197,273,273,285,303,402,127,127,127,138,138,138],"floor_reached":25,"playtime":1465,"items_purged":["Regret","Strike_G"],"score":379,"play_id":"e859270f-2e6e-4aee-8073-422c506bdec8","local_time":"20201221194742","is_ascension_mode":true,"campfire_choices":[{"floor":12,"key":"REST"},{"floor":15,"key":"DIG"},{"floor":23,"key":"REST"}],"circlet_count":0,"master_deck":["AscendersBane","Strike_G","Strike_G","Strike_G","Strike_G","Defend_G","Defend_G","Defend_G","Defend_G","Defend_G","Survivor","Neutralize","Flying Knee","Bouncing Flask","Backflip","Catalyst","Die Die Die","Footwork","Corpse Explosion","Acrobatics","Venomology","Well Laid Plans","Tools of the Trade","Night Terror","Backflip","Footwork","Backflip","Crippling Poison","Bullet Time"],"relics":["Ring of the Snake","InkBottle","Shovel","The Specimen","Art of War","Gremlin Horn","Velvet Choker"],"acts_visited":["Exordium","TheCity"],"potions_floor_usage":[8,10,11,14,14,14,16,16,19,19,19,24,24,24,25],"damage_taken":[{"damage":5,"enemies":"Cultist","floor":1,"turns":5},{"damage":2,"enemies":"Small Slimes","floor":2,"turns":3},{"damage":6,"enemies":"Jaw Worm","floor":3,"turns":4},{"damage":16,"enemies":"Lagavulin","floor":6,"turns":7},{"damage":16,"enemies":"3 Sentries","floor":8,"turns":4},{"damage":9,"enemies":"Large Slime","floor":10,"turns":6},{"damage":0,"enemies":"3 Louse","floor":11,"turns":3},{"damage":3,"enemies":"Looter","floor":13,"turns":5},{"damage":13,"enemies":"Gremlin Nob","floor":14,"turns":3},{"damage":5,"enemies":"Hexaghost","floor":16,"turns":8},{"damage":31,"enemies":"3 Byrds","floor":18,"turns":3},{"damage":14,"enemies":"2 Thieves","floor":19,"turns":3},{"damage":16,"enemies":"Snecko","floor":24,"turns":6},{"damage":12,"enemies":"3 Cultists","floor":25,"turns":3}],"seed_played":"2304151270235654158","potions_obtained":[{"floor":6,"key":"Poison Potion"},{"floor":8,"key":"Fire Potion"},{"floor":10,"key":"SteroidPotion"},{"floor":13,"key":"CunningPotion"},{"floor":14,"key":"ColorlessPotion"},{"floor":16,"key":"Weak Potion"},{"floor":18,"key":"DuplicationPotion"},{"floor":19,"key":"ColorlessPotion"}],"is_trial":false,"path_per_floor":["M","M","M","$","?","E","?","E","T","M","M","R","M","E","R","B",null,"M","M","?","$","?","R","M","M"],"character_chosen":"THE_SILENT","items_purchased":["Catalyst","Die Die Die","Footwork","Footwork","Block Potion","Backflip"],"campfire_rested":2,"item_purchase_floors":[4,4,4,21,21,21],"current_hp_per_floor":[54,52,46,46,46,30,30,14,14,5,5,24,21,8,8,3,50,19,5,5,5,5,24,8,0,0],"gold":138,"neow_bonus":"TWO_FIFTY_GOLD","is_daily":false,"chose_seed":false,"campfire_upgraded":0,"win_rate":0.0,"timestamp":1608576462,"path_taken":["M","?","M","$","?","E","?","E","T","M","M","R","M","E","R","BOSS","M","M","?","$","?","R","M","M"],"items_purchased_type":["Card","Card","Card","Card","Potion","Card"],"build_version":"2020-12-13","purchased_purges":2,"victory":false,"max_hp_per_floor":[66,66,66,66,66,66,66,66,66,66,66,66,66,66,66,66,66,66,66,66,66,66,66,66,66,66],"relic_stats":{"Shovel":1,"Gremlin Horn":[0,0],"counters":[14,63],"Art of War":[7],"obtain_stats":[{"Shovel":8,"The Specimen":9,"Gremlin Horn":15,"Velvet Choker":17,"Art of War":14,"InkBottle":6,"Ring of the Snake":0},{"Shovel":5,"The Specimen":5,"Gremlin Horn":9,"Velvet Choker":10,"Art of War":9,"InkBottle":4,"Ring of the Snake":0},{"Shovel":23,"The Specimen":23,"Gremlin Horn":40,"Velvet Choker":48,"Art of War":40,"InkBottle":19,"Ring of the Snake":0}],"InkBottle":[13],"Ring of the Snake":[28]},"card_choices":[{"not_picked":["Quick Slash","Acrobatics"],"picked":"Flying Knee","floor":1},{"not_picked":["Deadly Poison","Blur"],"picked":"Bouncing Flask","floor":2},{"not_picked":["Cloak And Dagger","Dodge and Roll"],"picked":"Backflip","floor":3},{"not_picked":["Tactician","Slice"],"picked":"Corpse Explosion","floor":6},{"not_picked":["Blade Dance","Heel Hook","Dagger Throw"],"picked":"SKIP","floor":8},{"not_picked":["Calculated Gamble","Blade Dance"],"picked":"Acrobatics","floor":10},{"not_picked":["Calculated Gamble","Acrobatics"],"picked":"Venomology","floor":11},{"not_picked":["Poisoned Stab","Dagger Throw"],"picked":"Well Laid Plans","floor":13},{"not_picked":["Slice","Footwork"],"picked":"Tools of the Trade","floor":14},{"not_picked":["Grand Finale","Adrenaline"],"picked":"Night Terror","floor":16},{"not_picked":["Deflect","Distraction"],"picked":"Backflip","floor":18},{"not_picked":["Predator","Cloak And Dagger","Flying Knee"],"picked":"SKIP","floor":19},{"not_picked":["Expertise","Endless Agony"],"picked":"Bullet Time","floor":24}],"player_experience":3022338,"relics_obtained":[{"floor":6,"key":"InkBottle"},{"floor":8,"key":"Shovel"},{"floor":9,"key":"The Specimen"},{"floor":14,"key":"Art of War"},{"floor":15,"key":"Gremlin Horn"}],"event_choices":[{"damage_healed":0,"gold_gain":0,"player_choice":"Left Gold","damage_taken":0,"max_hp_gain":0,"max_hp_loss":0,"event_name":"World of Goop","floor":5,"gold_loss":24},{"damage_healed":0,"gold_gain":66,"player_choice":"Gained Gold","damage_taken":0,"max_hp_gain":0,"max_hp_loss":0,"event_name":"Golden Wing","floor":7,"gold_loss":0},{"damage_healed":0,"gold_gain":99,"player_choice":"Stole From Cult","damage_taken":0,"max_hp_gain":0,"max_hp_loss":0,"event_name":"Nest","floor":20,"gold_loss":0},{"damage_healed":0,"gold_gain":0,"player_choice":"Read","damage_taken":0,"max_hp_gain":0,"max_hp_loss":0,"event_name":"The Library","floor":22,"gold_loss":0,"cards_obtained":["Crippling Poison"]}],"is_beta":false,"boss_relics":[{"not_picked":["Sozu","HoveringKite"],"picked":"Velvet Choker"}],"items_purged_floors":[4,21],"is_endless":false,"potions_floor_spawned":[6,8,10,13,14,16,18,19],"killed_by":"3 Cultists","ascension_level":14}}