{"host":"h7xtspmc2x3i8s2i","time":1608514398,"event":{"mods":["2.2 Compatiblity","AchievementEnabler","Act Like it!","AlwaysNeverKeys","Aspiration","Astrologer","BaseMod","Beaked The Cultist","Better Match","Better Sensory Stone","Better Third Choice","Better Vampires","BetterRewards","Challenge The Spire","Colored Map","Colored Powertips","Colorless Booster Pack","Curses Come First","Defuse TimeMaze Blight","Dio Mod","Downfall","Duelist Mod","EXCEPTION","Energized Spire","Friendly Minions","GifTheSpireLib","Gold Saver","Gremlin Skip","Halation","Hubris","Jedi Mod","Key Reminder","Marked Mod","Minty Spire (QoL Compilation)","Pale of the Ancients","Permanent Neow","Random Character Button","Random Character Mod","Rare Cards Sparkle","Relic Filter","Relic Stats","Replay The Spire","SacredBarkPlus","Shop Mod","Somnambulant","Spicy Shops","Spikes Relics","Spire Birthday Party","StSLib","Steal the Spire","Stuff the Spire","SuperFastMode","The Awakened One except there are too many feathers","The Blue Laboratory","The Cursed","The Death Knight","The Dragon Tamer","The Edgeheg","The Hierophant","The Problem Sleuth","The Wild Card","Transform Curses","Unceasing Turn Reminder","everything is the same but u backflip on backflip","slay the spire mod where everything is the same but ironclad has a cowboy hat","vexMod"],"gold_per_floor":[1129,3,33,33,48,68,68,68,87,117,129,129,140,163,182,287,237,12,0,35,35,69,69,94,104,121,121,135,135,49,68,80,80,80],"floor_reached":33,"playtime":1509,"items_purged":["Guardian:Strike_Guardian"],"score":322,"play_id":"ad71b83e-cf53-4762-b437-bf5f58733e69","local_time":"20201220203318","is_ascension_mode":false,"campfire_choices":[{"floor":1,"key":"RECALL"},{"data":"Madness","floor":4,"key":"SMITH"},{"data":"Guardian:Emergency","floor":18,"key":"SMITH"},{"data":"Guardian:BronzeOrb","floor":21,"key":"SMITH"},{"floor":27,"key":"REST"}],"circlet_count":0,"master_deck":["Guardian:GatlingBeam+1","Guardian:Strike_Guardian","Guardian:Strike_Guardian","Guardian:Strike_Guardian","Guardian:Defend_Guardian","Guardian:Defend_Guardian","Guardian:Defend_Guardian","Guardian:Defend_Guardian","Guardian:CurlUp","Guardian:TwinSlam","Guardian:Repulse","Guardian:Emergency+1","Guardian:ChargeCore","Guardian:Orbwalk","Guardian:BronzeOrb+1","Guardian:Planning","Guardian:TimeCapacitor","Guardian:Recover","Guardian:GatlingBeam","Guardian:Emergency","Feint","Guardian:Recover","Guardian:AncientConstruct","Guardian:Strike_Guardian","Trip","Guardian:ShieldCharger","Guardian:Incinerate","Guardian:Gem_Orange","Guardian:Gem_Green","Guardian:Gem_Crimson","Guardian:Clone","Guardian:Incinerate","Guardian:DecasProtection","Guardian:ChargeUp","Guardian:Incinerate"],"relics":["Guardian:ModeShifter","MerchantsRug","Strawberry","Blue Candle","Guardian:BottledStasis","Tiny Chest","Art of War","Guardian:PickAxe","Regal Pillow","aspiration:ChemicalBlood","energizedSpire:HugeHouse","downfall:HeartBlessingRed","downfall:HeartBlessingGreen","downfall:HeartBlessingBlue","Gambling Chip","hubris:DeckOfHolding","Vajra","Bottled Tornado"],"acts_visited":["Exordium","TheCity"],"potions_floor_usage":[10,16,16,16,20,22,25,26,32,33],"damage_taken":[{"damage":0,"enemies":"downfall:FleeingMerchant","floor":2,"turns":4},{"damage":21,"enemies":"Lagavulin","floor":3,"turns":7},{"damage":0,"enemies":"2 Louse","floor":5,"turns":2},{"damage":0,"enemies":"Jaw Worm","floor":6,"turns":1},{"damage":0,"enemies":"Cultist","floor":9,"turns":2},{"damage":1,"enemies":"Replay:BlueRogue","floor":10,"turns":4},{"damage":3,"enemies":"Red Slaver","floor":11,"turns":2},{"damage":13,"enemies":"3 Louse","floor":13,"turns":3},{"damage":2,"enemies":"Exordium Wildlife","floor":15,"turns":5},{"damage":4,"enemies":"downfall:Watcher","floor":16,"turns":13},{"damage":0,"enemies":"downfall:FleeingMerchant","floor":19,"turns":4},{"damage":19,"enemies":"Slavers","floor":20,"turns":6},{"damage":71,"enemies":"Gremlin Leader","floor":22,"turns":7},{"damage":0,"enemies":"Chosen","floor":25,"turns":3},{"damage":0,"enemies":"Snake Plant","floor":26,"turns":1},{"damage":0,"enemies":"Cultist and Chosen","floor":28,"turns":4},{"damage":8,"enemies":"downfall:FleeingMerchant","floor":30,"turns":4},{"damage":17,"enemies":"Snecko","floor":31,"turns":5},{"damage":0,"enemies":"3 Cultists","floor":32,"turns":4},{"damage":31,"enemies":"downfall:Ironclad","floor":33,"turns":5}],"seed_played":"9126201403902496276","potions_obtained":[{"floor":3,"key":"Explosive Potion"},{"floor":5,"key":"DuplicationPotion"},{"floor":13,"key":"Regen Potion"},{"floor":15,"key":"blueLaboratory:ImpenetrablePotion"},{"floor":16,"key":"SmokeBomb"},{"floor":20,"key":"blueLaboratory:PyrophylliteBrew"},{"floor":26,"key":"blueLaboratory:CorrosionFlask"},{"floor":31,"key":"Energy Potion"},{"floor":32,"key":"blueLaboratory:Moonshine"},{"floor":33,"key":"blueLaboratory:PolymorphPotion"}],"is_trial":false,"path_per_floor":["R","$","E","R","M","M","T","?","M","E","M","?","M","T","M","B",null,"R","$","E","R","E","?","T","M","M","R","M","T","$","M","M","B"],"character_chosen":"GUARDIAN","items_purchased":["Guardian:Emergency","Guardian:ChargeCore","Guardian:Orbwalk","MerchantsRug","Strawberry","Blue Candle","Guardian:BottledStasis","Tiny Chest","Guardian:DecasProtection"],"campfire_rested":1,"item_purchase_floors":[2,2,2,2,2,2,2,2,30],"current_hp_per_floor":[80,87,66,66,66,66,66,66,66,65,62,62,49,49,47,58,82,92,92,83,83,12,12,12,12,12,54,54,54,46,29,29,0,0],"gold":80,"neow_bonus":"RANDOM_COLORLESS","is_daily":false,"chose_seed":false,"campfire_upgraded":3,"win_rate":0.0,"timestamp":1608514398,"path_taken":["R","$","E","R","M","M","T","?","M","E","M","?","?","?","M","BOSS","R","$","E","R","E","?","T","M","?","R","?","?","?","?","M","BOSS"],"items_purchased_type":["Card","Card","Card","Relic","Relic","Relic","Relic","Relic","Card"],"build_version":"2020-12-13","purchased_purges":1,"victory":false,"max_hp_per_floor":[80,87,87,87,87,87,87,87,87,87,87,87,87,87,87,87,82,92,92,92,92,92,92,92,92,92,92,92,92,92,92,92,92,92],"relic_stats":{"Regal Pillow":15,"counters":[20,84],"Blue Candle":[0],"Gambling Chip":[7],"Tiny Chest":2,"Art of War":[4],"obtain_stats":[{"MerchantsRug":2,"Guardian:BottledStasis":2,"Regal Pillow":10,"downfall:HeartBlessingRed":18,"Blue Candle":2,"Guardian:ModeShifter":0,"Vajra":24,"downfall:HeartBlessingGreen":18,"Bottled Tornado":29,"keyreminder:keyreminder":1,"Guardian:PickAxe":8,"downfall:HeartBlessingBlue":18,"Strawberry":2,"Gambling Chip":20,"Tiny Chest":2,"hubris:DeckOfHolding":22,"Art of War":3,"energizedSpire:HugeHouse":17,"aspiration:ChemicalBlood":14},{"MerchantsRug":1,"Guardian:BottledStasis":1,"Regal Pillow":6,"downfall:HeartBlessingRed":10,"Blue Candle":1,"Guardian:ModeShifter":0,"Vajra":13,"downfall:HeartBlessingGreen":10,"Bottled Tornado":16,"keyreminder:keyreminder":0,"Guardian:PickAxe":4,"downfall:HeartBlessingBlue":10,"Strawberry":1,"Gambling Chip":12,"Tiny Chest":1,"hubris:DeckOfHolding":13,"Art of War":2,"energizedSpire:HugeHouse":10,"aspiration:ChemicalBlood":8},{"MerchantsRug":4,"Guardian:BottledStasis":4,"Regal Pillow":20,"downfall:HeartBlessingRed":42,"Blue Candle":4,"Guardian:ModeShifter":0,"Vajra":59,"downfall:HeartBlessingGreen":42,"Bottled Tornado":67,"keyreminder:keyreminder":0,"Guardian:PickAxe":14,"downfall:HeartBlessingBlue":42,"Strawberry":4,"Gambling Chip":52,"Tiny Chest":4,"hubris:DeckOfHolding":59,"Art of War":11,"energizedSpire:HugeHouse":42,"aspiration:ChemicalBlood":25}]},"card_choices":[{"not_picked":["ReplayTheSpireMod:Uncanny Aura","StuffTheSpire:PlasmaPunch"],"picked":"Madness","floor":0},{"not_picked":["Guardian:PrismaticBarrier","Guardian:TemporalStrike"],"picked":"Guardian:Repulse","floor":2},{"not_picked":["Guardian:DecasProtection","Guardian:Reroute"],"picked":"Guardian:BronzeOrb","floor":3},{"not_picked":["Guardian:Reroute","Guardian:TemporalStrike"],"picked":"Guardian:Planning","floor":5},{"not_picked":["Guardian:RollAttack","Guardian:Clone"],"picked":"Guardian:TimeCapacitor","floor":6},{"not_picked":["Guardian:WalkerClaw","Guardian:Gem_Crimson"],"picked":"Guardian:Recover","floor":9},{"not_picked":["Guardian:Planning","Guardian:ShieldSpikes"],"picked":"Guardian:GatlingBeam","floor":10},{"not_picked":["Guardian:Gem_Lightblue","Guardian:Gem_Purple"],"picked":"Guardian:Emergency","floor":11},{"not_picked":["Reforge","Survey Options"],"picked":"Feint","floor":12},{"not_picked":["Guardian:MultiBeam","Guardian:RefractedBeam"],"picked":"Guardian:Gem_Green","floor":13},{"not_picked":["Guardian:RollAttack","Guardian:TemporalStrike"],"picked":"Guardian:Recover","floor":15},{"not_picked":["Guardian:RevengeProtocol","Guardian:ConstructionForm"],"picked":"Guardian:AncientConstruct","floor":16},{"not_picked":["Guardian:TemporalShield+1","Guardian:ShieldSpikes"],"picked":"Guardian:ShieldCharger","floor":19},{"not_picked":["Guardian:Gem_Green","Guardian:VentSteam"],"picked":"Guardian:Incinerate","floor":20},{"not_picked":["Guardian:PrimingBeam+1","Guardian:WalkerClaw+1"],"picked":"Guardian:Gem_Orange","floor":22},{"not_picked":["Guardian:CrystalBeam","Guardian:PrimingBeam"],"picked":"Guardian:Gem_Green","floor":25},{"not_picked":["Guardian:VentSteam","Guardian:Repulse+1"],"picked":"Guardian:Gem_Crimson","floor":26},{"not_picked":["Guardian:Emergency","Guardian:Suspension"],"picked":"Guardian:Clone","floor":28},{"not_picked":["Guardian:Gem_Green","Guardian:ConstructionForm"],"picked":"Guardian:Incinerate","floor":30},{"not_picked":["Guardian:FloatingOrbs+1","Guardian:Recover"],"picked":"Guardian:ChargeUp","floor":31},{"not_picked":["Guardian:ShieldSpikes","Guardian:Gem_Lightblue"],"picked":"Guardian:Incinerate","floor":32}],"player_experience":549109,"relics_obtained":[{"floor":3,"key":"Art of War"},{"floor":10,"key":"Regal Pillow"},{"floor":14,"key":"aspiration:ChemicalBlood"},{"floor":20,"key":"Gambling Chip"},{"floor":22,"key":"hubris:DeckOfHolding"},{"floor":24,"key":"Vajra"},{"floor":29,"key":"Bottled Tornado"}],"event_choices":[{"damage_healed":0,"gold_gain":1,"player_choice":"1","damage_taken":0,"max_hp_gain":0,"max_hp_loss":0,"event_name":"betterStone:BetterStone","floor":12,"gold_loss":0}],"is_beta":false,"boss_relics":[{"not_picked":["Abe\u0027s Treasure","Ectoplasm"],"picked":"energizedSpire:HugeHouse"}],"items_purged_floors":[2],"is_endless":false,"potions_floor_spawned":[3,5,13,15,16,20,26,31,32],"killed_by":"downfall:Ironclad","ascension_level":0}}