{"host":"pf9sh7nh6rpu9sau","time":1608519580,"event":{"mods":["2.2 Compatiblity","BaseMod","BetterRewards","Downfall","Hermit","Hubris","Mad Scientist","Minty Spire (QoL Compilation)","Permanent Neow","Quick Restart","Replay The Spire","Somnambulant","StSLib","The Clintock","The Cursed","The Disciple","The Hierophant","The Necromancer","The Runesmith","The Servant 0.9.4","TheVacant"],"gold_per_floor":[99,118,118,128,146,146,170,204,204,239,446,458,469,619,637,637,637,637],"floor_reached":16,"playtime":1289,"items_purged":[],"score":112,"play_id":"5b4183df-5af9-4e70-a53f-882e39502367","local_time":"20201220215940","is_ascension_mode":false,"campfire_choices":[{"data":"hexamod:PhantomCloak","floor":3,"key":"SMITH"},{"data":"hexamod:Float","floor":6,"key":"SMITH"},{"data":"hexamod:BurningTouch","floor":9,"key":"SMITH"}],"circlet_count":0,"master_deck":["hexamod:Strike","hexamod:Strike","hexamod:Strike","hexamod:Defend","hexamod:Defend","hexamod:Defend","hexamod:Defend","hexamod:Sear","hexamod:Float+1","hexamod:PhantomCloak+1","hexamod:GhostOfSpirePast","hexamod:BurningTouch+1","hexamod:ShieldOfDarkness","Pot Of Greed","Pot Of Greed","hexamod:HauntingEcho","ReplayTheSpireMod:Splinters","hexamod:HeatCrush","hexamod:FastForward","hexamod:RainOfEmbers","Slimebound:Icky","hexamod:VolcanoVisage"],"relics":["hexamod:SpiritBrand","Calipers","hubris:OldNail","hubris:CuriousFeather","Grinning Jar"],"acts_visited":["Exordium"],"potions_floor_usage":[8,10,16,16],"damage_taken":[{"damage":1,"enemies":"Jaw Worm","floor":2,"turns":5},{"damage":1,"enemies":"Cultist","floor":4,"turns":5},{"damage":0,"enemies":"Small Slimes","floor":5,"turns":4},{"damage":13,"enemies":"Lagavulin","floor":8,"turns":6},{"damage":21,"enemies":"3 Sentries","floor":10,"turns":12},{"damage":0,"enemies":"3 Louse","floor":12,"turns":5},{"damage":5,"enemies":"Exordium Thugs","floor":13,"turns":4},{"damage":3,"enemies":"Gremlin Gang","floor":15,"turns":6},{"damage":5,"enemies":"downfall:Silent","floor":16,"turns":2}],"seed_played":"-8452196336567516328","potions_obtained":[{"floor":2,"key":"Venom Potion"},{"floor":5,"key":"Doom Potion"},{"floor":8,"key":"Explosive Potion"},{"floor":13,"key":"PowerPotion"},{"floor":15,"key":"Weak Potion"}],"is_trial":false,"path_per_floor":["R","M","R","M","M","R","T","E","R","E","?","M","M","?","M","B"],"character_chosen":"THE_SPIRIT","items_purchased":[],"campfire_rested":0,"item_purchase_floors":[],"current_hp_per_floor":[49,48,48,47,47,47,47,34,34,13,13,13,8,8,5,0,0,0],"gold":637,"neow_bonus":"ONE_RARE_RELIC","is_daily":false,"chose_seed":false,"campfire_upgraded":3,"win_rate":0.0,"timestamp":1608519580,"path_taken":["R","M","R","M","M","R","T","E","R","E","?","M","M","?","M","BOSS"],"items_purchased_type":[],"build_version":"2020-12-13","purchased_purges":0,"victory":false,"max_hp_per_floor":[70,70,70,70,70,70,70,70,70,70,70,70,70,70,70,70,70,70],"card_choices":[{"not_picked":["hexamod:Again","hexamod:NightmareGuise"],"picked":"hexamod:PhantomCloak","floor":2},{"not_picked":["hexamod:Haunt","hexamod:GhostflameBarrier"],"picked":"hexamod:GhostOfSpirePast","floor":4},{"not_picked":["hexamod:FourthSeal","hexamod:SpectersWail"],"picked":"hexamod:BurningTouch","floor":5},{"not_picked":["hexamod:BurningTouch","hexamod:NightmareStrike"],"picked":"hexamod:ShieldOfDarkness","floor":8},{"not_picked":["hexamod:ParanormalForm","hexamod:PhantomFireball"],"picked":"hexamod:HauntingEcho","floor":10},{"not_picked":["hexamod:EtherealExpedition","hexamod:GhostLash"],"picked":"hexamod:HeatCrush","floor":11},{"not_picked":["hexamod:SwordOfDarkness","hexamod:ShieldOfDarkness"],"picked":"hexamod:FastForward","floor":12},{"not_picked":["hexamod:HauntingEcho","hexamod:NightmareGuise"],"picked":"hexamod:RainOfEmbers","floor":13},{"not_picked":["hexamod:RainOfEmbers","hexamod:ExtraCrispy"],"picked":"hexamod:VolcanoVisage","floor":15}],"player_experience":695394,"relics_obtained":[{"floor":7,"key":"hubris:OldNail"},{"floor":8,"key":"hubris:CuriousFeather"},{"floor":10,"key":"Grinning Jar"}],"event_choices":[],"is_beta":false,"boss_relics":[],"items_purged_floors":[],"is_endless":false,"potions_floor_spawned":[2,5,8,13,15],"killed_by":"downfall:Silent","ascension_level":0}}