{"host":"8by3m8mve9y2rhh4","time":1608568221,"event":{"mods":["BaseMod","Minty Spire (QoL Compilation)","Quick Restart"],"gold_per_floor":[116,136,147,167,167,502,502,529,529,548,564,583,613,629,629,727,727,742,759,779,794,814,840,840,840],"floor_reached":24,"playtime":1429,"items_purged":[],"score":258,"play_id":"1a066ca5-8748-4510-b7ac-4c49d917ec35","local_time":"20201221163021","is_ascension_mode":true,"campfire_choices":[{"floor":7,"key":"REST"},{"floor":15,"key":"REST"}],"circlet_count":0,"master_deck":["Strike_G","Strike_G","Defend_G","Defend_G","Defend_G","Defend_G","Survivor","Neutralize","Predator+1","Heel Hook+1","Sucker Punch+1","Deflect","PiercingWail","Dodge and Roll","Noxious Fumes","Predator","Corpse Explosion","Leg Sweep","Heel Hook+1","Deadly Poison","Sucker Punch+1","After Image","Bouncing Flask+1","After Image","Dodge and Roll+1","Caltrops+1","Dagger Throw+1","Bane+1","Catalyst+1","Noxious Fumes+1"],"relics":["Astrolabe","Old Coin","Darkstone Periapt","Molten Egg 2","Toxic Egg 2","SlaversCollar","Pen Nib"],"acts_visited":["Exordium","TheCity"],"potions_floor_usage":[6,13,13,21,23,23,23],"damage_taken":[{"damage":0,"enemies":"Small Slimes","floor":1,"turns":3},{"damage":4,"enemies":"Cultist","floor":2,"turns":3},{"damage":0,"enemies":"2 Louse","floor":3,"turns":2},{"damage":5,"enemies":"Lots of Slimes","floor":4,"turns":5},{"damage":13,"enemies":"3 Sentries","floor":6,"turns":8},{"damage":13,"enemies":"Gremlin Nob","floor":8,"turns":4},{"damage":4,"enemies":"Exordium Thugs","floor":10,"turns":6},{"damage":11,"enemies":"3 Louse","floor":11,"turns":3},{"damage":0,"enemies":"Large Slime","floor":12,"turns":4},{"damage":1,"enemies":"Lagavulin","floor":13,"turns":6},{"damage":0,"enemies":"2 Fungi Beasts","floor":14,"turns":2},{"damage":28,"enemies":"Slime Boss","floor":16,"turns":11},{"damage":11,"enemies":"Chosen","floor":18,"turns":6},{"damage":6,"enemies":"Shell Parasite","floor":19,"turns":7},{"damage":10,"enemies":"Chosen and Byrds","floor":20,"turns":7},{"damage":2,"enemies":"Cultist and Chosen","floor":21,"turns":4},{"damage":19,"enemies":"Snake Plant","floor":22,"turns":4},{"damage":3,"enemies":"Gremlin Leader","floor":23,"turns":7},{"damage":25,"enemies":"Chosen and Byrds","floor":24,"turns":4}],"seed_played":"5586019139917825482","potions_obtained":[{"floor":1,"key":"Weak Potion"},{"floor":8,"key":"Energy Potion"},{"floor":10,"key":"LiquidBronze"},{"floor":11,"key":"CunningPotion"},{"floor":12,"key":"GhostInAJar"},{"floor":13,"key":"ColorlessPotion"},{"floor":14,"key":"BlessingOfTheForge"},{"floor":21,"key":"GamblersBrew"}],"is_trial":false,"path_per_floor":["M","M","M","M","?","E","R","E","T","M","M","M","E","M","R","B",null,"M","M","M","M","M","E","M"],"character_chosen":"THE_SILENT","items_purchased":[],"campfire_rested":2,"item_purchase_floors":[],"current_hp_per_floor":[70,66,66,61,61,48,69,56,56,52,41,41,40,40,61,33,70,59,53,43,41,22,19,0,0],"gold":840,"neow_bonus":"BOSS_RELIC","is_daily":false,"chose_seed":false,"campfire_upgraded":0,"win_rate":0.0,"timestamp":1608568221,"path_taken":["M","M","M","M","?","E","R","E","T","M","M","?","E","M","R","BOSS","M","M","M","M","M","E","?"],"items_purchased_type":[],"build_version":"2020-12-13","purchased_purges":0,"victory":false,"max_hp_per_floor":[70,70,70,70,70,70,70,70,70,70,70,70,70,70,70,70,70,70,70,70,70,70,70,70,70],"card_choices":[{"not_picked":["Eviscerate","Bane"],"picked":"Deflect","floor":1},{"not_picked":["Reflex","Prepared"],"picked":"PiercingWail","floor":2},{"not_picked":["Infinite Blades","Poisoned Stab"],"picked":"Dodge and Roll","floor":3},{"not_picked":["Choke","Backflip"],"picked":"Noxious Fumes","floor":4},{"not_picked":["PiercingWail","Cloak And Dagger"],"picked":"Corpse Explosion","floor":6},{"not_picked":["Well Laid Plans","Dodge and Roll"],"picked":"Leg Sweep","floor":8},{"not_picked":["Prepared","Skewer+1"],"picked":"Heel Hook+1","floor":10},{"not_picked":["Deflect","Accuracy"],"picked":"Deadly Poison","floor":11},{"not_picked":["Poisoned Stab+1","Well Laid Plans"],"picked":"Sucker Punch+1","floor":12},{"not_picked":["Deadly Poison+1","Dash+1"],"picked":"After Image","floor":13},{"not_picked":["Dash+1","Leg Sweep+1"],"picked":"Bouncing Flask+1","floor":14},{"not_picked":["Phantasmal Killer+1","Unload+1"],"picked":"After Image","floor":16},{"not_picked":["Dagger Spray+1","Deadly Poison+1"],"picked":"Dodge and Roll+1","floor":18},{"not_picked":["PiercingWail+1","Flying Knee+1"],"picked":"Caltrops+1","floor":19},{"not_picked":["Dagger Throw+1","Underhanded Strike+1","Outmaneuver+1"],"picked":"SKIP","floor":20},{"not_picked":["Underhanded Strike+1","Outmaneuver+1"],"picked":"Dagger Throw+1","floor":20},{"not_picked":["Finisher+1","Flying Knee+1"],"picked":"Bane+1","floor":21},{"not_picked":["PiercingWail+1","Endless Agony+1"],"picked":"Catalyst+1","floor":22},{"not_picked":["Bane+1","Deflect+1"],"picked":"Noxious Fumes+1","floor":23}],"player_experience":578308,"relics_obtained":[{"floor":6,"key":"Old Coin"},{"floor":8,"key":"Darkstone Periapt"},{"floor":9,"key":"Molten Egg 2"},{"floor":13,"key":"Toxic Egg 2"},{"floor":23,"key":"Pen Nib"}],"event_choices":[{"damage_healed":0,"gold_gain":0,"cards_transformed":["Strike_G"],"player_choice":"Transformed","damage_taken":0,"max_hp_gain":0,"max_hp_loss":0,"event_name":"Transmorgrifier","floor":5,"gold_loss":0,"cards_obtained":["Predator"]}],"is_beta":false,"boss_relics":[{"not_picked":["Velvet Choker","Sozu"],"picked":"SlaversCollar"}],"items_purged_floors":[],"is_endless":false,"potions_floor_spawned":[1,8,10,11,12,13,14,19,21,22],"killed_by":"Chosen and Byrds","ascension_level":1}}