{"host":"f5n4tidiz2n5sooh","time":1608546163,"event":{"mods":["BaseMod","Bestiary","Colored Map","Minty Spire (QoL Compilation)","Relic Stats","StSLib"],"gold_per_floor":[116,130,130,149,149,176,176,188,188,163,163,177,177,206,206,278,278,295,295,295,295,220,250,250,269,269,279,279,294,294,294,294,370,370,385,395,409,146,164,164,191,191,218,244,244,269,12,40,40,40,40,40,40,40,69,69],"floor_reached":57,"playtime":3867,"items_purged":["Strike_G","Strike_G"],"score":2786,"play_id":"cbab27d4-5f71-4a35-b83a-70afb64bcad7","local_time":"20201221042243","is_ascension_mode":true,"campfire_choices":[{"data":"PiercingWail","floor":7,"key":"SMITH"},{"data":"Leg Sweep","floor":11,"key":"SMITH"},{"data":"Crippling Poison","floor":15,"key":"SMITH"},{"data":"Ghostly","floor":24,"key":"SMITH"},{"data":"Ghostly","floor":28,"key":"SMITH"},{"data":"Ghostly","floor":30,"key":"SMITH"},{"data":"Deadly Poison","floor":32,"key":"SMITH"},{"data":"Blur","floor":40,"key":"SMITH"},{"data":"Night Terror","floor":45,"key":"SMITH"},{"floor":49,"key":"RECALL"},{"data":"PiercingWail","floor":53,"key":"SMITH"}],"circlet_count":0,"master_deck":["AscendersBane","Defend_G","Defend_G","Defend_G","Survivor","Neutralize+1","Leg Sweep+1","Slice+1","All Out Attack+1","PiercingWail+1","Terror","Wraith Form v2+1","Leg Sweep+1","Crippling Poison+1","Cloak And Dagger","Deadly Poison+1","Wraith Form v2+1","PiercingWail+1","Ghostly+1","Ghostly+1","Ghostly+1","Flying Knee+1","Poisoned Stab+1","Noxious Fumes+1","Night Terror+1","Blur+1","Well Laid Plans+1","Night Terror+1","Dodge and Roll+1"],"relics":["Astrolabe","Frozen Egg 2","Mercury Hourglass","White Beast Statue","SlaversCollar","Molten Egg 2","Regal Pillow","Busted Crown","Lee\u0027s Waffle","Prayer Wheel","MealTicket","Letter Opener","Dead Branch","DollysMirror","Pantograph","Bottled Lightning"],"acts_visited":["Exordium","TheCity","TheBeyond","TheEnding"],"potions_floor_usage":[6,23,33,35,41,44,48,50,50,56],"damage_taken":[{"damage":5,"enemies":"2 Louse","floor":1,"turns":2},{"damage":2,"enemies":"Jaw Worm","floor":2,"turns":4},{"damage":0,"enemies":"Cultist","floor":4,"turns":3},{"damage":6,"enemies":"3 Sentries","floor":6,"turns":9},{"damage":0,"enemies":"2 Fungi Beasts","floor":8,"turns":3},{"damage":3,"enemies":"Exordium Thugs","floor":10,"turns":4},{"damage":1,"enemies":"Blue Slaver","floor":12,"turns":4},{"damage":16,"enemies":"Lagavulin","floor":14,"turns":9},{"damage":0,"enemies":"The Guardian","floor":16,"turns":10},{"damage":4,"enemies":"Spheric Guardian","floor":18,"turns":7},{"damage":5,"enemies":"Slavers","floor":23,"turns":5},{"damage":4,"enemies":"2 Thieves","floor":25,"turns":4},{"damage":2,"enemies":"Snecko","floor":27,"turns":6},{"damage":4,"enemies":"Snake Plant","floor":29,"turns":5},{"damage":3,"enemies":"Collector","floor":33,"turns":9},{"damage":0,"enemies":"3 Darklings","floor":35,"turns":6},{"damage":2,"enemies":"3 Shapes","floor":36,"turns":8},{"damage":7,"enemies":"Transient","floor":37,"turns":6},{"damage":6,"enemies":"Writhing Mass","floor":39,"turns":9},{"damage":0,"enemies":"Reptomancer","floor":41,"turns":9},{"damage":82,"enemies":"Giant Head","floor":44,"turns":12},{"damage":0,"enemies":"Mind Bloom Boss Battle","floor":46,"turns":8},{"damage":10,"enemies":"Reptomancer","floor":48,"turns":7},{"damage":41,"enemies":"Awakened One","floor":50,"turns":19},{"damage":4,"enemies":"Donu and Deca","floor":51,"turns":12},{"damage":19,"enemies":"Shield and Spear","floor":55,"turns":11},{"damage":32,"enemies":"The Heart","floor":56,"turns":17}],"seed_played":"-4957836148864753431","potions_obtained":[{"floor":2,"key":"SkillPotion"},{"floor":14,"key":"Ancient Potion"},{"floor":16,"key":"SteroidPotion"},{"floor":18,"key":"FairyPotion"},{"floor":23,"key":"SteroidPotion"},{"floor":27,"key":"PowerPotion"},{"floor":33,"key":"CunningPotion"},{"floor":35,"key":"FairyPotion"},{"floor":36,"key":"PowerPotion"},{"floor":41,"key":"Dexterity Potion"},{"floor":44,"key":"SpeedPotion"},{"floor":46,"key":"Block Potion"},{"floor":48,"key":"Fire Potion"},{"floor":55,"key":"GamblersBrew"}],"is_trial":false,"path_per_floor":["M","M","?","M","?","E","R","M","T","M","R","M","?","E","R","B",null,"M","?","?","?","$","E","R","M","T","M","R","M","R","?","R","B",null,"M","M","M","$","M","R","E","T","T","E","R","?","$","E","R","B","B",null,"R","$","E","B",null],"character_chosen":"THE_SILENT","items_purchased":["Lee\u0027s Waffle","Well Laid Plans+1","DollysMirror"],"campfire_rested":0,"item_purchase_floors":[38,47,47],"current_hp_per_floor":[54,52,45,45,45,39,39,39,39,36,36,35,35,19,19,19,54,50,32,32,32,32,27,27,23,23,21,21,17,17,17,17,14,30,30,28,21,42,36,36,36,36,36,12,12,12,27,17,17,1,22,37,37,42,23,10],"gold":69,"neow_bonus":"BOSS_RELIC","is_daily":false,"chose_seed":false,"campfire_upgraded":10,"win_rate":0.0,"timestamp":1608546163,"path_taken":["M","M","?","M","?","E","R","M","T","?","R","M","?","E","R","BOSS","M","?","?","?","$","E","R","M","T","?","R","M","R","?","R","BOSS","M","M","M","?","M","R","E","?","T","E","R","?","$","E","R","BOSS","BOSS","R","$","E","BOSS"],"items_purchased_type":["Relic","Card","Relic"],"build_version":"2020-12-13","purchased_purges":2,"victory":true,"max_hp_per_floor":[66,66,66,66,66,66,66,66,66,66,66,66,66,66,66,66,66,66,71,35,35,35,35,35,35,35,35,35,35,35,35,35,35,35,35,35,35,42,42,42,42,42,42,42,42,42,42,42,42,42,42,42,42,42,42,42],"relic_stats":{"Regal Pillow":0,"Lee\u0027s Waffle":21,"Busted Crown":18,"counters":[27,208],"Astrolabe":["Leg Sweep","Slice","All Out Attack"],"Dead Branch":[132],"Pantograph":69,"Prayer Wheel":0,"MealTicket":20,"Letter Opener":[180],"obtain_stats":[{"Regal Pillow":26,"Lee\u0027s Waffle":38,"Astrolabe":0,"Dead Branch":46,"Letter Opener":44,"Frozen Egg 2":6,"White Beast Statue":14,"Mercury Hourglass":9,"SlaversCollar":17,"Busted Crown":34,"DollysMirror":47,"Pantograph":48,"Molten Egg 2":23,"Prayer Wheel":41,"MealTicket":43,"Bottled Lightning":55,"Ring of the Snake":0},{"Regal Pillow":12,"Lee\u0027s Waffle":18,"Astrolabe":0,"Dead Branch":22,"Letter Opener":21,"Frozen Egg 2":4,"White Beast Statue":8,"Mercury Hourglass":5,"SlaversCollar":9,"Busted Crown":15,"DollysMirror":22,"Pantograph":23,"Molten Egg 2":11,"Prayer Wheel":20,"MealTicket":20,"Bottled Lightning":26,"Ring of the Snake":0},{"Regal Pillow":64,"Lee\u0027s Waffle":104,"Astrolabe":0,"Dead Branch":142,"Letter Opener":134,"Frozen Egg 2":18,"White Beast Statue":38,"Mercury Hourglass":21,"SlaversCollar":48,"Busted Crown":84,"DollysMirror":142,"Pantograph":149,"Molten Egg 2":60,"Prayer Wheel":122,"MealTicket":122,"Bottled Lightning":191,"Ring of the Snake":0}],"Mercury Hourglass":[676]},"card_choices":[{"not_picked":["Slice","Escape Plan","Dodge and Roll"],"picked":"SKIP","floor":1},{"not_picked":["Dodge and Roll","Deadly Poison","Concentrate"],"picked":"SKIP","floor":2},{"not_picked":["Acrobatics","Flying Knee"],"picked":"PiercingWail","floor":4},{"not_picked":["Concentrate","Slice"],"picked":"Terror","floor":6},{"not_picked":["Underhanded Strike","All Out Attack"],"picked":"Wraith Form v2+1","floor":8},{"not_picked":["Dodge and Roll","Flechettes"],"picked":"Leg Sweep","floor":10},{"not_picked":["Dodge and Roll","Deadly Poison"],"picked":"Crippling Poison","floor":12},{"not_picked":["Dagger Throw","Quick Slash"],"picked":"Deadly Poison","floor":14},{"not_picked":["Bullet Time","Glass Knife"],"picked":"Wraith Form v2+1","floor":16},{"not_picked":["Backstab","Quick Slash"],"picked":"PiercingWail","floor":18},{"not_picked":["Tactician","Footwork+1"],"picked":"Flying Knee+1","floor":23},{"not_picked":["Cloak And Dagger","Dodge and Roll"],"picked":"Poisoned Stab+1","floor":25},{"not_picked":["Acrobatics","Sucker Punch+1"],"picked":"Noxious Fumes+1","floor":27},{"not_picked":["Terror","Eviscerate+1","Footwork+1"],"picked":"SKIP","floor":29},{"not_picked":["Bullet Time","Grand Finale+1"],"picked":"Night Terror","floor":33},{"not_picked":["PiercingWail"],"picked":"SKIP","floor":35},{"not_picked":["PiercingWail"],"picked":"SKIP","floor":36},{"not_picked":[],"picked":"Blur","floor":37},{"not_picked":["Dagger Throw+1"],"picked":"SKIP","floor":39},{"not_picked":["Riddle With Holes+1"],"picked":"SKIP","floor":41},{"not_picked":["Outmaneuver"],"picked":"SKIP","floor":44},{"not_picked":["Prepared"],"picked":"SKIP","floor":48},{"not_picked":[],"picked":"Dodge and Roll+1","floor":55}],"player_experience":1908036,"relics_obtained":[{"floor":6,"key":"Frozen Egg 2"},{"floor":9,"key":"Mercury Hourglass"},{"floor":14,"key":"White Beast Statue"},{"floor":23,"key":"Molten Egg 2"},{"floor":26,"key":"Regal Pillow"},{"floor":41,"key":"Prayer Wheel"},{"floor":43,"key":"MealTicket"},{"floor":44,"key":"Letter Opener"},{"floor":46,"key":"Dead Branch"},{"floor":48,"key":"Pantograph"},{"floor":55,"key":"Bottled Lightning"}],"event_choices":[{"cards_removed":["Strike_G"],"damage_healed":0,"gold_gain":0,"player_choice":"Card Removal","damage_taken":7,"max_hp_gain":0,"max_hp_loss":0,"event_name":"Golden Wing","floor":3,"gold_loss":0},{"damage_healed":0,"gold_gain":0,"player_choice":"Upgraded","damage_taken":0,"max_hp_gain":0,"max_hp_loss":0,"event_name":"Upgrade Shrine","floor":5,"gold_loss":0,"cards_upgraded":["Neutralize"]},{"damage_healed":0,"gold_gain":0,"cards_transformed":["Strike_G"],"player_choice":"Transformed","damage_taken":0,"max_hp_gain":0,"max_hp_loss":0,"event_name":"Transmorgrifier","floor":13,"gold_loss":0,"cards_obtained":["Cloak And Dagger"]},{"damage_healed":0,"gold_gain":0,"player_choice":"Shed Blood","damage_taken":23,"max_hp_gain":5,"max_hp_loss":0,"event_name":"Forgotten Altar","floor":19,"gold_loss":0},{"damage_healed":0,"gold_gain":0,"player_choice":"Became a Ghost","damage_taken":0,"max_hp_gain":0,"max_hp_loss":36,"event_name":"Ghosts","floor":20,"gold_loss":0,"cards_obtained":["Ghostly","Ghostly","Ghostly"]},{"damage_healed":0,"gold_gain":0,"player_choice":"Ignored","damage_taken":0,"max_hp_gain":0,"max_hp_loss":0,"event_name":"Vampires","floor":21,"gold_loss":0},{"damage_healed":0,"gold_gain":0,"player_choice":"Ignored","damage_taken":0,"max_hp_gain":0,"max_hp_loss":0,"event_name":"N\u0027loth","floor":31,"gold_loss":0},{"damage_healed":0,"gold_gain":0,"player_choice":"Fight","damage_taken":0,"max_hp_gain":0,"max_hp_loss":0,"event_name":"MindBloom","floor":46,"gold_loss":0}],"is_beta":false,"boss_relics":[{"not_picked":["Tiny House","Runic Dome"],"picked":"SlaversCollar"},{"not_picked":["Sozu","Calling Bell"],"picked":"Busted Crown"}],"items_purged_floors":[22,38],"is_endless":false,"potions_floor_spawned":[2,14,16,18,23,25,27,29,33,35,36,37,39,41,44,46,48,55],"ascension_level":20}}