{"host":"irqpc5dtltfquxh7","time":1608553210,"event":{"mods":["2.2 Compatiblity","AchievementEnabler","Act Like it!","Aspiration","BaseMod","Better Third Choice","BetterRewards","CapriCore","Colored Map","Colored Powertips","Conspire","Friendly Minions","Gensokyo","Halation","Highlight Path","Minty Spire (QoL Compilation)","MostiFishMod","Permanent Neow","Replay The Spire","RumiaBox-????????","Shop Mod","Spicy Shops","Spikes Relics","StSLib","Strawberry Spire","Unknown Chances","Waifu the Spire","vexMod"],"gold_per_floor":[118,131,131,149,149,176,189,33,33,44,77,93,93,126,126,222,222,239,239,149,124,144,171,171,53,53,70,104,120,120,135,135,240,240,255,303,317,367,380,380,407,407,407,420,420,448,468,481,481,481,481,481,42,77,77],"floor_reached":56,"playtime":3975,"items_purged":["Spot Weakness","Pommel Strike"],"score":1461,"play_id":"24f31732-fcd1-4e44-8341-d5216affa1e9","local_time":"20201221182010","is_ascension_mode":false,"campfire_choices":[{"data":"Armaments","floor":13,"key":"SMITH"},{"data":"Entrench","floor":15,"key":"SMITH"},{"data":"Barricade","floor":24,"key":"SMITH"},{"floor":40,"key":"RECALL"},{"data":"Massacre","floor":42,"key":"SMITH"},{"data":"Berserk","floor":45,"key":"SMITH"},{"data":"Flame Barrier","floor":49,"key":"SMITH"},{"data":"MostiFishMod:#F4004","floor":52,"key":"SMITH"}],"circlet_count":0,"master_deck":["Strike_R","Strike_R","Strike_R","Strike_R","Strike_R","Defend_R","Defend_R","Defend_R","Defend_R","Bash","Gensokyo:CrescentMoonSlash","Armaments+1","Barricade+1","conspire:Charge+1","Entrench+1","Reaper+1","Gensokyo:RedCapeBlueCape+1","ReplayTheSpireMod:Stacked","Shrug It Off","MostiFishMod:#F4004+1","Flame Barrier+1","Massacre+1","Berserk+1","ReplayTheSpireMod:Stacked","Iron Wave","Shrug It Off+1","strawberrySpire:DebrisPile+1"],"relics":["Burning Blood","DaveBox","NeowsBlessing","RhineCircuit","Question Card","Gensokyo:OccultBall","ReplayTheSpireMod:Lightbulb","SynthV","conspire:DeflatedDodgeball","ImportantClient","MerchantsRug","ShockBauble","Technique","Pondfish Scales","vexMod:ScavengeHelm","BicycleWheel","Regal Pillow","vexMod:InvisibilityCloak","ReplayTheSpireMod:TigerMarble","ArrowTower","LastBattle"],"acts_visited":["Gensokyo:Gensokyo","Gensokyo:Gensokyoer","TheBeyond","TheEnding"],"potions_floor_usage":[14,16,18,23,36,36,41,50,50,54,55,55],"damage_taken":[{"damage":0,"enemies":"Gensokyo:Python","floor":1,"turns":1},{"damage":0,"enemies":"Gensokyo:Gryphon","floor":2,"turns":1},{"damage":0,"enemies":"Gensokyo:2_Kodama","floor":4,"turns":1},{"damage":18,"enemies":"Gensokyo:Aya","floor":6,"turns":4},{"damage":0,"enemies":"Gensokyo:LivingMonolith","floor":7,"turns":2},{"damage":0,"enemies":"Gensokyo:3_Kodama","floor":10,"turns":4},{"damage":1,"enemies":"Gensokyo:Cirno","floor":11,"turns":6},{"damage":0,"enemies":"Gensokyo:5_Fairies","floor":12,"turns":2},{"damage":1,"enemies":"Gensokyo:Python_and_Kodama","floor":14,"turns":2},{"damage":0,"enemies":"Gensokyo:Reimu","floor":16,"turns":7},{"damage":24,"enemies":"Gensokyo:Chomper","floor":18,"turns":4},{"damage":0,"enemies":"Gensokyo:2_Gloops","floor":22,"turns":5},{"damage":28,"enemies":"Gensokyo:Tenshi","floor":23,"turns":6},{"damage":23,"enemies":"Gensokyo:Slime_Group","floor":27,"turns":5},{"damage":0,"enemies":"Gensokyo:Koishi","floor":28,"turns":5},{"damage":0,"enemies":"Gensokyo:Wraith","floor":29,"turns":5},{"damage":0,"enemies":"Gensokyo:Chomper_and_Gloop","floor":31,"turns":4},{"damage":0,"enemies":"Gensokyo:Eternal_Rivals","floor":33,"turns":16},{"damage":0,"enemies":"3 Shapes","floor":35,"turns":3},{"damage":29,"enemies":"2 Orb Walkers","floor":36,"turns":6},{"damage":4,"enemies":"Orb Walker","floor":37,"turns":4},{"damage":11,"enemies":"4 Shapes","floor":39,"turns":5},{"damage":0,"enemies":"R_Hoarder","floor":41,"turns":8},{"damage":5,"enemies":"Maw","floor":44,"turns":8},{"damage":10,"enemies":"strawberrySpire:EssenceStones","floor":46,"turns":3},{"damage":0,"enemies":"Spire Growth","floor":47,"turns":5},{"damage":15,"enemies":"Sphere and 2 Shapes","floor":48,"turns":5},{"damage":12,"enemies":"Time Eater","floor":50,"turns":13},{"damage":0,"enemies":"Shield and Spear","floor":54,"turns":5},{"damage":29,"enemies":"The Heart","floor":55,"turns":12}],"seed_played":"-6991921392688807390","potions_obtained":[{"floor":10,"key":"Flashbang"},{"floor":12,"key":"ColorlessPotion"},{"floor":16,"key":"AttackPotion"},{"floor":22,"key":"LiquidBronze"},{"floor":29,"key":"Energy Potion"},{"floor":31,"key":"BloodPotion"},{"floor":39,"key":"DistilledChaos"},{"floor":41,"key":"ElixirPotion"},{"floor":46,"key":"Death Potion"},{"floor":47,"key":"ColorlessPotion"},{"floor":54,"key":"Languid Potion"}],"is_trial":false,"path_per_floor":["M","M","?","M","?","E","M","$","T","M","E","M","R","M","R","B",null,"M","?","$","?","M","E","R","$","T","M","E","M","?","M","R_BF","B",null,"M","?","M","T","M","R","E","R","T","M","R","E","M","M","R_BF","B",null,"R","$","E","B",null],"character_chosen":"IRONCLAD","items_purchased":["SynthV","MerchantsRug","Technique","ArrowTower","Adrenaline Potion"],"campfire_rested":0,"item_purchase_floors":[8,20,25,53,53],"current_hp_per_floor":[80,80,72,78,78,66,72,72,72,78,80,80,80,80,80,80,80,62,62,62,62,71,49,49,49,49,39,65,71,71,72,72,72,72,72,72,72,72,72,72,72,72,72,72,72,68,72,72,72,72,72,72,72,72,56],"gold":77,"neow_bonus":"THREE_ENEMY_KILL","is_daily":false,"chose_seed":false,"campfire_upgraded":7,"win_rate":0.0,"timestamp":1608553210,"path_taken":["M","M","?","M","?","E","M","$","T","M","E","M","R","M","R","BOSS","M","?","$","?","M","E","R","?","T","M","E","?","?","M","R_BF","BOSS","M","?","M","?","M","R","E","R","T","M","R","E","?","M","R_BF","BOSS","R","$","E","BOSS"],"items_purchased_type":["Relic","Relic","Relic","Relic","Potion"],"build_version":"2020-12-13","purchased_purges":2,"victory":true,"max_hp_per_floor":[80,80,80,80,80,80,80,80,80,80,80,80,80,80,80,80,80,80,72,72,72,72,72,72,72,72,72,72,72,72,72,72,72,72,72,72,72,72,72,72,72,72,72,72,72,72,72,72,72,72,72,72,72,72,72],"card_choices":[{"not_picked":["Warcry","True Grit"],"picked":"Pommel Strike","floor":1},{"not_picked":["strawberrySpire:ZonePlayer","Run Through","Warcry","Cleave"],"picked":"SKIP","floor":2},{"not_picked":["Twin Strike","True Grit","Invigoration"],"picked":"Shrug It Off","floor":4},{"not_picked":["strawberrySpire:FireDrill","Clash","Spot Weakness"],"picked":"Armaments","floor":6},{"not_picked":["Reckless Charge","Perfected Strike","Flex"],"picked":"Barricade","floor":7},{"not_picked":["Sword Boomerang","Uppercut","Dropkick","strawberrySpire:Endurance"],"picked":"SKIP","floor":10},{"not_picked":["Absolvement","strawberrySpire:GettingOverIt","Shrug It Off"],"picked":"conspire:Charge","floor":11},{"not_picked":["Perfected Strike","ReplayTheSpireMod:Limb From Limb","Replay:Undeath\u0027s Touch"],"picked":"Entrench","floor":12},{"not_picked":["Hemokinesis","strawberrySpire:Spite","strawberrySpire:PowerStomp","Pommel Strike"],"picked":"SKIP","floor":14},{"not_picked":["MostiFishMod:FireWorks","Brutality","conspire:Purge"],"picked":"Reaper","floor":16},{"not_picked":["Replay:Undeath\u0027s Touch+1","Clash","Wild Strike","Anger"],"picked":"SKIP","floor":18},{"not_picked":["Gensokyo:EightFeetTall","Gensokyo:LochNessMonster","Gensokyo:SpontaneousHumanCombustion"],"picked":"Gensokyo:RedCapeBlueCape","floor":19},{"not_picked":["Cleave","Battle Trance","Pummel","Headbutt+1"],"picked":"SKIP","floor":22},{"not_picked":["ReplayTheSpireMod:Limb From Limb","strawberrySpire:DraftPunk+1","Seeing Red"],"picked":"ReplayTheSpireMod:Stacked","floor":23},{"not_picked":["Life Link","Sword Boomerang+1","strawberrySpire:DangerMountain"],"picked":"Shrug It Off","floor":27},{"not_picked":["Inflame+1","Combust+1","Invigoration"],"picked":"MostiFishMod:#F4004","floor":28},{"not_picked":["Headbutt+1","Run Through","Shrug It Off"],"picked":"Flame Barrier","floor":29},{"not_picked":["ReplayTheSpireMod:Muscle Training","Disarm","strawberrySpire:DangerMountain"],"picked":"Massacre","floor":31},{"not_picked":["Eclipse","MostiFishMod:#F4004","MostiFishMod:OrdinaryWorld"],"picked":"Berserk","floor":33},{"not_picked":["ReplayTheSpireMod:LeadingStrike","strawberrySpire:Endurance","ReplayTheSpireMod:Strike From Hell"],"picked":"ReplayTheSpireMod:Stacked","floor":35},{"not_picked":["True Grit","Sentinel+1","Blood for Blood+1","Battle Trance+1"],"picked":"SKIP","floor":37},{"not_picked":["Burning Pact","strawberrySpire:Endurance","Twin Strike"],"picked":"Iron Wave","floor":39},{"not_picked":["strawberrySpire:Endurance+1","Immolate","Reaper"],"picked":"Shrug It Off+1","floor":41},{"not_picked":["Pummel+1","strawberrySpire:PumpUp+1","Clothesline+1","conspire:Charge"],"picked":"SKIP","floor":44},{"not_picked":["strawberrySpire:FireDrill+1","Heavy Blade+1","Cleave","ReplayTheSpireMod:Muscle Training+1"],"picked":"SKIP","floor":46},{"not_picked":["Cleave+1","strawberrySpire:Endurance+1","conspire:Charge+1"],"picked":"Spot Weakness","floor":47},{"not_picked":["ReplayTheSpireMod:Strike From Hell+1","Shockwave","strawberrySpire:Conflagrate+1","ReplayTheSpireMod:Corrosion Curse+1"],"picked":"SKIP","floor":48},{"not_picked":["Heavy Blade+1","Inflame+1","Pummel"],"picked":"strawberrySpire:DebrisPile+1","floor":54}],"player_experience":397916,"relics_obtained":[{"floor":1,"key":"Question Card"},{"floor":6,"key":"ReplayTheSpireMod:Lightbulb"},{"floor":9,"key":"conspire:DeflatedDodgeball"},{"floor":11,"key":"halation:KoshaPiece"},{"floor":16,"key":"Gensokyo:OccultBall"},{"floor":16,"key":"ImportantClient"},{"floor":18,"key":"Gensokyo:OccultBall"},{"floor":23,"key":"Gensokyo:OccultBall"},{"floor":23,"key":"ShockBauble"},{"floor":26,"key":"Pondfish Scales"},{"floor":28,"key":"vexMod:ScavengeHelm"},{"floor":29,"key":"Gensokyo:OccultBall"},{"floor":33,"key":"Gensokyo:OccultBall"},{"floor":36,"key":"BicycleWheel"},{"floor":38,"key":"Regal Pillow"},{"floor":41,"key":"vexMod:InvisibilityCloak"},{"floor":46,"key":"ReplayTheSpireMod:TigerMarble"},{"floor":54,"key":"LastBattle"}],"event_choices":[{"damage_healed":0,"gold_gain":0,"player_choice":"Fight","damage_taken":0,"max_hp_gain":0,"max_hp_loss":0,"event_name":"Mysterious Sphere","floor":36,"gold_loss":0}],"is_beta":false,"boss_relics":[{"not_picked":["MostiFishMod:Hod","aspiration:RunicSpoon","HereWithMe"]},{"not_picked":["conspire:RunicOctahedron","Fusion Hammer","halation:PinkAlligatorPlush"]}],"items_purged_floors":[53,53],"is_endless":false,"potions_floor_spawned":[10,12,16,22,29,31,39,41,46,47,54],"ascension_level":0}}