{"host":"6pgtslebjnyv5xmi","time":1608553941,"event":{"mods":["AchievementEnabler","BaseMod","Colored Map","Minty Spire (QoL Compilation)","Rare Cards Sparkle","SuperFastMode","everything is the same but u backflip on backflip"],"gold_per_floor":[115,115,40,40,40,69,69,98,98,118,68,102,102,120,120,217,217,234,252,7,7,7,25,53,53,80,80,179,16,16,16,16,114,114,128,148,148,423,115,140,140,140,218,218,218,251,251,263,263,263,263,263,18,50,50],"floor_reached":56,"playtime":5382,"items_purged":["Strike_R","Strike_R","Strike_R","Bash","Defend_R"],"score":1538,"play_id":"28b13a0f-b847-42d5-953b-850cd09d952a","local_time":"20201221213221","is_ascension_mode":true,"campfire_choices":[{"data":"Entrench","floor":7.0,"key":"SMITH"},{"data":"Fiend Fire","floor":13.0,"key":"SMITH"},{"data":"Seeing Red","floor":15.0,"key":"SMITH"},{"data":"Barricade","floor":30.0,"key":"SMITH"},{"data":"Fire Breathing","floor":32.0,"key":"SMITH"},{"data":"Offering","floor":42.0,"key":"SMITH"},{"floor":47.0,"key":"RECALL"},{"floor":49.0,"key":"REST"},{"data":"Evolve","floor":52.0,"key":"SMITH"}],"circlet_count":0,"master_deck":["Defend_R","Entrench+1","Fiend Fire+1","Dual Wield","Offering+1","Disarm","Seeing Red+1","Barricade+1","Wild Strike","Evolve","Shrug It Off","Evolve+1","Second Wind","Fire Breathing+1","Feel No Pain+1","Shame","Second Wind","Exhume","CurseOfTheBell","Body Slam+1","Wild Strike","Wild Strike+1","Regret","Immolate","Panacea","Exhume","Feel No Pain+1"],"relics":["Burning Blood","NeowsBlessing","Blue Candle","Toy Ornithopter","Pen Nib","Gremlin Horn","HornCleat","Prayer Wheel","Empty Cage","Juzu Bracelet","PreservedInsect","MutagenicStrength","Strawberry","Calling Bell","Happy Flower","Self Forming Clay","Thread and Needle","Smiling Mask","Pear","Singing Bowl","Vajra","Nunchaku"],"acts_visited":["Exordium","TheCity","TheBeyond","TheEnding"],"potions_floor_usage":[55,55],"damage_taken":[{"damage":0.0,"enemies":"Small Slimes","floor":1.0,"turns":1.0},{"damage":0.0,"enemies":"Gremlin Nob","floor":6.0,"turns":1.0},{"damage":0.0,"enemies":"Lagavulin","floor":8.0,"turns":1.0},{"damage":17.0,"enemies":"Cultist","floor":10.0,"turns":6.0},{"damage":0.0,"enemies":"Gremlin Nob","floor":12.0,"turns":3.0},{"damage":8.0,"enemies":"2 Louse","floor":14.0,"turns":2.0},{"damage":69.0,"enemies":"The Guardian","floor":16.0,"turns":19.0},{"damage":15.0,"enemies":"Shell Parasite","floor":18.0,"turns":5.0},{"damage":25.0,"enemies":"Chosen","floor":19.0,"turns":6.0},{"damage":29.0,"enemies":"Shelled Parasite and Fungi","floor":23.0,"turns":5.0},{"damage":25.0,"enemies":"Gremlin Leader","floor":24.0,"turns":9.0},{"damage":22.0,"enemies":"Collector","floor":33.0,"turns":13.0},{"damage":12.0,"enemies":"3 Darklings","floor":35.0,"turns":7.0},{"damage":21.0,"enemies":"3 Shapes","floor":36.0,"turns":4.0},{"damage":29.0,"enemies":"Reptomancer","floor":40.0,"turns":5.0},{"damage":15.0,"enemies":"Nemesis","floor":46.0,"turns":5.0},{"damage":29.0,"enemies":"3 Darklings","floor":48.0,"turns":6.0},{"damage":44.0,"enemies":"Awakened One","floor":50.0,"turns":8.0},{"damage":43,"enemies":"Shield and Spear","floor":54,"turns":4},{"damage":42,"enemies":"The Heart","floor":55,"turns":7}],"seed_played":"1134919415279803240","potions_obtained":[{"floor":1.0,"key":"Dexterity Potion"},{"floor":10.0,"key":"Dexterity Potion"},{"floor":12.0,"key":"Regen Potion"},{"floor":18.0,"key":"FairyPotion"},{"floor":23.0,"key":"Dexterity Potion"},{"floor":33.0,"key":"FairyPotion"},{"floor":36.0,"key":"AttackPotion"},{"floor":40.0,"key":"LiquidBronze"},{"floor":46.0,"key":"GamblersBrew"}],"is_trial":false,"path_per_floor":["M","?","$","?","$","E","R","E","T","M","?","E","R","M","R","B",null,"M","M","$","?","?","M","E","?","T","?","?","$","R","$","R","B",null,"M","M","?","?","$","E","?","R","T","?","?","E","R","M","R","B",null,"R","$","E","B",null],"character_chosen":"IRONCLAD","items_purchased":["Evolve","Second Wind","Second Wind","Immolate","Panacea","Vajra","Weak Potion"],"campfire_rested":1,"item_purchase_floors":[20,20,29,39,39,53,53],"current_hp_per_floor":[80,77,77,77,77,80,80,80,80,69,69,75,75,73,73,23,80,71,52,52,52,37,14,26,26,26,33,33,33,33,33,33,17,92,86,71,71,71,71,53,53,53,63,63,107,100,100,79,111,73,111,111,111,76,50],"gold":50,"neow_bonus":"THREE_ENEMY_KILL","is_daily":false,"chose_seed":false,"campfire_upgraded":7,"win_rate":0.0,"timestamp":1608553941,"path_taken":["M","?","$","?","$","E","R","E","T","?","?","E","R","M","R","BOSS","M","M","$","?","?","M","E","?","T","?","?","$","R","?","R","BOSS","M","M","?","?","$","E","?","R","T","?","?","E","R","M","R","BOSS","R","$","E","BOSS"],"items_purchased_type":["Card","Card","Card","Card","Card","Relic","Potion"],"build_version":"2020-12-13","purchased_purges":5,"victory":true,"max_hp_per_floor":[80,80,80,80,80,80,80,80,80,80,80,80,80,80,80,80,80,80,80,80,80,85,85,85,85,85,92,92,92,92,92,92,92,92,92,92,87,87,87,87,87,87,97,97,107,109,109,111,111,111,111,111,111,113,113],"card_choices":[{"not_picked":["Sentinel","Twin Strike"],"picked":"Entrench","floor":1.0},{"not_picked":["Infernal Blade","Thunderclap"],"picked":"Fiend Fire","floor":6.0},{"not_picked":["Twin Strike","Clothesline"],"picked":"Dual Wield","floor":8.0},{"not_picked":["Dropkick","Wild Strike","Burning Pact"],"picked":"SKIP","floor":10.0},{"not_picked":["Carnage","Flex"],"picked":"Offering","floor":12.0},{"not_picked":["Sword Boomerang","True Grit"],"picked":"Disarm","floor":14.0},{"not_picked":["Thunderclap","Entrench"],"picked":"Seeing Red","floor":14.0},{"not_picked":["Brutality","Impervious"],"picked":"Barricade","floor":16.0},{"not_picked":["Clothesline","Pommel Strike"],"picked":"Wild Strike","floor":18.0},{"not_picked":["Sever Soul","True Grit","Spot Weakness"],"picked":"SKIP","floor":18.0},{"not_picked":["Wild Strike","Double Tap"],"picked":"Evolve","floor":19.0},{"not_picked":["Rage","True Grit"],"picked":"Shrug It Off","floor":19.0},{"not_picked":["Hemokinesis","Wild Strike+1"],"picked":"Fire Breathing","floor":23.0},{"not_picked":["Evolve","Rampage+1","Cleave"],"picked":"SKIP","floor":23.0},{"not_picked":["Reckless Charge","Twin Strike"],"picked":"Feel No Pain+1","floor":24.0},{"not_picked":["Barricade","Demon Form"],"picked":"Exhume","floor":33.0},{"not_picked":["Rampage+1","Flex"],"picked":"Body Slam+1","floor":35.0},{"not_picked":["Perfected Strike+1","Headbutt"],"picked":"Wild Strike","floor":35.0},{"not_picked":["Heavy Blade","Clash+1"],"picked":"Wild Strike+1","floor":36.0},{"not_picked":["Perfected Strike","Havoc+1","Searing Blow+1"],"picked":"SKIP","floor":36.0},{"not_picked":["Rupture","Thunderclap+1"],"picked":"Exhume","floor":40.0},{"not_picked":["PanicButton","Blind"],"picked":"Panache","floor":41.0},{"not_picked":["Demon Form","Wild Strike+1","Flex+1"],"picked":"Singing Bowl","floor":46.0},{"not_picked":["Anger+1","Flame Barrier+1","Rupture"],"picked":"Singing Bowl","floor":48.0},{"not_picked":["Shrug It Off","Wild Strike+1"],"picked":"Feel No Pain+1","floor":48.0},{"not_picked":["Feed","Warcry+1","Body Slam"],"picked":"Singing Bowl","floor":54}],"player_experience":328811,"relics_obtained":[{"floor":6.0,"key":"Pen Nib"},{"floor":8.0,"key":"Gremlin Horn"},{"floor":9.0,"key":"HornCleat"},{"floor":12.0,"key":"Prayer Wheel"},{"floor":24.0,"key":"PreservedInsect"},{"floor":34.0,"key":"Happy Flower"},{"floor":34.0,"key":"Self Forming Clay"},{"floor":34.0,"key":"Thread and Needle"},{"floor":40.0,"key":"Smiling Mask"},{"floor":43.0,"key":"Pear"},{"floor":46.0,"key":"Singing Bowl"},{"floor":54,"key":"Nunchaku"}],"event_choices":[{"damage_healed":0.0,"max_hp_gain":0.0,"max_hp_loss":0.0,"gold_gain":0.0,"event_name":"Scrap Ooze","player_choice":"Success","floor":2.0,"gold_loss":0.0,"damage_taken":3.0,"relics_obtained":["Blue Candle"]},{"damage_healed":0.0,"max_hp_gain":0.0,"max_hp_loss":0.0,"gold_gain":0.0,"event_name":"WeMeetAgain","player_choice":"Gave Potion","floor":4.0,"gold_loss":0.0,"damage_taken":0.0,"relics_obtained":["Toy Ornithopter"]},{"cards_removed":["Strike_R"],"damage_healed":0.0,"max_hp_gain":0.0,"max_hp_loss":0.0,"gold_gain":0.0,"event_name":"The Cleric","player_choice":"Card Removal","floor":11.0,"gold_loss":50.0,"damage_taken":0.0},{"damage_healed":0.0,"max_hp_gain":0.0,"max_hp_loss":0.0,"gold_gain":0.0,"event_name":"The Mausoleum","player_choice":"Opened","floor":21.0,"gold_loss":0.0,"damage_taken":0.0,"relics_obtained":["Juzu Bracelet"]},{"damage_healed":0.0,"max_hp_gain":5.0,"max_hp_loss":0.0,"gold_gain":0.0,"event_name":"Forgotten Altar","player_choice":"Shed Blood","floor":22.0,"gold_loss":0.0,"damage_taken":20.0},{"damage_healed":0.0,"max_hp_gain":0.0,"max_hp_loss":0.0,"gold_gain":0.0,"event_name":"Drug Dealer","player_choice":"Inject Mutagens","floor":25.0,"gold_loss":0.0,"damage_taken":0.0,"relics_obtained":["MutagenicStrength"]},{"damage_healed":0.0,"max_hp_gain":0.0,"max_hp_loss":0.0,"gold_gain":0.0,"event_name":"Addict","player_choice":"Stole Relic","floor":27.0,"gold_loss":0.0,"damage_taken":0.0,"relics_obtained":["Strawberry"],"cards_obtained":["Shame"]},{"damage_healed":0.0,"max_hp_gain":0.0,"max_hp_loss":0.0,"gold_gain":99.0,"event_name":"Nest","player_choice":"Stole From Cult","floor":28.0,"gold_loss":0.0,"damage_taken":0.0},{"damage_healed":0.0,"max_hp_gain":0.0,"max_hp_loss":5.0,"gold_gain":0.0,"event_name":"Winding Halls","player_choice":"Max HP","floor":37.0,"gold_loss":0.0,"damage_taken":0.0},{"damage_healed":0.0,"max_hp_gain":0.0,"max_hp_loss":0.0,"gold_gain":275.0,"event_name":"Golden Shrine","player_choice":"Desecrate","floor":38.0,"gold_loss":0.0,"damage_taken":0.0,"cards_obtained":["Regret"]},{"damage_healed":0.0,"max_hp_gain":0.0,"max_hp_loss":0.0,"gold_gain":0.0,"event_name":"SensoryStone","player_choice":"Memory 1","floor":41.0,"gold_loss":0.0,"damage_taken":0.0},{"cards_removed":["Defend_R"],"damage_healed":0.0,"max_hp_gain":0.0,"max_hp_loss":0.0,"gold_gain":0.0,"event_name":"Falling","player_choice":"Removed Skill","floor":44.0,"gold_loss":0.0,"damage_taken":0.0},{"cards_removed":["Panache"],"damage_healed":34.0,"max_hp_gain":10.0,"max_hp_loss":0.0,"gold_gain":0.0,"event_name":"Bonfire Elementals","player_choice":"Offered Rare","floor":45.0,"gold_loss":0.0,"damage_taken":0.0}],"is_beta":false,"boss_relics":[{"not_picked":["Velvet Choker","Ectoplasm"],"picked":"Empty Cage"},{"not_picked":["Black Star","Coffee Dripper"],"picked":"Calling Bell"}],"items_purged_floors":[3,20,29,39,53],"is_endless":false,"potions_floor_spawned":[1,10,12,18,23,33,36,40,46,48],"ascension_level":3}}