{"host":"cc187","time":1608512697,"event":{"mods":["AchievementEnabler","BaseMod","Bestiary","Colored Map","Colored Powertips","Highlight Path","Keyboard Shortcuts","Minty Spire (QoL Compilation)","Quick Restart","Rare Cards Sparkle","Relic Stats","StSLib","SuperFastMode","Synergy Search","ojb\u0027s Info Mod"],"gold_per_floor":[118,98,118,134,144,171,182,182,230,230,230],"floor_reached":10,"playtime":762,"items_purged":[],"score":133,"play_id":"2a4c6e26-8317-487c-977f-53a9d264fce5","local_time":"20201221010457","is_ascension_mode":true,"campfire_choices":[{"floor":8,"key":"REST"}],"circlet_count":0,"master_deck":["AscendersBane","Strike_G","Strike_G","Strike_G","Strike_G","Strike_G","Defend_G","Defend_G","Defend_G","Defend_G","Defend_G","Survivor","Neutralize","Dash","PiercingWail","Well Laid Plans","Poisoned Stab","All Out Attack"],"relics":["Ring of the Snake","Strawberry"],"acts_visited":["Exordium"],"potions_floor_usage":[6,10],"damage_taken":[{"damage":7,"enemies":"Small Slimes","floor":1,"turns":5},{"damage":4,"enemies":"Cultist","floor":3,"turns":5},{"damage":0,"enemies":"2 Louse","floor":4,"turns":4},{"damage":12,"enemies":"2 Fungi Beasts","floor":5,"turns":7},{"damage":29,"enemies":"3 Sentries","floor":6,"turns":15},{"damage":16,"enemies":"Lots of Slimes","floor":7,"turns":6},{"damage":32,"enemies":"Lagavulin","floor":10,"turns":7}],"seed_played":"-6251778667652863048","potions_obtained":[{"floor":1,"key":"SpeedPotion"},{"floor":2,"key":"GamblersBrew"},{"floor":3,"key":"Explosive Potion"},{"floor":7,"key":"Weak Potion"}],"is_trial":false,"path_per_floor":["M","?","M","M","M","E","M","R","T","E"],"character_chosen":"THE_SILENT","items_purchased":[],"campfire_rested":1,"item_purchase_floors":[],"current_hp_per_floor":[58,58,54,54,42,20,4,27,27,0,0],"gold":230,"neow_bonus":"TEN_PERCENT_HP_BONUS","is_daily":false,"chose_seed":false,"campfire_upgraded":0,"win_rate":0.0,"timestamp":1608512697,"path_taken":["M","?","M","M","M","E","?","R","T","E"],"items_purchased_type":[],"build_version":"2020-12-18","purchased_purges":0,"victory":false,"max_hp_per_floor":[72,72,72,72,72,79,79,79,79,79,79],"relic_stats":{"counters":[7,49],"obtain_stats":[{"Strawberry":6,"Ring of the Snake":0},{"Strawberry":5,"Ring of the Snake":0},{"Strawberry":36,"Ring of the Snake":0}],"Ring of the Snake":[14]},"card_choices":[{"not_picked":["Eviscerate","Backstab"],"picked":"Dash","floor":1},{"not_picked":["Infinite Blades","Acrobatics"],"picked":"PiercingWail","floor":3},{"not_picked":["Acrobatics","Masterful Stab"],"picked":"Well Laid Plans","floor":4},{"not_picked":["Masterful Stab","Prepared","Cloak And Dagger"],"picked":"SKIP","floor":5},{"not_picked":["Heel Hook","Underhanded Strike"],"picked":"Poisoned Stab","floor":6},{"not_picked":["Underhanded Strike","Cloak And Dagger"],"picked":"All Out Attack","floor":7}],"player_experience":821987,"relics_obtained":[{"floor":6,"key":"Strawberry"}],"event_choices":[{"damage_healed":0,"gold_gain":0,"player_choice":"Bought 1 Potion","damage_taken":0,"max_hp_gain":0,"max_hp_loss":0,"event_name":"The Woman in Blue","floor":2,"gold_loss":0}],"is_beta":true,"boss_relics":[],"items_purged_floors":[],"is_endless":false,"potions_floor_spawned":[1,3,7],"killed_by":"Lagavulin","ascension_level":18}}