{"host":"j4nfyhit1dl35m08","time":1608591787,"event":{"mods":["BaseMod","Downfall","Highlight Path","Minty Spire (QoL Compilation)","StSLib"],"gold_per_floor":[99,99,99,31,60,60,141,141,28,59,59,77,62,117,134,239,239,239,249,269,288,319,336,336,336,356,356,356,13,13,29,44,148,148,148,165,192,65,76,76,122,135,135,135,135],"floor_reached":43,"playtime":5027,"items_purged":["Regret","hexamod:Strike"],"score":484,"play_id":"c01d0766-2ea7-4112-b3bf-6ff7c135b688","local_time":"20201221170307","is_ascension_mode":false,"campfire_choices":[{"data":"hexamod:Float","floor":1,"key":"SMITH"},{"data":"hexamod:TimeWarp","floor":6,"key":"SMITH"},{"data":"hexamod:HexaLevel","floor":18,"key":"SMITH"},{"data":"hexamod:GhostOfSpirePresent","floor":25,"key":"SMITH"},{"data":"hexamod:Again","floor":27,"key":"SMITH"},{"data":"hexamod:TimeOfNeed","floor":35,"key":"SMITH"},{"floor":40,"key":"RECALL"}],"circlet_count":0,"master_deck":["hexamod:Strike","hexamod:Strike+1","hexamod:Strike","hexamod:Sear+1","hexamod:Float+1","hexamod:FirstSeal","hexamod:GhostLash+1","hexamod:TimeWarp+1","hexamod:SpectersWail+1","hexamod:BurningTouch","hexamod:FastForward","hexamod:InspiringFlames","hexamod:EmpoweredFlame","hexamod:FastForward","hexamod:EtherealExpedition","hexamod:GhostOfSpirePresent+1","hexamod:HexaLevel+1","hexamod:ExtraCrispy","hexamod:Again+1","hexamod:GhostflameBarrier","Ghostly+1","Ghostly+1","Ghostly","hexamod:AdvancingGuard+1","hexamod:GhostOfSpireFuture","hexamod:TimeOfNeed+1","hexamod:EmpoweringStance","hexamod:SixthSeal","hexamod:TimeOfNeed+1","hexamod:FastForward+1"],"relics":["hexamod:SpiritBrand","downfall:HeartsMalice","Meat on the Bone","Singing Bowl","Torii","GremlinMask","The Courier","hexamod:IceCube","hexamod:SoulConsumer","hexamod:MatchstickCase","Membership Card","Bronze Scales","Whetstone","Nunchaku","downfall:RedIOU","Black Star","War Paint","MealTicket","DollysMirror"],"acts_visited":["Exordium","TheCity","TheBeyond"],"potions_floor_usage":[22,22,33,37,38,43,43,43],"damage_taken":[{"damage":0,"enemies":"downfall:FleeingMerchant","floor":4,"turns":1},{"damage":0,"enemies":"3 Sentries","floor":5,"turns":1},{"damage":0,"enemies":"Small Slimes","floor":8,"turns":1},{"damage":8,"enemies":"downfall:FleeingMerchant","floor":9,"turns":4},{"damage":10,"enemies":"Lagavulin","floor":10,"turns":6},{"damage":1,"enemies":"Jaw Worm","floor":12,"turns":2},{"damage":2,"enemies":"downfall:FleeingMerchant","floor":13,"turns":4},{"damage":11,"enemies":"3 Sentries","floor":14,"turns":5},{"damage":0,"enemies":"Cultist","floor":15,"turns":3},{"damage":33,"enemies":"downfall:Ironclad","floor":16,"turns":7},{"damage":8,"enemies":"Shell Parasite","floor":19,"turns":4},{"damage":2,"enemies":"Centurion and Healer","floor":20,"turns":5},{"damage":7,"enemies":"Sentry and Sphere","floor":21,"turns":5},{"damage":54,"enemies":"Slavers","floor":22,"turns":6},{"damage":30,"enemies":"Snake Plant","floor":23,"turns":4},{"damage":2,"enemies":"Snecko","floor":26,"turns":4},{"damage":0,"enemies":"downfall:FleeingMerchant","floor":29,"turns":4},{"damage":1,"enemies":"Cultist and Chosen","floor":31,"turns":4},{"damage":6,"enemies":"Centurion and Healer","floor":32,"turns":4},{"damage":19,"enemies":"downfall:Silent","floor":33,"turns":7},{"damage":8,"enemies":"Orb Walker","floor":36,"turns":4},{"damage":41,"enemies":"Nemesis","floor":37,"turns":9},{"damage":0,"enemies":"downfall:FleeingMerchant","floor":38,"turns":4},{"damage":1,"enemies":"3 Shapes","floor":39,"turns":5},{"damage":10,"enemies":"Writhing Mass","floor":42,"turns":6},{"damage":45,"enemies":"Giant Head","floor":43,"turns":6}],"seed_played":"5588072223790620716","potions_obtained":[{"floor":5,"key":"sneckomod:MuddlingPotion"},{"floor":10,"key":"hexamod:DoubleChargePotion"},{"floor":16,"key":"SpeedPotion"},{"floor":26,"key":"sneckomod:MuddlingPotion"},{"floor":32,"key":"Energy Potion"},{"floor":33,"key":"Weak Potion"},{"floor":39,"key":"Dexterity Potion"},{"floor":42,"key":"AttackPotion"}],"is_trial":false,"path_per_floor":["R","?","?","$","E","R","T","M","$","E","?","M","$","?","M","B",null,"R","M","M","M","E","M","T","R","M","R","?","$","?","M","M","B",null,"R","M","E","$","M","R","T","M","E"],"character_chosen":"THE_SPIRIT","items_purchased":["hexamod:TimeWarp","hexamod:InspiringFlames","Membership Card","Bronze Scales","Whetstone","Nunchaku","ColorlessPotion","DollysMirror"],"campfire_rested":0,"item_purchase_floors":[4,9,29,29,29,29,29,38],"current_hp_per_floor":[70,70,63,63,63,63,63,63,62,59,59,65,70,61,61,47,72,72,71,72,74,39,30,30,30,42,42,39,41,41,40,41,29,41,41,42,20,42,43,43,43,40,0,0,0],"gold":135,"neow_bonus":"THREE_ENEMY_KILL","is_daily":false,"chose_seed":false,"campfire_upgraded":6,"win_rate":0.0,"timestamp":1608591787,"path_taken":["R","?","?","?","E","R","T","M","$","E","?","?","?","?","M","BOSS","R","M","M","M","E","M","T","R","M","R","?","$","?","M","M","BOSS","R","M","E","$","M","R","T","M","E"],"items_purchased_type":["Card","Card","Relic","Relic","Relic","Relic","Potion","Relic"],"build_version":"2020-12-13","purchased_purges":2,"victory":false,"max_hp_per_floor":[70,70,70,70,70,70,70,70,70,70,70,70,70,72,72,72,72,72,72,72,74,74,76,76,76,78,78,39,41,41,41,41,41,41,41,43,43,43,45,45,45,45,45,45,45],"card_choices":[{"not_picked":["hexamod:PhantomCloak","hexamod:InspiringFlames"],"picked":"hexamod:GhostLash","floor":4},{"not_picked":["hexamod:FastForward","hexamod:Hexaguard"],"picked":"hexamod:SpectersWail","floor":5},{"not_picked":["hexamod:GhostShield","hexamod:Firestarter"],"picked":"hexamod:BurningTouch","floor":8},{"not_picked":["hexamod:PhantomCloak","hexamod:ShieldOfDarkness"],"picked":"hexamod:FastForward","floor":9},{"not_picked":["hexamod:RainOfEmbers","hexamod:ThermalTransfer"],"picked":"hexamod:EmpoweredFlame","floor":10},{"not_picked":["hexamod:EtherealExpedition","hexamod:Firestarter"],"picked":"hexamod:FastForward","floor":12},{"not_picked":["hexamod:InspiringFlames","hexamod:BacktrackSmack"],"picked":"hexamod:EtherealExpedition","floor":13},{"not_picked":["hexamod:Haunt","hexamod:BurningTouch","hexamod:ThermalTransfer"],"picked":"Singing Bowl","floor":14},{"not_picked":["hexamod:SoulSteal","hexamod:RetreatToShadows"],"picked":"hexamod:GhostOfSpirePresent","floor":15},{"not_picked":["hexamod:WildfireWeapon","hexamod:TimeOfNeed"],"picked":"hexamod:HexaLevel","floor":16},{"not_picked":["hexamod:BurningTouch+1","hexamod:InspiringFlames"],"picked":"hexamod:ExtraCrispy","floor":19},{"not_picked":["hexamod:RetreatToShadows","hexamod:Hexaguard+1"],"picked":"hexamod:Again","floor":20},{"not_picked":["hexamod:Firestarter","hexamod:GhostShield","hexamod:RainOfEmbers"],"picked":"Singing Bowl","floor":21},{"not_picked":["hexamod:ChargedBarrage","hexamod:ShieldOfDarkness"],"picked":"hexamod:GhostflameBarrier","floor":22},{"not_picked":["hexamod:Rewind+1","hexamod:GhostflameBarrier","hexamod:ShieldOfDarkness"],"picked":"Singing Bowl","floor":23},{"not_picked":["hexamod:SkipABeat","hexamod:Incineration","hexamod:RetreatToShadows"],"picked":"Singing Bowl","floor":26},{"not_picked":["hexamod:NightmareStrike+1","hexamod:SpectersWail","hexamod:CatchUp"],"picked":"Singing Bowl","floor":29},{"not_picked":["hexamod:WildfireWeapon","hexamod:Hexaguard"],"picked":"hexamod:AdvancingGuard+1","floor":31},{"not_picked":["hexamod:GhostflameBarrier","hexamod:GhostOfSpirePast+1"],"picked":"hexamod:GhostOfSpireFuture","floor":32},{"not_picked":["hexamod:TurnItUp","hexamod:ParanormalForm"],"picked":"hexamod:TimeOfNeed","floor":33},{"not_picked":["hexamod:ShieldOfDarkness","hexamod:NightmareStrike","hexamod:SecondSeal"],"picked":"Singing Bowl","floor":36},{"not_picked":["hexamod:Firestarter+1","hexamod:SpectralAdrenaline"],"picked":"hexamod:EmpoweringStance","floor":37},{"not_picked":["hexamod:Again","hexamod:Hexaguard+1"],"picked":"hexamod:SixthSeal","floor":38},{"not_picked":["hexamod:RainOfEmbers","hexamod:HauntingEcho","hexamod:ExtraCrispy"],"picked":"Singing Bowl","floor":39},{"not_picked":["hexamod:SwordOfDarkness+1","hexamod:Firestarter+1"],"picked":"hexamod:FastForward+1","floor":42}],"player_experience":340679,"relics_obtained":[{"floor":5,"key":"Meat on the Bone"},{"floor":7,"key":"Singing Bowl"},{"floor":10,"key":"Torii"},{"floor":14,"key":"The Courier"},{"floor":22,"key":"hexamod:SoulConsumer"},{"floor":24,"key":"hexamod:MatchstickCase"},{"floor":37,"key":"War Paint"},{"floor":37,"key":"MealTicket"}],"event_choices":[{"damage_healed":0,"gold_gain":0,"player_choice":"Box","damage_taken":0,"relics_obtained":["Boot"],"max_hp_gain":0,"max_hp_loss":0,"event_name":"Big Fish","floor":2,"gold_loss":0,"cards_obtained":["Regret"]},{"damage_healed":0,"gold_gain":0,"player_choice":"Trade","damage_taken":0,"relics_obtained":["GremlinMask"],"max_hp_gain":0,"max_hp_loss":0,"event_name":"FaceTrader","floor":11,"gold_loss":0}],"is_beta":false,"boss_relics":[{"not_picked":["Fusion Hammer","Calling Bell"],"picked":"hexamod:IceCube"},{"not_picked":["Runic Dome","Pandora\u0027s Box"],"picked":"Black Star"}],"items_purged_floors":[9,38],"is_endless":false,"potions_floor_spawned":[5,10,16,19,26,32,33,39,42],"killed_by":"Giant Head","ascension_level":0}}