{"host":"yy8mitdds7tg9c5m","time":1608577888,"event":{"mods":["Act Like it!","AlwaysNeverKeys","BaseMod","Better Note","Better Third Choice","Duelist Mod","GifTheSpireLib","Infinite Spire","Minty Spire (QoL Compilation)","Permanent Neow","Quick Restart","StSLib","egg"],"gold_per_floor":[136,149,149,166,186,186,220,220],"floor_reached":7,"playtime":367,"items_purged":[],"score":106,"play_id":"c3471223-bf36-419e-be38-3b8d66d5da67","local_time":"20201221151128","is_ascension_mode":true,"campfire_choices":[{"data":"theDuelist:UltraPolymerization","floor":6,"key":"SMITH"}],"circlet_count":0,"master_deck":["theDuelist:ArchfiendSoldier","theDuelist:ArmoredZombie","AscendersBane","theDuelist:CastleWalls","theDuelist:CastleWalls","theDuelist:ClownZombie","theDuelist:PatricianDarkness","theDuelist:ShallowGrave","theDuelist:Sparks","theDuelist:SummonedSkull","Shame","theDuelist:UltraPolymerization+1","theDuelist:Chewbone","theDuelist:Mausoleum","theDuelist:Lajinn"],"relics":["theDuelist:MillenniumPuzzle","theDuelist:CardPoolRelic","theDuelist:CardPoolBasicRelic","theDuelist:BoosterPackPoolRelic","theDuelist:CardPoolAddRelic","theDuelist:CardPoolMinusRelic","theDuelist:CardPoolSaveRelic","theDuelist:CardPoolOptionsRelic","Tiny Chest"],"acts_visited":["Exordium"],"potions_floor_usage":[7],"damage_taken":[{"damage":0,"enemies":"Small Slimes","floor":1,"turns":2},{"damage":0,"enemies":"Cultist","floor":2,"turns":3},{"damage":0,"enemies":"2 Louse","floor":4,"turns":2},{"damage":18,"enemies":"Exordium Wildlife","floor":5,"turns":5},{"damage":23,"enemies":"Lagavulin","floor":7,"turns":7}],"seed_played":"7350941211961762826","potions_obtained":[{"floor":5,"key":"theDuelist:DebuffArmorPotion"},{"floor":7,"key":"theDuelist:StunPotion"}],"is_trial":false,"path_per_floor":["M","M","?","M","M","R","E"],"character_chosen":"THE_DUELIST","items_purchased":[],"campfire_rested":0,"item_purchase_floors":[],"current_hp_per_floor":[63,63,63,63,45,45,22,22],"gold":220,"neow_bonus":"THREE_RARE_CARDS","is_daily":false,"chose_seed":false,"campfire_upgraded":1,"win_rate":0.0,"timestamp":1608577888,"path_taken":["M","M","?","M","?","R","E"],"items_purchased_type":[],"build_version":"2020-12-13","purchased_purges":0,"victory":false,"max_hp_per_floor":[70,70,70,70,70,70,70,70],"card_choices":[{"not_picked":["theDuelist:DecayedCommander","theDuelist:InstantFusion"],"picked":"theDuelist:UltraPolymerization","floor":0},{"not_picked":["theDuelist:SouleatingOviraptor","theDuelist:OvertexQoatlus","theDuelist:FossilSkullknight","theDuelist:FossilSkullKing"],"picked":"theDuelist:Chewbone","floor":1},{"not_picked":["theDuelist:GhostrickVanish","theDuelist:GhostrickParade","theDuelist:GhostrickMuseum","theDuelist:VendreadReunion","theDuelist:RobbinZombie"],"picked":"SKIP","floor":2},{"not_picked":["theDuelist:BeastTalwar","theDuelist:SummonedSkull","theDuelist:Mezuki","theDuelist:DesLacooda","theDuelist:Hajun"],"picked":"SKIP","floor":4},{"not_picked":["theDuelist:VampireDuke","theDuelist:FiendMegacyber","theDuelist:Yasha","theDuelist:DarkHunter"],"picked":"theDuelist:Lajinn","floor":5}],"player_experience":270344,"relics_obtained":[{"floor":7,"key":"Tiny Chest"}],"event_choices":[{"damage_healed":0,"gold_gain":0,"cards_transformed":["theDuelist:Sparks"],"player_choice":"Transformed","damage_taken":0,"max_hp_gain":0,"max_hp_loss":0,"event_name":"Transmorgrifier","floor":3,"gold_loss":0,"cards_obtained":["theDuelist:Mausoleum"]}],"is_beta":false,"boss_relics":[],"items_purged_floors":[],"is_endless":false,"potions_floor_spawned":[5,7],"killed_by":"Lagavulin","ascension_level":20}}