{"host":"zhypnm5xlgq8j242","time":1608517635,"event":{"mods":["AchievementEnabler","BaseMod","BetterRewards","Colored Powertips","Hermit","Keyboard Shortcuts","Minty Spire (QoL Compilation)","Quick Restart","Replay The Spire","Shop Mod","StSLib","The Cursed","The Hierophant","The Runesmith"],"gold_per_floor":[115,130,1,1,1,26,26,26,49,77,90,13,46,59,59,164,164,178,194,208,298,310,345,361,390,390,37,64,84,54,65,65,168,168,188,188,200,218,229,258,258,286,286,69,80,107,107,121,121,121],"floor_reached":51,"playtime":8845,"items_purged":["Strike_R"],"score":1180,"play_id":"f8f2f87c-3ad9-4f08-956b-a4a78573cd3f","local_time":"20201221112715","is_ascension_mode":true,"campfire_choices":[{"data":"Flex","floor":8.0,"key":"SMITH"},{"floor":15.0,"key":"DIG"},{"data":"Pummel","floor":32.0,"key":"SMITH"},{"data":"Berserk","floor":41,"key":"SMITH"},{"floor":49,"key":"REST"}],"circlet_count":0,"master_deck":["Strike_R+1","Strike_R+1","Strike_R+1","Defend_R+1","Defend_R+1","Defend_R+1","Defend_R+1","Bash+1","Uppercut+1","Heavy Blade+1","Flex+1","Heavy Blade+1","Whirlwind+1","Shrug It Off+1","Inflame+1","Flame Barrier+1","Seeing Red+1","Feed+1","Seeing Red+1","Pummel+1","Ghostly Armor+1","Shrug It Off+1","Inflame+1","Exhume+1","Cleave+1","Spot Weakness+1","Pommel Strike+1","Evolve+1","Evolve+1","Warcry+1","Offering+1","Pummel+1","Impatience+1","Trip+1","Panacea+1","Infernal Blade+1","Pummel+1","Flame Barrier+1","Berserk+1","Dual Wield+1","Heavy Blade+1","Parasite","Defy Death+1","Replay:Undeath\u0027s Touch+1","Warcry+1"],"relics":["Burning Blood","NeowsBlessing","Anchor","Art of War","Another Sword","ReplayTheSpireMod:Ninjato","Replay:Wax Seal","Honey Jar","Divine Protection","CaptainsWheel","Blue Candle","Membership Card","Happy Flower","Shuriken","Onion Ring","Mark of Pain","Gremlin Horn","Champion Belt","Replay:WaspNest","HandDrill","Runesmith:AutoHammer","White Beast Statue","Mark of the Bloom"],"acts_visited":["Exordium","TheCity","TheBeyond"],"potions_floor_usage":[39,45,45,48,50,50],"damage_taken":[{"damage":0.0,"enemies":"Cultist","floor":1.0,"turns":1.0},{"damage":0.0,"enemies":"Jaw Worm","floor":2.0,"turns":1.0},{"damage":0.0,"enemies":"Replay:BlueRogue","floor":6.0,"turns":1.0},{"damage":20.0,"enemies":"3 Sentries","floor":10.0,"turns":7.0},{"damage":0.0,"enemies":"Small Slimes","floor":11.0,"turns":2.0},{"damage":11.0,"enemies":"Lagavulin","floor":13.0,"turns":7.0},{"damage":3.0,"enemies":"Blue Slaver","floor":14.0,"turns":2.0},{"damage":62.0,"enemies":"Fading Forest","floor":16.0,"turns":11.0},{"damage":9.0,"enemies":"2 Thieves","floor":18.0,"turns":4.0},{"damage":0.0,"enemies":"Chosen","floor":19.0,"turns":4.0},{"damage":6.0,"enemies":"Centurion and Healer","floor":20.0,"turns":4.0},{"damage":4.0,"enemies":"Chosen and Byrds","floor":22.0,"turns":4.0},{"damage":18.0,"enemies":"Slavers","floor":23.0,"turns":6.0},{"damage":4.0,"enemies":"3 Cultists","floor":24.0,"turns":6.0},{"damage":33.0,"enemies":"Gremlin Leader","floor":25.0,"turns":5.0},{"damage":2.0,"enemies":"Slavers","floor":28.0,"turns":5.0},{"damage":0.0,"enemies":"Snecko","floor":29.0,"turns":4.0},{"damage":0.0,"enemies":"Centurion and Healer","floor":31.0,"turns":4.0},{"damage":28.0,"enemies":"Automaton","floor":33.0,"turns":8.0},{"damage":0,"enemies":"3 Shapes","floor":35,"turns":4},{"damage":0,"enemies":"3 Darklings","floor":37,"turns":2},{"damage":0,"enemies":"Sphere and 2 Shapes","floor":38,"turns":3},{"damage":20,"enemies":"Maw","floor":39,"turns":5},{"damage":0,"enemies":"R_Hoarder","floor":40,"turns":5},{"damage":0,"enemies":"Reptomancer","floor":42,"turns":2},{"damage":0,"enemies":"Writhing Mass","floor":45,"turns":3},{"damage":6,"enemies":"Giant Head","floor":46,"turns":5},{"damage":0,"enemies":"Sphere and 2 Shapes","floor":48,"turns":1},{"damage":32,"enemies":"Time Eater","floor":50,"turns":6}],"seed_played":"1356169966284929083","potions_obtained":[{"floor":2.0,"key":"PowerPotion"},{"floor":6.0,"key":"Adrenaline Potion"},{"floor":13.0,"key":"DuplicationPotion"},{"floor":19.0,"key":"Languid Potion"},{"floor":20.0,"key":"AttackPotion"},{"floor":25.0,"key":"Weak Potion"},{"floor":28.0,"key":"Weak Potion"},{"floor":42,"key":"Adrenaline Potion"},{"floor":46,"key":"Regen Potion"},{"floor":48,"key":"SteroidPotion"}],"is_trial":false,"path_per_floor":["M","M","$","?","$","E","?","R","T","E","M","$","E","M","R","B",null,"M","M","M","?","M","E","M","E","T","$","E","M","$","M","R","B",null,"M","?","M","M","M","E","R","E","T","$","M","E","?","M","R","B",null],"character_chosen":"IRONCLAD","items_purchased":["Flex","Inflame","Membership Card","Happy Flower","Shuriken","Evolve","HandDrill","Heavy Blade","Fruit Juice","Runesmith:AutoHammer"],"campfire_rested":1,"item_purchase_floors":[3,12,27,27,27,30,44,44,44,44],"current_hp_per_floor":[78,80,80,73,73,79,79,79,79,65,71,71,66,69,69,13,63,60,66,69,57,59,50,55,28,28,28,32,38,38,47,47,25,75,84,74,83,89,75,81,81,87,87,87,98,98,98,98,98,66],"gold":121,"neow_bonus":"THREE_ENEMY_KILL","is_daily":false,"chose_seed":false,"campfire_upgraded":3,"win_rate":0.0,"timestamp":1608517635,"path_taken":["M","M","?","?","$","E","?","R","T","E","M","?","E","M","R","BOSS","M","M","M","?","?","E","M","E","T","$","E","M","?","M","R","BOSS","BOSS","M","?","M","M","M","E","R","E","T","$","M","E","?","M","R","BOSS"],"items_purchased_type":["Card","Card","Relic","Relic","Relic","Card","Relic","Card","Potion","Relic"],"build_version":"2020-12-13","purchased_purges":1,"victory":true,"max_hp_per_floor":[80,80,80,80,80,80,80,80,80,80,80,80,80,80,80,80,80,80,80,83,83,83,86,89,89,89,89,89,89,89,92,92,92,92,95,95,98,98,98,98,98,98,98,98,103,103,103,103,103,103],"card_choices":[{"not_picked":["Perfected Strike","Spot Weakness"],"picked":"Uppercut","floor":1.0},{"not_picked":["Sword Boomerang","Pommel Strike"],"picked":"Heavy Blade","floor":2.0},{"not_picked":["Disarm","Searing Blow"],"picked":"ReplayReversal","floor":6.0},{"not_picked":["Clothesline","Cleave"],"picked":"Whirlwind","floor":10.0},{"not_picked":["Body Slam","Headbutt"],"picked":"Shrug It Off","floor":11.0},{"not_picked":["ReplayTheSpireMod:Strike From Hell","Iron Wave"],"picked":"Flame Barrier","floor":13.0},{"not_picked":["Wild Strike","Carnage"],"picked":"Seeing Red","floor":14.0},{"not_picked":["Barricade","Bludgeon"],"picked":"Feed","floor":16.0},{"not_picked":["Clothesline","Twin Strike","Warcry"],"picked":"Seeing Red+1","floor":18.0},{"not_picked":["Shrug It Off","ReplayTheSpireMod:Muscle Training","Iron Wave"],"picked":"Pummel","floor":19.0},{"not_picked":["Shrug It Off","Life Link","Iron Wave"],"picked":"Ghostly Armor","floor":20.0},{"not_picked":["True Grit","Fiend Fire","Body Slam"],"picked":"Shrug It Off+1","floor":22.0},{"not_picked":["ReplayTheSpireMod:Corrosion Curse","Rage","Clothesline"],"picked":"Inflame+1","floor":23.0},{"not_picked":["Clothesline","ReplayReversal+1","Shockwave"],"picked":"Exhume","floor":24.0},{"not_picked":["Wild Strike","Anger+1","ReplayTheSpireMod:Strike From Hell"],"picked":"Cleave+1","floor":25.0},{"not_picked":["Searing Blow","Thunderclap+1","Flex"],"picked":"Spot Weakness+1","floor":28.0},{"not_picked":["Cleave+1","Havoc","Brutality"],"picked":"Pommel Strike","floor":29.0},{"not_picked":["Massacre","Headbutt","Wild Strike"],"picked":"Warcry","floor":31.0},{"not_picked":["Corruption","Bludgeon","Demonic Infusion"],"picked":"Offering","floor":33},{"not_picked":["Replay:Undeath\u0027s Touch+1","Body Slam","True Grit+1"],"picked":"Pummel+1","floor":35},{"not_picked":["PanicButton","Crow Ritual","Specialist"],"picked":"Impatience","floor":36},{"not_picked":["Purity","Impatience","Dark Shackles"],"picked":"Trip","floor":36},{"not_picked":["Forethought","Deep Breath","Discovery"],"picked":"Panacea","floor":36},{"not_picked":["Havoc","Metallicize+1","Massacre+1"],"picked":"Infernal Blade","floor":37},{"not_picked":["Twin Strike","Perfected Strike","Intimidate"],"picked":"Pummel","floor":38},{"not_picked":["Headbutt+1","Shrug It Off","Clash"],"picked":"Flame Barrier+1","floor":39},{"not_picked":["Offering","Intimidate","Metallicize+1"],"picked":"Berserk","floor":40},{"not_picked":["Intimidate","Replay:Undeath\u0027s Touch","Barricade"],"picked":"Dual Wield+1","floor":42},{"not_picked":["Shrug It Off","Whirlwind","Carnage"],"picked":"Defy Death","floor":45},{"not_picked":["Run Through+1","Bludgeon","Body Slam"],"picked":"Replay:Undeath\u0027s Touch","floor":46},{"not_picked":["Second Wind+1","Wild Strike","ReplayTheSpireMod:Strike From Hell"],"picked":"Warcry+1","floor":48}],"player_experience":577314,"relics_obtained":[{"floor":6.0,"key":"Anchor"},{"floor":9.0,"key":"Art of War"},{"floor":10.0,"key":"Another Sword"},{"floor":13.0,"key":"ReplayTheSpireMod:Ninjato"},{"floor":15.0,"key":"Replay:Wax Seal"},{"floor":23.0,"key":"Divine Protection"},{"floor":25.0,"key":"CaptainsWheel"},{"floor":26.0,"key":"Blue Candle"},{"floor":28.0,"key":"Onion Ring"},{"floor":40,"key":"Gremlin Horn"},{"floor":42,"key":"Champion Belt"},{"floor":43,"key":"Replay:WaspNest"},{"floor":46,"key":"White Beast Statue"}],"event_choices":[{"cards_removed":["Strike_R"],"damage_healed":0.0,"max_hp_gain":0.0,"max_hp_loss":0.0,"gold_gain":0.0,"event_name":"Golden Wing","player_choice":"Card Removal","floor":4.0,"gold_loss":0.0,"damage_taken":7.0},{"damage_healed":0.0,"max_hp_gain":0.0,"max_hp_loss":0.0,"gold_gain":90.0,"event_name":"Knowing Skull","player_choice":"GOLD ","floor":21.0,"potions_obtained":[],"gold_loss":0.0,"damage_taken":12.0,"cards_obtained":[]},{"damage_healed":0,"gold_gain":0,"player_choice":"Memory 3","damage_taken":10,"max_hp_gain":0,"max_hp_loss":0,"event_name":"SensoryStone","floor":36,"gold_loss":0},{"damage_healed":0,"gold_gain":0,"player_choice":"Upgrade","damage_taken":0,"relics_obtained":["Mark of the Bloom"],"max_hp_gain":0,"max_hp_loss":0,"event_name":"MindBloom","floor":47,"gold_loss":0,"cards_upgraded":["Strike_R","Strike_R","Strike_R","Defend_R","Defend_R","Defend_R","Defend_R","Bash","Uppercut","Heavy Blade","Whirlwind","Shrug It Off","Inflame","Flame Barrier","Seeing Red","Feed","Ghostly Armor","Exhume","Pommel Strike","Evolve","Evolve","Warcry","Offering","Impatience","Trip","Panacea","Infernal Blade","Pummel","Heavy Blade","Defy Death","Replay:Undeath\u0027s Touch"]}],"is_beta":false,"boss_relics":[{"not_picked":["Black Star","Velvet Choker"],"picked":"Honey Jar"},{"not_picked":["Philosopher\u0027s Stone","Calling Bell"],"picked":"Mark of Pain"}],"items_purged_floors":[3],"is_endless":false,"potions_floor_spawned":[2,6,13,19,20,25,28,42,46,48],"ascension_level":6}}