{"host":"sav7uxregyirlf69","time":1608537688,"event":{"mods":["AchievementEnabler","BaseMod","Colored Map","DeckTracker","Keyboard Shortcuts","Minty Spire (QoL Compilation)","READ ME - Guardian Mod","StSLib","SuperFastMode"],"gold_per_floor":[115,125,125,125,138,138,149,74,74,84,113,113,136,146,146,246,246,258,258,168,168],"floor_reached":20,"playtime":344,"items_purged":["Strike_R"],"score":261,"play_id":"4c6eadf3-5e28-495f-b656-6c7b00df12d5","local_time":"20201221170128","is_ascension_mode":true,"campfire_choices":[{"data":"Bash","floor":6.0,"key":"SMITH"},{"data":"Fire Breathing","floor":12.0,"key":"SMITH"},{"data":"Wild Strike","floor":15.0,"key":"SMITH"}],"circlet_count":0,"master_deck":["AscendersBane","Strike_R","Strike_R","Defend_R","Defend_R","Defend_R","Defend_R","Bash+1","Thunderclap","True Grit+1","Twin Strike","Metallicize","Fire Breathing+1","Wild Strike+1","Demon Form","Sword Boomerang"],"relics":["Burning Blood","Matryoshka","Du-Vu Doll","Odd Mushroom","Black Star"],"acts_visited":["Exordium","TheCity"],"potions_floor_usage":[16,20],"damage_taken":[{"damage":6.0,"enemies":"Jaw Worm","floor":1.0,"turns":5.0},{"damage":5.0,"enemies":"Small Slimes","floor":2.0,"turns":5.0},{"damage":1.0,"enemies":"Cultist","floor":5.0,"turns":4.0},{"damage":7.0,"enemies":"Looter","floor":7.0,"turns":4.0},{"damage":27.0,"enemies":"Large Slime","floor":10.0,"turns":8.0},{"damage":26.0,"enemies":"Gremlin Nob","floor":11.0,"turns":4.0},{"damage":10.0,"enemies":"The Mushroom Lair","floor":13.0,"turns":5.0},{"damage":5.0,"enemies":"Red Slaver","floor":14.0,"turns":5.0},{"damage":24,"enemies":"Hexaghost","floor":16,"turns":9},{"damage":41,"enemies":"Shell Parasite","floor":18,"turns":6},{"damage":48,"enemies":"2 Thieves","floor":20,"turns":3}],"seed_played":"-2267682425196627165","potions_obtained":[{"floor":1.0,"key":"ElixirPotion"},{"floor":11.0,"key":"Regen Potion"},{"floor":14.0,"key":"LiquidBronze"},{"floor":16,"key":"PowerPotion"}],"is_trial":false,"path_per_floor":["M","M","?","?","M","R","M","$","T","M","E","R","?","M","R","B",null,"M","?","M"],"character_chosen":"IRONCLAD","items_purchased":[],"campfire_rested":0,"item_purchase_floors":[],"current_hp_per_floor":[72,72,77,77,77,77,76,76,76,55,35,35,31,32,32,14,61,26,26,0,0],"gold":168,"neow_bonus":"REMOVE_TWO","is_daily":false,"chose_seed":false,"campfire_upgraded":3,"win_rate":0.0,"timestamp":1608537688,"path_taken":["M","M","?","?","M","R","M","?","T","?","E","R","?","M","R","BOSS","M","?","M"],"items_purchased_type":[],"build_version":"2020-12-13","purchased_purges":1,"victory":false,"max_hp_per_floor":[72,72,77,77,77,77,77,77,77,77,77,77,77,77,77,77,77,77,77,77,77],"card_choices":[{"not_picked":["Inflame","Searing Blow"],"picked":"Thunderclap","floor":1.0},{"not_picked":["Headbutt","Warcry"],"picked":"True Grit","floor":2.0},{"not_picked":["Wild Strike","Body Slam","Ghostly Armor"],"picked":"SKIP","floor":5.0},{"not_picked":["Perfected Strike","Combust"],"picked":"Twin Strike","floor":7.0},{"not_picked":["Corruption","Warcry"],"picked":"Metallicize","floor":10.0},{"not_picked":["Pommel Strike","Bloodletting"],"picked":"Fire Breathing","floor":11.0},{"not_picked":["Pommel Strike","Shrug It Off"],"picked":"Wild Strike","floor":13.0},{"not_picked":["Clash","Berserk","Metallicize"],"picked":"SKIP","floor":14.0},{"not_picked":["Exhume","Impervious"],"picked":"Demon Form","floor":16},{"not_picked":["Rage+1","Battle Trance"],"picked":"Sword Boomerang","floor":18}],"player_experience":977357,"relics_obtained":[{"floor":9.0,"key":"Matryoshka"},{"floor":11.0,"key":"Du-Vu Doll"},{"floor":13.0,"key":"Odd Mushroom"}],"event_choices":[{"damage_healed":0.0,"max_hp_gain":5.0,"max_hp_loss":0.0,"gold_gain":0.0,"event_name":"Big Fish","player_choice":"Donut","floor":3.0,"gold_loss":0.0,"damage_taken":0.0},{"damage_healed":0.0,"max_hp_gain":0.0,"max_hp_loss":0.0,"gold_gain":0.0,"event_name":"Living Wall","player_choice":"Grow","floor":4.0,"gold_loss":0.0,"damage_taken":0.0,"cards_upgraded":["True Grit"]},{"damage_healed":0.0,"max_hp_gain":0.0,"max_hp_loss":0.0,"gold_gain":0.0,"event_name":"Mushrooms","player_choice":"Fought Mushrooms","floor":13.0,"gold_loss":0.0,"damage_taken":0.0},{"damage_healed":0,"gold_gain":0,"player_choice":"Ignored","damage_taken":0,"max_hp_gain":0,"max_hp_loss":0,"event_name":"Vampires","floor":19,"gold_loss":0}],"is_beta":false,"boss_relics":[{"not_picked":["Tiny House","Busted Crown"],"picked":"Black Star"}],"items_purged_floors":[8],"is_endless":false,"potions_floor_spawned":[1,11,14,16],"killed_by":"2 Thieves","ascension_level":10}}