{"host":"naykp6d9ulahlwib","time":1608583423,"event":{"mods":["BaseMod","Highlight Path","Minty Spire (QoL Compilation)","Shop Mod","StSLib"],"gold_per_floor":[210,45,45,62,62,62,82,82,109,133,157,198,210,222,234,325,337,333,345,374,386,410,422,28,43,43,43,71,106,106,119,119,190,190,209,159,159,177,223,248,259,259,285,301,196,196,196,231,231,231,231,231,41,75,75],"floor_reached":56,"playtime":6261,"items_purged":["Writhe","Nirvana","Strike_P"],"score":2115,"play_id":"97e72b43-37b0-4fd3-9bef-69c13706b662","local_time":"20201221144343","is_ascension_mode":true,"campfire_choices":[{"data":"Apotheosis","floor":6.0,"key":"SMITH"},{"floor":8.0,"key":"REST"},{"data":"Scrawl","floor":15.0,"key":"SMITH"},{"data":"Alpha","floor":23.0,"key":"SMITH"},{"data":"Secret Technique","floor":27.0,"key":"SMITH"},{"floor":30.0,"key":"REST"},{"floor":32.0,"key":"RECALL"},{"data":"Omniscience","floor":42.0,"key":"SMITH"},{"data":"Eruption+1","floor":46.0,"key":"PURGE"},{"data":"Consecrate","floor":49.0,"key":"PURGE"},{"data":"MentalFortress+1","floor":52.0,"key":"PURGE"}],"circlet_count":0,"master_deck":["AscendersBane","Defend_P","Defend_P","Defend_P","Vigilance+1","Apotheosis+1","Scrawl+1","Alpha+1","Scrawl+1","Evaluate+1","Secret Technique+1","Omniscience+1","InnerPeace+1","SpiritShield+1","Secret Technique","Blind","WaveOfTheHand","Wish","Secret Technique","Protect+1"],"relics":["PureWater","StoneCalendar","Pear","Velvet Choker","HornCleat","Membership Card","Red Mask","Bronze Scales","MerchantsRug","Peace Pipe","Thread and Needle","Medical Kit","Art of War"],"acts_visited":["Exordium","TheCity","TheBeyond","TheEnding"],"potions_floor_usage":[55],"damage_taken":[{"damage":0.0,"enemies":"2 Louse","floor":1.0,"turns":3.0},{"damage":0.0,"enemies":"Cultist","floor":4.0,"turns":3.0},{"damage":0.0,"enemies":"Small Slimes","floor":7.0,"turns":2.0},{"damage":4.0,"enemies":"Blue Slaver","floor":10.0,"turns":4.0},{"damage":0.0,"enemies":"Exordium Wildlife","floor":11.0,"turns":4.0},{"damage":4.0,"enemies":"Lagavulin","floor":12.0,"turns":7.0},{"damage":0.0,"enemies":"Slime Boss","floor":16.0,"turns":7.0},{"damage":5.0,"enemies":"2 Thieves","floor":18.0,"turns":4.0},{"damage":1.0,"enemies":"3 Byrds","floor":20.0,"turns":2.0},{"damage":0.0,"enemies":"Snecko","floor":22.0,"turns":5.0},{"damage":0.0,"enemies":"Centurion and Healer","floor":25.0,"turns":3.0},{"damage":29.0,"enemies":"Slavers","floor":28.0,"turns":3.0},{"damage":9.0,"enemies":"Masked Bandits","floor":29.0,"turns":3.0},{"damage":0.0,"enemies":"Sentry and Sphere","floor":31.0,"turns":3.0},{"damage":0.0,"enemies":"Collector","floor":33.0,"turns":6.0},{"damage":11.0,"enemies":"3 Darklings","floor":35.0,"turns":5.0},{"damage":0.0,"enemies":"Orb Walker","floor":38.0,"turns":3.0},{"damage":4.0,"enemies":"2 Orb Walkers","floor":39.0,"turns":3.0},{"damage":5.0,"enemies":"Giant Head","floor":40.0,"turns":7.0},{"damage":0.0,"enemies":"Transient","floor":41.0,"turns":5.0},{"damage":3.0,"enemies":"Sphere and 2 Shapes","floor":44.0,"turns":2.0},{"damage":12.0,"enemies":"Reptomancer","floor":48.0,"turns":5.0},{"damage":4.0,"enemies":"Time Eater","floor":50.0,"turns":7.0},{"damage":19.0,"enemies":"Shield and Spear","floor":54.0,"turns":3.0},{"damage":38,"enemies":"The Heart","floor":55,"turns":8}],"seed_played":"4627221649874291599","potions_obtained":[{"floor":1.0,"key":"DistilledChaos"},{"floor":7.0,"key":"ColorlessPotion"},{"floor":10.0,"key":"StancePotion"},{"floor":16.0,"key":"Ancient Potion"},{"floor":18.0,"key":"DistilledChaos"},{"floor":25.0,"key":"Swift Potion"},{"floor":28.0,"key":"EssenceOfSteel"},{"floor":33.0,"key":"AttackPotion"},{"floor":35.0,"key":"PowerPotion"},{"floor":41.0,"key":"Energy Potion"}],"is_trial":false,"path_per_floor":["M","$","?","M","?","R","M","R","T","M","M","E","?","?","R","B",null,"M","?","M","?","M","R","$","M","T","R","E","?","R","M","R","B",null,"M","$","?","M","?","E","M","R","T","M","$","R","?","E","R","B",null,"R","$","E","B",null],"character_chosen":"WATCHER","items_purchased":["Apotheosis","Membership Card","Singing Bowl","Secret Technique","MerchantsRug","PowerPotion","Peace Pipe","Medical Kit","DuplicationPotion","Wish","Secret Technique"],"campfire_rested":2,"item_purchase_floors":[2,24,24,24,45,45,45,53,53,53,53],"current_hp_per_floor":[61,61,41,41,41,41,41,61,61,57,57,63,68,68,68,68,79,74,74,73,73,73,73,73,75,75,75,48,41,67,69,69,69,86,77,77,69,71,69,66,66,66,66,65,80,80,80,70,70,66,95,95,105,86,48],"gold":75,"neow_bonus":"HUNDRED_GOLD","is_daily":false,"chose_seed":false,"campfire_upgraded":5,"win_rate":0.0,"timestamp":1608583423,"path_taken":["M","$","?","M","?","R","M","R","T","M","?","E","?","?","R","BOSS","M","?","?","?","M","R","$","M","T","R","E","?","R","M","R","BOSS","M","$","?","M","?","E","M","R","T","M","$","R","?","E","R","BOSS","R","$","E","BOSS"],"items_purchased_type":["Card","Relic","Relic","Card","Relic","Potion","Relic","Relic","Potion","Card","Card"],"build_version":"2020-12-13","purchased_purges":3,"victory":true,"max_hp_per_floor":[68,68,68,68,68,68,68,68,68,68,68,78,83,83,83,83,83,83,83,83,83,83,83,83,85,85,85,87,89,89,91,91,91,91,93,93,95,97,99,101,101,101,101,103,103,103,103,105,105,105,105,105,105,105,105],"card_choices":[{"not_picked":["ReachHeaven","ThirdEye"],"picked":"Nirvana","floor":1.0},{"not_picked":["ForeignInfluence","FlyingSleeves","EmptyFist"],"picked":"SKIP","floor":4.0},{"not_picked":["Vengeance","Crescendo","FlyingSleeves"],"picked":"SKIP","floor":7.0},{"not_picked":["Pray","SashWhip","EmptyFist"],"picked":"SKIP","floor":10.0},{"not_picked":["Halt","BattleHymn"],"picked":"Consecrate","floor":11.0},{"not_picked":["JustLucky","Wallop"],"picked":"Scrawl","floor":12.0},{"not_picked":["Blasphemy","SpiritShield"],"picked":"Alpha","floor":16.0},{"not_picked":["ClearTheMind","FlyingSleeves","LikeWater"],"picked":"SKIP","floor":18.0},{"not_picked":["FlyingSleeves+1","Vengeance","Conclude"],"picked":"SKIP","floor":20.0},{"not_picked":["Crescendo","SashWhip"],"picked":"Evaluate+1","floor":22.0},{"not_picked":["CutThroughFate","Weave+1","PathToVictory"],"picked":"Singing Bowl","floor":25.0},{"not_picked":["SashWhip","EmptyMind","CrushJoints"],"picked":"Singing Bowl","floor":28.0},{"not_picked":["EmptyFist","FlyingSleeves","Vengeance"],"picked":"Singing Bowl","floor":29.0},{"not_picked":["FlurryOfBlows","Blasphemy","Consecrate"],"picked":"Singing Bowl","floor":31.0},{"not_picked":["Devotion","SpiritShield"],"picked":"Omniscience","floor":33.0},{"not_picked":["EmptyFist+1","SashWhip","CrushJoints"],"picked":"Singing Bowl","floor":35.0},{"not_picked":["Panache","Deep Breath","Enlightenment"],"picked":"Singing Bowl","floor":37.0},{"not_picked":["Bandage Up","Dark Shackles"],"picked":"Secret Technique","floor":37.0},{"not_picked":["Apotheosis","Purity"],"picked":"Blind","floor":37.0},{"not_picked":["FlurryOfBlows","ForeignInfluence+1","WindmillStrike"],"picked":"Singing Bowl","floor":38.0},{"not_picked":["Evaluate","FlyingSleeves","CutThroughFate"],"picked":"Singing Bowl","floor":39.0},{"not_picked":["FlurryOfBlows+1","Prostrate","PathToVictory+1"],"picked":"Singing Bowl","floor":40.0},{"not_picked":["Brilliance","Protect"],"picked":"WaveOfTheHand","floor":41.0},{"not_picked":["Vengeance","SashWhip+1","TalkToTheHand+1"],"picked":"Singing Bowl","floor":44.0},{"not_picked":["JustLucky+1","FollowUp","EmptyMind+1"],"picked":"Singing Bowl","floor":48.0},{"not_picked":["SashWhip","FlurryOfBlows+1"],"picked":"Protect+1","floor":54.0}],"player_experience":854391,"relics_obtained":[{"floor":9.0,"key":"MawBank"},{"floor":12.0,"key":"Pear"},{"floor":28.0,"key":"Nunchaku"},{"floor":29.0,"key":"Red Mask"},{"floor":39.0,"key":"Girya"},{"floor":40.0,"key":"Bronze Scales"},{"floor":43.0,"key":"MealTicket"},{"floor":48.0,"key":"Thread and Needle"},{"floor":54.0,"key":"Art of War"}],"event_choices":[{"damage_healed":0.0,"max_hp_gain":0.0,"max_hp_loss":0.0,"gold_gain":0.0,"event_name":"Shining Light","player_choice":"Entered Light","floor":3.0,"gold_loss":0.0,"damage_taken":20.0,"cards_upgraded":["Eruption","Vigilance"]},{"damage_healed":0.0,"max_hp_gain":0.0,"max_hp_loss":0.0,"gold_gain":0.0,"event_name":"WeMeetAgain","player_choice":"Gave Potion","floor":5.0,"gold_loss":0.0,"damage_taken":0.0,"relics_obtained":["StoneCalendar"]},{"damage_healed":0.0,"max_hp_gain":5.0,"max_hp_loss":0.0,"gold_gain":0.0,"event_name":"Big Fish","player_choice":"Donut","floor":13.0,"gold_loss":0.0,"damage_taken":0.0},{"damage_healed":0.0,"max_hp_gain":0.0,"max_hp_loss":0.0,"gold_gain":0.0,"event_name":"Liars Game","player_choice":"Ignored","floor":14.0,"gold_loss":0.0,"damage_taken":0.0},{"damage_healed":0.0,"max_hp_gain":0.0,"max_hp_loss":0.0,"gold_gain":0.0,"event_name":"Duplicator","player_choice":"Copied","floor":19.0,"gold_loss":0.0,"damage_taken":0.0,"cards_obtained":["Scrawl"]},{"damage_healed":0.0,"max_hp_gain":0.0,"max_hp_loss":0.0,"gold_gain":0.0,"event_name":"The Mausoleum","player_choice":"Opened","floor":21.0,"gold_loss":0.0,"damage_taken":0.0,"relics_obtained":["HornCleat"],"cards_obtained":["Writhe"]},{"damage_healed":0.0,"max_hp_gain":0.0,"max_hp_loss":0.0,"gold_gain":0.0,"event_name":"Masked Bandits","player_choice":"Fought Bandits","floor":29.0,"gold_loss":0.0,"damage_taken":0.0},{"damage_healed":0.0,"max_hp_gain":0.0,"max_hp_loss":0.0,"gold_gain":0.0,"event_name":"SensoryStone","player_choice":"Memory 3","floor":37.0,"gold_loss":0.0,"damage_taken":10.0},{"damage_healed":0.0,"max_hp_gain":0.0,"max_hp_loss":0.0,"gold_gain":0.0,"event_name":"Mysterious Sphere","player_choice":"Fight","floor":39.0,"gold_loss":0.0,"damage_taken":0.0},{"cards_removed":["Strike_P"],"damage_healed":0.0,"max_hp_gain":0.0,"max_hp_loss":0.0,"gold_gain":0.0,"event_name":"Falling","player_choice":"Removed Attack","floor":47.0,"gold_loss":0.0,"damage_taken":0.0}],"is_beta":false,"boss_relics":[{"not_picked":["Black Star","Runic Dome"],"picked":"Velvet Choker"},{"not_picked":["Runic Pyramid","Busted Crown"],"picked":"Astrolabe"}],"items_purged_floors":[24,36,45],"is_endless":false,"potions_floor_spawned":[1,7,10,16,18,25,28,33,35,41,44],"ascension_level":15}}