{"host":"mxfuycht0zuikhh3","time":1608550155,"event":{"mods":["Aspiration","BaseMod","Better Third Choice","BetterRewards","Colored Map","Colored Powertips","Conspire","Downfall","Halation","Hubris","Infinite Spire","Mimic Mod","Minty Spire (QoL Compilation)","Permanent Neow","Rare Cards Sparkle","Replay The Spire","Shop Mod","StSLib","SuperFastMode","Swap Starting Deck Mod","The Mystic","yUi"],"gold_per_floor":[99,84,96,96,96,96,96,81,81,81,97,97,111,128,145,243,343,343,343,172,192,192,192,192,192],"floor_reached":23,"playtime":1527,"items_purged":[],"score":177,"play_id":"409b874f-a5c3-47b6-b513-4e8f818f7b9d","local_time":"20201221122915","is_ascension_mode":false,"campfire_choices":[{"data":"Slimebound:Tackle","floor":1.0,"key":"SMITH"},{"data":"Slimebound:SamplingLick","floor":5.0,"key":"SMITH"},{"data":"Slimebound:CheckThePlaybook","floor":10.0,"key":"SMITH"},{"data":"Slimebound:DivideAndConquer","floor":18,"key":"SMITH"}],"circlet_count":0,"master_deck":["Slimebound:Strike_Slimebound","Slimebound:Strike_Slimebound","Slimebound:Strike_Slimebound","Slimebound:Tackle+1","Slimebound:Defend_Slimebound","Slimebound:Defend_Slimebound","Slimebound:Defend_Slimebound","Slimebound:Defend_Slimebound","Slimebound:Split","Slimebound:CorrosiveSpit","Slimebound:SamplingLick+1","Slimebound:DivideAndConquer+1","Slimebound:CheckThePlaybook+1","Injury","Slimebound:SplitAcid+1","Pain","Slimebound:DivideAndConquer+1","Slimebound:Recollect+1","Slimebound:PrepareCrush+1","Slimebound:ViciousTackle","Slimebound:Schlurp+1","Slimebound:FirmFortitude"],"relics":["Slimebound:AbsorbEndCombat","Mercury Hourglass","Toxic Egg 2","WarpedTongs","Replay:Wanted Poster","halation:Sosunser"],"acts_visited":["Exordium","TheCity"],"potions_floor_usage":[16],"damage_taken":[{"damage":15.0,"enemies":"downfall:FleeingMerchant","floor":2.0,"turns":4.0},{"damage":11.0,"enemies":"2 Louse","floor":3.0,"turns":3.0},{"damage":0.0,"enemies":"Cultist","floor":6.0,"turns":1.0},{"damage":10.0,"enemies":"downfall:FleeingMerchant","floor":8.0,"turns":4.0},{"damage":24.0,"enemies":"infinitespire:Voidling","floor":11.0,"turns":3.0},{"damage":29.0,"enemies":"Exordium Thugs","floor":13.0,"turns":3.0},{"damage":15.0,"enemies":"Large Slime","floor":14.0,"turns":4.0},{"damage":10.0,"enemies":"Blue Slaver","floor":15.0,"turns":2.0},{"damage":71,"enemies":"downfall:Ironclad","floor":16,"turns":5},{"damage":35,"enemies":"downfall:FleeingMerchant","floor":20,"turns":4},{"damage":52,"enemies":"3 Byrds","floor":21,"turns":5},{"damage":23,"enemies":"3 Cultists","floor":23,"turns":2}],"seed_played":"-297720089294959349","potions_obtained":[{"floor":3.0,"key":"LiquidMemories"},{"floor":11.0,"key":"Elixir"},{"floor":14.0,"key":"SpeedPotion"},{"floor":21,"key":"AttackPotion"}],"is_trial":false,"path_per_floor":["R","$","M","?","R","M","T","$","?","R","M","?","M","M","M","B",null,"R","?","$","M","?","M"],"character_chosen":"SLIMEBOUND","items_purchased":["halation:Sosunser"],"campfire_rested":0,"item_purchase_floors":[20],"current_hp_per_floor":[66,63,59,59,59,59,59,65,65,65,50,50,33,30,66,19,66,66,66,51,19,19,0,0,0],"gold":192,"neow_bonus":"TEN_PERCENT_HP_BONUS","is_daily":false,"chose_seed":false,"campfire_upgraded":4,"win_rate":0.0,"timestamp":1608550155,"path_taken":["R","$","M","?","R","M","T","$","?","R","M","?","M","?","M","BOSS","R","?","$","M","?","M"],"items_purchased_type":["Relic"],"build_version":"2020-12-13","purchased_purges":0,"victory":false,"max_hp_per_floor":[66,66,66,66,66,66,66,66,66,66,66,66,66,66,66,66,66,66,66,66,66,66,66,66,66],"card_choices":[{"not_picked":["Slimebound:RainOfGoop","Slimebound:ViciousTackle"],"picked":"Slimebound:SamplingLick","floor":2.0},{"not_picked":["Slimebound:SplitAcid","Slimebound:Recollect","Slimebound:SplitLeeching"],"picked":"SKIP","floor":3.0},{"not_picked":["Slimebound:Schlurp","Slimebound:Gluttony"],"picked":"Slimebound:DivideAndConquer","floor":6.0},{"not_picked":["Slimebound:FlameTackle","Slimebound:SlimeBarrage"],"picked":"Slimebound:CheckThePlaybook","floor":8.0},{"not_picked":["Slimebound:SamplingLick+1","Slimebound:ComboTackle"],"picked":"Slimebound:SplitAcid+1","floor":11.0},{"not_picked":["Slimebound:Equalize","Slimebound:GrowthPunch"],"picked":"Slimebound:DivideAndConquer+1","floor":13.0},{"not_picked":["Slimebound:PressTheAttack","Slimebound:SlimeBarrage","Slimebound:DivideAndConquer+1"],"picked":"SKIP","floor":14.0},{"not_picked":["Slimebound:SplitMire+1","Slimebound:DivideAndConquer+1"],"picked":"Slimebound:Recollect+1","floor":15.0},{"not_picked":["Slimebound:MassFeed","Slimebound:Overexert"],"picked":"Slimebound:PrepareCrush+1","floor":16},{"not_picked":["Slimebound:Dissolve+1","Slimebound:FinishingTackle"],"picked":"Slimebound:Schlurp+1","floor":20},{"not_picked":["Slimebound:ComboTackle","Slimebound:TongueLash"],"picked":"Slimebound:FirmFortitude","floor":21}],"player_experience":140726,"relics_obtained":[{"floor":7.0,"key":"Mercury Hourglass"}],"event_choices":[{"damage_healed":0.0,"max_hp_gain":0.0,"max_hp_loss":0.0,"gold_gain":0.0,"event_name":"Accursed Blacksmith","player_choice":"Rummage","floor":12.0,"gold_loss":0.0,"damage_taken":0.0,"relics_obtained":["WarpedTongs"],"cards_obtained":["Pain"]},{"damage_healed":0,"gold_gain":0,"player_choice":"Read","damage_taken":0,"max_hp_gain":0,"max_hp_loss":0,"event_name":"The Library","floor":19,"gold_loss":0,"cards_obtained":["Slimebound:ViciousTackle"]},{"damage_healed":0,"gold_gain":0,"player_choice":"Ignored","damage_taken":0,"max_hp_gain":0,"max_hp_loss":0,"event_name":"Vampires","floor":22,"gold_loss":0}],"is_beta":false,"boss_relics":[{"not_picked":["halation:PlatinumPhoenix","Velvet Choker"],"picked":"Replay:Wanted Poster"}],"items_purged_floors":[],"is_endless":false,"potions_floor_spawned":[3,11,14,21],"killed_by":"3 Cultists","ascension_level":0}}