{"host":"llpusn9usp8rznkj","time":1608522042,"event":{"mods":["2.2 Compatiblity","BaseMod","Colored Map","Colored Powertips","Conspire","Downfall","Hubris","Minty Spire (QoL Compilation)","Rare Cards Sparkle","Replay The Spire","StSLib","The Cursed"],"gold_per_floor":[118,118,147,222,155,155,184,184,184,196,196,225,252,252,252,252,252],"floor_reached":16,"playtime":329,"items_purged":[],"score":258,"play_id":"aedc93af-4a8a-4328-95f6-3234d609b4d1","local_time":"20201220224042","is_ascension_mode":true,"campfire_choices":[{"data":"Neutralize","floor":6.0,"key":"SMITH"},{"data":"Dagger Throw","floor":8.0,"key":"SMITH"},{"floor":15,"key":"DIG"}],"circlet_count":0,"master_deck":["AscendersBane","Strike_G","Strike_G","Strike_G","Strike_G","Defend_G","Defend_G","Defend_G","Defend_G","Defend_G","Survivor","Neutralize+1","Dagger Throw+1","ReplayTheSpireMod:The Works","Endless Agony+1","ReplayTheSpireMod:The Works","Backflip"],"relics":["Ring of the Snake","NeowsBlessing","Replay:Bottled Steam","HornCleat","Smiling Mask","hubris:AncientText","Akabeko","Golden Idol","Blood Vial"],"acts_visited":["Exordium"],"potions_floor_usage":[12,16],"damage_taken":[{"damage":0.0,"enemies":"2 Louse","floor":1.0,"turns":1.0},{"damage":0.0,"enemies":"conspire:MimicChest","floor":3.0,"turns":1.0},{"damage":0.0,"enemies":"Lagavulin","floor":7.0,"turns":1.0},{"damage":1.0,"enemies":"Small Slimes","floor":10.0,"turns":3.0},{"damage":18,"enemies":"Gremlin Nob","floor":12,"turns":4},{"damage":13,"enemies":"Slime Boss","floor":16,"turns":7}],"seed_played":"518276566889788755","potions_obtained":[{"floor":1.0,"key":"Strength Potion"},{"floor":10.0,"key":"conspire:TimeTravelPotion"}],"is_trial":false,"path_per_floor":["M","?","?","?","$","R","E","R","T","M","?","E","T","?","R_BF","B"],"character_chosen":"THE_SILENT","items_purchased":["Endless Agony+1"],"campfire_rested":0,"item_purchase_floors":[5],"current_hp_per_floor":[59,52,52,41,41,41,41,41,41,40,62,44,44,21,21,10,10],"gold":252,"neow_bonus":"THREE_ENEMY_KILL","is_daily":false,"chose_seed":false,"campfire_upgraded":2,"win_rate":0.0,"timestamp":1608522042,"path_taken":["M","?","?","?","$","R","E","R","T","M","?","E","?","?","R_BF","BOSS"],"items_purchased_type":["Card"],"build_version":"2020-12-13","purchased_purges":0,"victory":false,"max_hp_per_floor":[66,66,66,66,66,66,66,66,66,66,66,66,66,66,66,66,66],"card_choices":[{"not_picked":["Dash","Slice"],"picked":"Dagger Throw","floor":1.0},{"not_picked":["Bane","hubris:Counter"],"picked":"ReplayTheSpireMod:The Works","floor":3.0},{"not_picked":["Dash","Dagger Spray"],"picked":"ReplayTheSpireMod:The Works","floor":7.0},{"not_picked":["Deadly Poison","PiercingWail","hubris:Counter"],"picked":"SKIP","floor":10.0},{"not_picked":["ReplayTheSpireMod:The Works","Riddle With Holes"],"picked":"Backflip","floor":12}],"player_experience":1099302,"relics_obtained":[{"floor":3.0,"key":"Replay:Bottled Steam"},{"floor":7.0,"key":"HornCleat"},{"floor":9.0,"key":"Smiling Mask"},{"floor":12,"key":"hubris:AncientText"},{"floor":13,"key":"Akabeko"},{"floor":15,"key":"Blood Vial"}],"event_choices":[{"cards_removed":["Strike_G"],"damage_healed":0.0,"max_hp_gain":0.0,"max_hp_loss":0.0,"gold_gain":0.0,"event_name":"Golden Wing","player_choice":"Card Removal","floor":2.0,"gold_loss":0.0,"damage_taken":7.0},{"damage_healed":0.0,"max_hp_gain":0.0,"max_hp_loss":0.0,"gold_gain":75.0,"event_name":"World of Goop","player_choice":"Gather Gold","floor":4.0,"gold_loss":0.0,"damage_taken":11.0},{"damage_healed":22,"gold_gain":0,"player_choice":"Banana","damage_taken":0,"max_hp_gain":0,"max_hp_loss":0,"event_name":"Big Fish","floor":11,"gold_loss":0},{"damage_healed":0,"gold_gain":0,"player_choice":"Take Damage","damage_taken":23,"relics_obtained":["Golden Idol"],"max_hp_gain":0,"max_hp_loss":0,"event_name":"Golden Idol","floor":14,"gold_loss":0}],"is_beta":false,"boss_relics":[],"items_purged_floors":[],"is_endless":false,"potions_floor_spawned":[1,10],"killed_by":"Slime Boss","ascension_level":20}}