{"host":"rmsq46plbpwfbxcc","time":1608590594,"event":{"mods":["AchievementEnabler","BaseMod","Colored Map","DeckTracker","Minty Spire (QoL Compilation)","Permanent Neow","SuperFastMode"],"gold_per_floor":[110,110,110,128,138,138,63,79,79,104,116,149,162,182,182,259,259,277,293,306,20,32,64,64,64,88,13,13,13,31,56,56,56,56],"floor_reached":33,"playtime":960,"items_purged":["Strike_G"],"score":583,"play_id":"9df95073-f5bb-4b57-9a00-7e977003f9c7","local_time":"20201222074314","is_ascension_mode":true,"campfire_choices":[{"data":"Accuracy","floor":6,"key":"SMITH"},{"data":"Blade Dance","floor":15,"key":"SMITH"},{"data":"Cloak And Dagger","floor":24,"key":"SMITH"},{"data":"Terror","floor":29,"key":"SMITH"},{"data":"Footwork","floor":32,"key":"SMITH"}],"circlet_count":0,"master_deck":["AscendersBane","Strike_G+1","Strike_G","Strike_G+1","Defend_G","Defend_G","Defend_G","Defend_G","Defend_G","Survivor","Neutralize+1","Accuracy+1","Backstab","Dagger Spray","Blade Dance+1","PiercingWail","Footwork+1","Terror+1","Adrenaline","CurseOfTheBell","PiercingWail","Finisher","Cloak And Dagger+1","Decay","Shame","Tactician","Finisher+1"],"relics":["Coffee Dripper","White Beast Statue","Whetstone","Snake Skull","Calling Bell","Juzu Bracelet","Singing Bowl","WingedGreaves","Ornamental Fan","Du-Vu Doll","MealTicket","Tiny Chest","Molten Egg 2"],"acts_visited":["Exordium","TheCity"],"potions_floor_usage":[10,11,12,16,16,18,20,22,23,23,30,31],"damage_taken":[{"damage":1,"enemies":"2 Louse","floor":1,"turns":3},{"damage":0,"enemies":"Jaw Worm","floor":4,"turns":5},{"damage":4,"enemies":"Small Slimes","floor":5,"turns":5},{"damage":1,"enemies":"2 Fungi Beasts","floor":8,"turns":5},{"damage":19,"enemies":"Lagavulin","floor":10,"turns":10},{"damage":0,"enemies":"Large Slime","floor":11,"turns":6},{"damage":14,"enemies":"Gremlin Nob","floor":12,"turns":4},{"damage":2,"enemies":"Gremlin Gang","floor":13,"turns":4},{"damage":0,"enemies":"Looter","floor":14,"turns":3},{"damage":8,"enemies":"Hexaghost","floor":16,"turns":9},{"damage":8,"enemies":"Shell Parasite","floor":18,"turns":5},{"damage":17,"enemies":"Spheric Guardian","floor":19,"turns":4},{"damage":0,"enemies":"Centurion and Healer","floor":20,"turns":6},{"damage":2,"enemies":"Shelled Parasite and Fungi","floor":22,"turns":3},{"damage":0,"enemies":"Book of Stabbing","floor":23,"turns":4},{"damage":14,"enemies":"Sentry and Sphere","floor":30,"turns":4},{"damage":23,"enemies":"Gremlin Leader","floor":31,"turns":6},{"damage":19,"enemies":"Champ","floor":33,"turns":2}],"seed_played":"-6579232044589023165","potions_obtained":[{"floor":4,"key":"Block Potion"},{"floor":5,"key":"LiquidBronze"},{"floor":10,"key":"SpeedPotion"},{"floor":11,"key":"Fire Potion"},{"floor":12,"key":"SpeedPotion"},{"floor":13,"key":"Poison Potion"},{"floor":16,"key":"ColorlessPotion"},{"floor":18,"key":"FearPotion"},{"floor":19,"key":"Strength Potion"},{"floor":20,"key":"DistilledChaos"},{"floor":22,"key":"Block Potion"},{"floor":23,"key":"CunningPotion"},{"floor":30,"key":"AttackPotion"},{"floor":31,"key":"Strength Potion"}],"is_trial":false,"path_per_floor":["M","?","$","M","M","R","?","M","T","E","M","E","M","M","R","B",null,"M","M","M","$","M","E","R","?","T","$","?","R","M","E","R","B"],"character_chosen":"THE_SILENT","items_purchased":["Ornamental Fan"],"campfire_rested":0,"item_purchase_floors":[21],"current_hp_per_floor":[58,58,58,58,54,54,54,53,53,34,34,20,18,18,18,10,52,46,29,29,29,27,29,29,29,29,44,44,44,30,7,7,0,0],"gold":56,"neow_bonus":"BOSS_RELIC","is_daily":false,"chose_seed":false,"campfire_upgraded":5,"win_rate":0.0,"timestamp":1608590594,"path_taken":["M","?","$","M","M","R","?","M","T","E","M","E","M","M","R","BOSS","M","M","M","$","M","E","R","?","T","$","?","R","M","E","R","BOSS"],"items_purchased_type":["Relic"],"build_version":"2020-12-13","purchased_purges":1,"victory":false,"max_hp_per_floor":[66,66,66,66,66,66,66,66,66,66,66,66,66,66,66,66,66,68,68,68,68,68,70,70,70,70,70,70,70,70,70,70,70,70],"card_choices":[{"not_picked":["Flying Knee","Caltrops","Outmaneuver"],"picked":"SKIP","floor":1},{"not_picked":["Underhanded Strike","Deadly Poison"],"picked":"Accuracy","floor":4},{"not_picked":["Dagger Spray","Accuracy"],"picked":"Backstab","floor":5},{"not_picked":["Backstab","Masterful Stab"],"picked":"Dagger Spray","floor":8},{"not_picked":["Deadly Poison","Setup"],"picked":"Blade Dance","floor":10},{"not_picked":["Prepared","Doppelganger","All Out Attack"],"picked":"SKIP","floor":11},{"not_picked":["Distraction","Acrobatics"],"picked":"PiercingWail","floor":12},{"not_picked":["Catalyst","Crippling Poison"],"picked":"Footwork","floor":13},{"not_picked":["Deadly Poison","Caltrops"],"picked":"Terror","floor":14},{"not_picked":["Glass Knife","Burst"],"picked":"Adrenaline","floor":16},{"not_picked":["Backflip","Prepared","Masterful Stab+1"],"picked":"Singing Bowl","floor":18},{"not_picked":["Flying Knee+1","Flechettes"],"picked":"PiercingWail","floor":19},{"not_picked":["Dash+1","Dodge and Roll"],"picked":"Finisher","floor":20},{"not_picked":["Blade Dance","Poisoned Stab"],"picked":"Cloak And Dagger","floor":22},{"not_picked":["Deflect","Outmaneuver","All Out Attack"],"picked":"Singing Bowl","floor":23},{"not_picked":["Quick Slash+1","Outmaneuver"],"picked":"Tactician","floor":30},{"not_picked":["Endless Agony+1","Caltrops"],"picked":"Finisher+1","floor":31}],"player_experience":1354463,"relics_obtained":[{"floor":9,"key":"White Beast Statue"},{"floor":10,"key":"Whetstone"},{"floor":12,"key":"Snake Skull"},{"floor":17,"key":"Juzu Bracelet"},{"floor":17,"key":"Singing Bowl"},{"floor":17,"key":"WingedGreaves"},{"floor":23,"key":"Du-Vu Doll"},{"floor":26,"key":"MealTicket"},{"floor":31,"key":"Molten Egg 2"}],"event_choices":[{"damage_healed":0,"gold_gain":0,"player_choice":"Grow","damage_taken":0,"max_hp_gain":0,"max_hp_loss":0,"event_name":"Living Wall","floor":2,"gold_loss":0,"cards_upgraded":["Neutralize"]},{"cards_removed":["Strike_G"],"damage_healed":0,"gold_gain":0,"player_choice":"Card Removal","damage_taken":0,"max_hp_gain":0,"max_hp_loss":0,"event_name":"The Cleric","floor":7,"gold_loss":75},{"damage_healed":0,"gold_gain":0,"player_choice":"Smashed Altar","damage_taken":0,"max_hp_gain":0,"max_hp_loss":0,"event_name":"Forgotten Altar","floor":25,"gold_loss":0,"cards_obtained":["Decay"]},{"damage_healed":0,"gold_gain":0,"player_choice":"Stole Relic","damage_taken":0,"relics_obtained":["Tiny Chest"],"max_hp_gain":0,"max_hp_loss":0,"event_name":"Addict","floor":28,"gold_loss":0,"cards_obtained":["Shame"]}],"is_beta":false,"boss_relics":[{"not_picked":["Black Star","Astrolabe"],"picked":"Calling Bell"}],"items_purged_floors":[27],"is_endless":false,"potions_floor_spawned":[4,5,10,11,12,13,14,16,18,19,20,22,23,30,31],"killed_by":"Champ","ascension_level":16}}