{"host":"q9718omregw4er46","time":1608578753,"event":{"mods":["BaseMod","Bestiary","Colored Powertips","Minty Spire (QoL Compilation)","Quick Restart","Relic Stats"],"gold_per_floor":[118,118,135,146,13,39,53,68,120,120,136,165,180,195,195,195,195],"floor_reached":16,"playtime":945,"items_purged":[],"score":232,"play_id":"ca15bdcd-0add-42f1-bd2d-d938ed77de67","local_time":"20201222002553","is_ascension_mode":true,"campfire_choices":[{"floor":10,"key":"REST"},{"data":"Doom and Gloom","floor":15,"key":"SMITH"}],"circlet_count":0,"master_deck":["AscendersBane","Strike_B","Strike_B","Strike_B","Defend_B","Defend_B","Defend_B","Defend_B","Zap","Dualcast","Reprogram","Static Discharge","Ball Lightning","Recycle","Self Repair","Genetic Algorithm","Doom and Gloom+1","Core Surge","Streamline"],"relics":["Snecko Eye","Strawberry","Question Card"],"acts_visited":["Exordium"],"potions_floor_usage":[12,13,16],"damage_taken":[{"damage":1.0,"enemies":"2 Louse","floor":1.0,"turns":3.0},{"damage":6.0,"enemies":"Cultist","floor":3.0,"turns":4.0},{"damage":4.0,"enemies":"Small Slimes","floor":4.0,"turns":4.0},{"damage":30.0,"enemies":"3 Sentries","floor":6.0,"turns":6.0},{"damage":13,"enemies":"2 Fungi Beasts","floor":7,"turns":4},{"damage":18,"enemies":"Exordium Wildlife","floor":8,"turns":4},{"damage":9,"enemies":"Large Slime","floor":11,"turns":3},{"damage":25,"enemies":"Lagavulin","floor":12,"turns":6},{"damage":14,"enemies":"Red Slaver","floor":13,"turns":4},{"damage":7,"enemies":"Blue Slaver","floor":14,"turns":4},{"damage":31,"enemies":"The Guardian","floor":16,"turns":2}],"seed_played":"-4672925250513657974","potions_obtained":[{"floor":6,"key":"SkillPotion"},{"floor":11,"key":"DuplicationPotion"},{"floor":12,"key":"Regen Potion"},{"floor":14,"key":"Energy Potion"}],"is_trial":true,"path_per_floor":["M","?","M","M","$","E","M","M","T","R","M","E","M","M","R","B"],"character_chosen":"DEFECT","items_purchased":["Recycle","Self Repair"],"campfire_rested":1,"item_purchase_floors":[5,5],"current_hp_per_floor":[63,63,57,53,53,30,24,13,20,43,41,23,28,21,21,0,0],"gold":195,"neow_bonus":"","is_daily":false,"chose_seed":false,"campfire_upgraded":1,"win_rate":0.0,"timestamp":1608578753,"path_taken":["M","?","?","M","$","E","M","M","T","R","M","E","M","M","R","BOSS"],"items_purchased_type":["Card","Card"],"build_version":"2020-12-13","purchased_purges":0,"victory":false,"max_hp_per_floor":[71,71,71,71,71,71,71,71,78,78,78,78,78,78,78,78,78],"relic_stats":{"counters":[11,44],"Snecko Eye":[78,72,84,54],"Question Card":2,"obtain_stats":[{"Strawberry":9,"Snecko Eye":0,"Question Card":12},{"Strawberry":6,"Snecko Eye":0,"Question Card":8},{"Strawberry":25,"Snecko Eye":0,"Question Card":34}]},"card_choices":[{"not_picked":["Steam","Turbo","Go for the Eyes"],"picked":"SKIP","floor":1.0},{"not_picked":["Hologram","Chaos"],"picked":"Static Discharge","floor":3.0},{"not_picked":["Beam Cell","BootSequence"],"picked":"Ball Lightning","floor":4.0},{"not_picked":["Go for the Eyes","Gash"],"picked":"Genetic Algorithm","floor":6},{"not_picked":["Cold Snap","Conserve Battery","Chaos"],"picked":"SKIP","floor":7},{"not_picked":["Barrage","Static Discharge"],"picked":"Doom and Gloom","floor":8},{"not_picked":["Barrage","Steam Power"],"picked":"Core Surge","floor":11},{"not_picked":["Leap","Cold Snap","Chill"],"picked":"SKIP","floor":12},{"not_picked":["Sweeping Beam","Stack","Redo","Blizzard"],"picked":"SKIP","floor":13},{"not_picked":["Reprogram","Go for the Eyes","Turbo"],"picked":"Streamline","floor":14}],"player_experience":1088115,"relics_obtained":[{"floor":9,"key":"Strawberry"},{"floor":12,"key":"Question Card"}],"event_choices":[{"damage_healed":0.0,"max_hp_gain":0.0,"max_hp_loss":0.0,"gold_gain":0.0,"cards_transformed":["Strike_B"],"event_name":"Transmorgrifier","player_choice":"Transformed","floor":2.0,"gold_loss":0.0,"damage_taken":0.0,"cards_obtained":["Reprogram"]}],"is_beta":false,"boss_relics":[],"items_purged_floors":[],"is_endless":false,"potions_floor_spawned":[6,11,12,14],"killed_by":"The Guardian","ascension_level":20}}