{"host":"8dhn6p16jorj0i1s","time":1608510268,"event":{"mods":["BaseMod","Colored Map","DeckTracker","Minty Spire (QoL Compilation)","Permanent Neow","Quick Restart"],"gold_per_floor":[112,37,49,65,82,111,11,30,30,30,56,56,85,102,102,205,205,219,232,107,22,22,22,41,68,68,68,97,97,115,154,154,256,306,317,317,167,185,204,238,254,254,278,306,322,68,78,108,108,108,108,108,24,50,50,50],"floor_reached":55,"playtime":5496,"items_purged":["Strike_P","Defend_P","Defend_P","Defend_P"],"score":1153,"play_id":"a87cc3d5-64ba-46e1-94a9-52bf43c212a0","local_time":"20201221012428","is_ascension_mode":true,"campfire_choices":[{"data":"Protect","floor":10.0,"key":"SMITH"},{"data":"Vigilance","floor":12.0,"key":"SMITH"},{"data":"Prostrate","floor":15.0,"key":"SMITH"},{"data":"Eruption","floor":23.0,"key":"SMITH"},{"data":"Vault","floor":27.0,"key":"SMITH"},{"data":"Establishment","floor":29.0,"key":"SMITH"},{"floor":32.0,"key":"RECALL"},{"data":"ConjureBlade","floor":49.0,"key":"SMITH"},{"data":"FollowUp","floor":52,"key":"SMITH"}],"circlet_count":0,"master_deck":["Eruption+1","Vigilance+1","Halt+1","FlyingSleeves+1","Adaptation+1","FearNoEvil","Prostrate+1","Establishment+1","Protect+1","ClearTheMind","FlurryOfBlows+1","Vault+1","Pray+1","FollowUp+1","Prostrate+1","Vault","Omniscience+1","Protect+1","MasterReality","ConjureBlade+1","Enlightenment","Brilliance"],"relics":["Astrolabe","Dead Branch","Singing Bowl","Question Card","Runic Pyramid","Happy Flower","Kunai","Letter Opener","Pear","Tiny House","Omamori","Potion Belt","Mercury Hourglass","Shuriken","Regal Pillow","Gremlin Horn"],"acts_visited":["Exordium","TheCity","TheBeyond","TheEnding"],"potions_floor_usage":[50,50,55,55,55],"damage_taken":[{"damage":6.0,"enemies":"Jaw Worm","floor":1.0,"turns":2.0},{"damage":4.0,"enemies":"2 Louse","floor":3.0,"turns":3.0},{"damage":6.0,"enemies":"Small Slimes","floor":4.0,"turns":2.0},{"damage":7.0,"enemies":"Gremlin Gang","floor":5.0,"turns":3.0},{"damage":10.0,"enemies":"Lagavulin","floor":6.0,"turns":7.0},{"damage":0.0,"enemies":"2 Fungi Beasts","floor":8.0,"turns":4.0},{"damage":11.0,"enemies":"3 Sentries","floor":11.0,"turns":6.0},{"damage":0.0,"enemies":"Lagavulin","floor":13.0,"turns":8.0},{"damage":0.0,"enemies":"Red Slaver","floor":14.0,"turns":3.0},{"damage":4.0,"enemies":"Slime Boss","floor":16.0,"turns":6.0},{"damage":0.0,"enemies":"Spheric Guardian","floor":18.0,"turns":4.0},{"damage":9.0,"enemies":"2 Thieves","floor":19.0,"turns":5.0},{"damage":4.0,"enemies":"Sentry and Sphere","floor":24.0,"turns":5.0},{"damage":0.0,"enemies":"Slavers","floor":25.0,"turns":3.0},{"damage":0.0,"enemies":"Gremlin Leader","floor":28.0,"turns":3.0},{"damage":0.0,"enemies":"Snake Plant","floor":30.0,"turns":5.0},{"damage":12.0,"enemies":"Chosen and Byrds","floor":31.0,"turns":4.0},{"damage":13.0,"enemies":"Collector","floor":33.0,"turns":7.0},{"damage":0.0,"enemies":"Orb Walker","floor":35.0,"turns":3.0},{"damage":2.0,"enemies":"3 Shapes","floor":38.0,"turns":4.0},{"damage":0.0,"enemies":"Maw","floor":39.0,"turns":6.0},{"damage":0.0,"enemies":"Giant Head","floor":40.0,"turns":4.0},{"damage":1.0,"enemies":"Sphere and 2 Shapes","floor":41.0,"turns":4.0},{"damage":18.0,"enemies":"Reptomancer","floor":44.0,"turns":3.0},{"damage":20.0,"enemies":"4 Shapes","floor":45.0,"turns":3.0},{"damage":20.0,"enemies":"Spire Growth","floor":47.0,"turns":4.0},{"damage":0.0,"enemies":"Giant Head","floor":48.0,"turns":7.0},{"damage":17,"enemies":"Donu and Deca","floor":50,"turns":4},{"damage":13,"enemies":"Shield and Spear","floor":54,"turns":6},{"damage":116,"enemies":"The Heart","floor":55,"turns":7}],"seed_played":"-5232526609440950205","potions_obtained":[{"floor":1.0,"key":"Explosive Potion"},{"floor":3.0,"key":"Ancient Potion"},{"floor":6.0,"key":"Explosive Potion"},{"floor":13.0,"key":"ColorlessPotion"},{"floor":14.0,"key":"Explosive Potion"},{"floor":16.0,"key":"BlessingOfTheForge"},{"floor":19.0,"key":"Energy Potion"},{"floor":25.0,"key":"SpeedPotion"},{"floor":30.0,"key":"SpeedPotion"},{"floor":34.0,"key":"FearPotion"},{"floor":39.0,"key":"FearPotion"},{"floor":44.0,"key":"SneckoOil"},{"floor":45.0,"key":"DuplicationPotion"},{"floor":48.0,"key":"PowerPotion"},{"floor":54,"key":"EssenceOfSteel"}],"is_trial":false,"path_per_floor":["M","$","M","M","M","E","$","M","T","R","E","R","E","M","R","B",null,"M","M","$","?","?","R","M","E","T","R","E","R","M","M","R","B",null,"M","?","$","M","M","E","M","?","T","E","M","$","M","E","R","B",null,"R","$","E","B"],"character_chosen":"WATCHER","items_purchased":["Shuriken","Enlightenment"],"campfire_rested":0,"item_purchase_floors":[46,53],"current_hp_per_floor":[66,66,62,56,49,39,39,39,39,39,30,30,30,30,30,26,74,76,67,67,67,67,67,65,67,67,67,77,77,77,65,65,52,97,99,99,99,99,101,103,102,102,102,84,66,66,48,48,48,31,109,109,109,96,0,0],"gold":50,"neow_bonus":"BOSS_RELIC","is_daily":false,"chose_seed":false,"campfire_upgraded":8,"win_rate":0.0,"timestamp":1608510268,"path_taken":["M","$","M","M","M","E","$","M","T","R","E","R","E","M","R","BOSS","M","M","$","?","?","R","M","E","T","R","E","R","M","M","R","BOSS","M","?","$","?","M","E","M","?","T","E","?","$","M","E","R","BOSS","R","$","E","BOSS"],"items_purchased_type":["Relic","Card"],"build_version":"2020-12-13","purchased_purges":4,"victory":false,"max_hp_per_floor":[72,72,72,72,72,72,72,72,72,72,74,74,74,74,74,74,74,76,76,76,76,76,76,78,80,80,80,90,90,90,90,90,90,97,99,99,99,101,103,105,105,105,105,105,107,107,109,109,109,109,109,109,109,109,109,109],"card_choices":[{"not_picked":["Indignation","Consecrate"],"picked":"FearNoEvil","floor":1.0},{"not_picked":["WindmillStrike","EmptyBody"],"picked":"Prostrate","floor":3.0},{"not_picked":["EmptyFist","ThirdEye","CrushJoints"],"picked":"SKIP","floor":4.0},{"not_picked":["FlurryOfBlows","BattleHymn"],"picked":"Establishment","floor":5.0},{"not_picked":["ClearTheMind","PathToVictory","SignatureMove"],"picked":"SKIP","floor":6.0},{"not_picked":["EmptyBody","BowlingBash"],"picked":"Protect","floor":8.0},{"not_picked":["Halt","CutThroughFate","LessonLearned"],"picked":"Singing Bowl","floor":11.0},{"not_picked":["Vengeance","ForeignInfluence"],"picked":"ClearTheMind","floor":13.0},{"not_picked":["EmptyBody","PathToVictory","DeceiveReality"],"picked":"FlurryOfBlows","floor":14.0},{"not_picked":["Establishment","Blasphemy","LessonLearned"],"picked":"Vault","floor":16.0},{"not_picked":["Evaluate+1","Consecrate","CutThroughFate","BowlingBash+1"],"picked":"Singing Bowl","floor":18.0},{"not_picked":["CutThroughFate+1","PathToVictory+1","Prostrate"],"picked":"Pray+1","floor":19.0},{"not_picked":["Consecrate","Crescendo","BowlingBash","SpiritShield"],"picked":"Singing Bowl","floor":24.0},{"not_picked":["EmptyBody","Fasting2","ClearTheMind","ThirdEye"],"picked":"Singing Bowl","floor":25.0},{"not_picked":["CutThroughFate+1","Halt","EmptyFist+1"],"picked":"FollowUp","floor":28.0},{"not_picked":["DeceiveReality","ConjureBlade","EmptyBody"],"picked":"Prostrate+1","floor":30.0},{"not_picked":["WreathOfFlame+1","FlyingSleeves","Consecrate"],"picked":"Vault","floor":31.0},{"not_picked":["MasterReality","ConjureBlade","Blasphemy"],"picked":"Omniscience","floor":33.0},{"not_picked":["Consecrate+1","Evaluate+1","FlurryOfBlows","ClearTheMind"],"picked":"Singing Bowl","floor":34.0},{"not_picked":["Fasting2","BattleHymn+1","EmptyBody","Nirvana+1"],"picked":"Singing Bowl","floor":35.0},{"not_picked":["ThirdEye","CarveReality","BowlingBash","Perseverance+1"],"picked":"Singing Bowl","floor":38.0},{"not_picked":["Swivel","FollowUp","Crescendo+1","SignatureMove+1"],"picked":"Singing Bowl","floor":39.0},{"not_picked":["Sanctity","Blasphemy","DeceiveReality+1","SashWhip+1"],"picked":"Singing Bowl","floor":40.0},{"not_picked":["FlurryOfBlows+1","EmptyFist+1","CutThroughFate+1"],"picked":"Protect+1","floor":41.0},{"not_picked":["Crescendo","Collect","FlyingSleeves"],"picked":"MasterReality","floor":44.0},{"not_picked":["Evaluate","Swivel","ReachHeaven+1","PathToVictory"],"picked":"Singing Bowl","floor":45.0},{"not_picked":["FlurryOfBlows+1","Prostrate+1","CrushJoints","ThirdEye+1"],"picked":"Singing Bowl","floor":47.0},{"not_picked":["ReachHeaven","Halt+1","EmptyFist"],"picked":"ConjureBlade","floor":48.0},{"not_picked":["WaveOfTheHand","CrushJoints+1","Meditate+1"],"picked":"Brilliance","floor":54}],"player_experience":331766,"relics_obtained":[{"floor":6.0,"key":"Dead Branch"},{"floor":11.0,"key":"Singing Bowl"},{"floor":13.0,"key":"Question Card"},{"floor":25.0,"key":"Kunai"},{"floor":26.0,"key":"Letter Opener"},{"floor":28.0,"key":"Pear"},{"floor":40.0,"key":"Omamori"},{"floor":43.0,"key":"Potion Belt"},{"floor":44.0,"key":"Mercury Hourglass"},{"floor":48.0,"key":"Regal Pillow"},{"floor":54,"key":"Gremlin Horn"}],"event_choices":[{"damage_healed":0.0,"max_hp_gain":0.0,"max_hp_loss":0.0,"gold_gain":0.0,"event_name":"Addict","player_choice":"Obtained Relic","floor":21.0,"gold_loss":85.0,"damage_taken":0.0,"relics_obtained":["Happy Flower"]},{"cards_removed":["Defend_P"],"damage_healed":0.0,"max_hp_gain":0.0,"max_hp_loss":0.0,"gold_gain":0.0,"event_name":"Back to Basics","player_choice":"Elegance","floor":22.0,"gold_loss":0.0,"damage_taken":0.0},{"damage_healed":0.0,"max_hp_gain":0.0,"max_hp_loss":0.0,"gold_gain":0.0,"event_name":"Lab","player_choice":"Got Potions","floor":36.0,"gold_loss":0.0,"damage_taken":0.0},{"damage_healed":0.0,"max_hp_gain":0.0,"max_hp_loss":0.0,"gold_gain":0.0,"event_name":"Upgrade Shrine","player_choice":"Upgraded","floor":42.0,"gold_loss":0.0,"damage_taken":0.0,"cards_upgraded":["FlurryOfBlows"]}],"is_beta":false,"boss_relics":[{"not_picked":["Velvet Choker","SlaversCollar"],"picked":"Runic Pyramid"},{"not_picked":["Snecko Eye","Fusion Hammer"],"picked":"Tiny House"}],"items_purged_floors":[2,7,20,37],"is_endless":false,"potions_floor_spawned":[1,3,6,13,14,16,19,25,30,31,39,44,45,48,54],"killed_by":"The Heart","ascension_level":4}}