{"host":"3jjxuhjpio8e4zkv","time":1608583707,"event":{"mods":["BaseMod","Colored Map","Minty Spire (QoL Compilation)","Permanent Neow","Relic Stats","StSLib"],"gold_per_floor":[112,131,56,56,70,103,113,13,94,94,104,104,131,131,131,209,209,225,225,225,239,114,114,114],"floor_reached":23,"playtime":955,"items_purged":["Regret","Pain","Defend_G"],"score":423,"play_id":"9005453e-a156-43a7-a667-36d0ea656ea6","local_time":"20201221154827","is_ascension_mode":true,"campfire_choices":[{"floor":10,"key":"REST"},{"data":"Mayhem","floor":12,"key":"SMITH"},{"data":"Night Terror","floor":15,"key":"SMITH"}],"circlet_count":0,"master_deck":["AscendersBane","Defend_G","Defend_G","Defend_G","Defend_G","Survivor","Neutralize","Mayhem+1","Dash","Underhanded Strike","Night Terror+1","Predator","After Image","Bite","Bite","Bite","Bite","Bite"],"relics":["Ring of the Snake","WarpedTongs","Lizard Tail","HornCleat","Dream Catcher","Black Star"],"acts_visited":["Exordium","TheCity"],"potions_floor_usage":[5,18,18,23],"damage_taken":[{"damage":7,"enemies":"Jaw Worm","floor":1,"turns":5},{"damage":7,"enemies":"Cultist","floor":2,"turns":5},{"damage":16,"enemies":"Small Slimes","floor":5,"turns":3},{"damage":11,"enemies":"Lagavulin","floor":6,"turns":8},{"damage":2,"enemies":"Looter","floor":7,"turns":4},{"damage":0,"enemies":"Blue Slaver","floor":11,"turns":4},{"damage":12,"enemies":"3 Sentries","floor":13,"turns":9},{"damage":43,"enemies":"Slime Boss","floor":16,"turns":10},{"damage":12,"enemies":"3 Byrds","floor":18,"turns":4},{"damage":21,"enemies":"Shell Parasite","floor":21,"turns":8},{"damage":86,"enemies":"Slavers","floor":23,"turns":5}],"seed_played":"-1220253599254010081","potions_obtained":[{"floor":1,"key":"ColorlessPotion"},{"floor":5,"key":"LiquidBronze"},{"floor":11,"key":"BlessingOfTheForge"},{"floor":13,"key":"SpeedPotion"},{"floor":16,"key":"Swift Potion"},{"floor":18,"key":"Weak Potion"}],"is_trial":false,"path_per_floor":["M","M","$","?","M","E","M","$","T","R","M","R","E","?","R","B",null,"M","?","?","M","$","E"],"character_chosen":"THE_SILENT","items_purchased":[],"campfire_rested":1,"item_purchase_floors":[],"current_hp_per_floor":[52,45,45,45,29,18,16,16,16,35,35,35,23,45,45,2,50,38,38,38,39,39,0,0],"gold":114,"neow_bonus":"RANDOM_COLORLESS_2","is_daily":false,"chose_seed":false,"campfire_upgraded":2,"win_rate":0.0,"timestamp":1608583707,"path_taken":["M","M","$","?","M","E","M","$","T","R","?","R","E","?","R","BOSS","M","?","?","M","$","E"],"items_purchased_type":[],"build_version":"2020-12-13","purchased_purges":3,"victory":false,"max_hp_per_floor":[66,66,66,66,66,66,66,66,66,66,66,66,66,66,66,66,66,66,46,46,46,46,46,46],"relic_stats":{"Lizard Tail":23,"Dream Catcher":0,"counters":[11,65],"Black Star":0,"obtain_stats":[{"Lizard Tail":6,"Dream Catcher":13,"HornCleat":9,"Black Star":17,"Ring of the Snake":0,"WarpedTongs":4},{"Lizard Tail":4,"Dream Catcher":7,"HornCleat":5,"Black Star":8,"Ring of the Snake":0,"WarpedTongs":2},{"Lizard Tail":21,"Dream Catcher":38,"HornCleat":25,"Black Star":48,"Ring of the Snake":0,"WarpedTongs":10}],"Ring of the Snake":[22],"WarpedTongs":[52]},"card_choices":[{"not_picked":["Panache","Magnetism"],"picked":"Mayhem","floor":0},{"not_picked":["Catalyst","Cloak And Dagger"],"picked":"Dash","floor":1},{"not_picked":["Backflip","Footwork"],"picked":"Underhanded Strike","floor":2},{"not_picked":["Heel Hook","Cloak And Dagger"],"picked":"Night Terror","floor":5},{"not_picked":["Prepared","Sucker Punch"],"picked":"Predator","floor":6},{"not_picked":["Slice","Escape Plan","Catalyst"],"picked":"SKIP","floor":7},{"not_picked":["Outmaneuver","Cloak And Dagger","Heel Hook"],"picked":"SKIP","floor":11},{"not_picked":["Poisoned Stab","Cloak And Dagger","Blade Dance"],"picked":"SKIP","floor":13},{"not_picked":["Poisoned Stab","Cloak And Dagger","Blade Dance"],"picked":"SKIP","floor":13},{"not_picked":["Grand Finale","Storm of Steel"],"picked":"After Image","floor":16},{"not_picked":["Bane","Flechettes+1","Deadly Poison"],"picked":"SKIP","floor":18},{"not_picked":["Bane","Flying Knee","Acrobatics"],"picked":"SKIP","floor":21}],"player_experience":1077176,"relics_obtained":[{"floor":6,"key":"Lizard Tail"},{"floor":9,"key":"HornCleat"},{"floor":13,"key":"Dream Catcher"}],"event_choices":[{"damage_healed":0,"gold_gain":0,"player_choice":"Rummage","damage_taken":0,"relics_obtained":["WarpedTongs"],"max_hp_gain":0,"max_hp_loss":0,"event_name":"Accursed Blacksmith","floor":4,"gold_loss":0,"cards_obtained":["Pain"]},{"damage_healed":22,"gold_gain":0,"player_choice":"Banana","damage_taken":0,"max_hp_gain":0,"max_hp_loss":0,"event_name":"Big Fish","floor":14,"gold_loss":0},{"damage_healed":0,"gold_gain":0,"player_choice":"Became a vampire","damage_taken":0,"max_hp_gain":0,"max_hp_loss":20,"event_name":"Vampires","floor":19,"gold_loss":0,"cards_obtained":["Bite","Bite","Bite","Bite","Bite"]},{"damage_healed":0,"gold_gain":0,"player_choice":"Ignored","damage_taken":0,"max_hp_gain":0,"max_hp_loss":0,"event_name":"The Mausoleum","floor":20,"gold_loss":0}],"is_beta":false,"boss_relics":[{"not_picked":["Sozu","WristBlade"],"picked":"Black Star"}],"items_purged_floors":[3,8,22],"is_endless":false,"potions_floor_spawned":[1,5,11,13,16,18],"killed_by":"Slavers","ascension_level":20}}