{"host":"usewcu4ohw2wtmxk","time":1608530262,"event":{"mods":["BaseMod","Minty Spire (QoL Compilation)","Permanent Neow","Quick Restart","Relic Stats"],"gold_per_floor":[118,118,143,30,30,66,85,85,85,10,10,35,79,94,94,94,94],"floor_reached":16,"playtime":300,"items_purged":[],"score":270,"play_id":"92df2d0d-66c2-430a-989b-282aa6eb3af4","local_time":"20201221135742","is_ascension_mode":true,"campfire_choices":[{"data":"Neutralize","floor":8.0,"key":"SMITH"},{"data":"Blade Dance","floor":15,"key":"SMITH"}],"circlet_count":0,"master_deck":["AscendersBane","Strike_G","Strike_G","Strike_G","Defend_G","Defend_G","Defend_G","Defend_G","Defend_G","Survivor","Neutralize+1","Dagger Spray","Reflex","Prepared+1","Backflip","Blade Dance+1","Dash","Concentrate"],"relics":["Ring of the Snake","NeowsBlessing","Golden Idol","Blue Candle","Oddly Smooth Stone"],"acts_visited":["Exordium"],"potions_floor_usage":[13],"damage_taken":[{"damage":0.0,"enemies":"2 Louse","floor":1.0,"turns":1.0},{"damage":0.0,"enemies":"Jaw Worm","floor":3.0,"turns":1.0},{"damage":0.0,"enemies":"3 Sentries","floor":6.0,"turns":1.0},{"damage":1.0,"enemies":"Cultist","floor":7.0,"turns":4.0},{"damage":2.0,"enemies":"2 Fungi Beasts","floor":12.0,"turns":3.0},{"damage":50,"enemies":"Lagavulin","floor":13,"turns":8},{"damage":0,"enemies":"3 Louse","floor":14,"turns":2},{"damage":0,"enemies":"Hexaghost","floor":16,"turns":6}],"seed_played":"2253833481351138020","potions_obtained":[{"floor":12.0,"key":"Dexterity Potion"},{"floor":14,"key":"Regen Potion"}],"is_trial":false,"path_per_floor":["M","?","M","$","?","E","M","R","T","?","?","M","E","M","R","B"],"character_chosen":"THE_SILENT","items_purchased":["Reflex","Prepared"],"campfire_rested":0,"item_purchase_floors":[4,4],"current_hp_per_floor":[59,59,59,59,59,59,58,58,58,58,58,56,6,6,6,6,6],"gold":94,"neow_bonus":"THREE_ENEMY_KILL","is_daily":false,"chose_seed":false,"campfire_upgraded":2,"win_rate":0.0,"timestamp":1608530262,"path_taken":["M","?","M","$","?","E","?","R","T","?","?","M","E","M","R","BOSS"],"items_purchased_type":["Card","Card"],"build_version":"2020-12-13","purchased_purges":0,"victory":false,"max_hp_per_floor":[66,60,60,60,60,60,60,60,60,60,60,60,60,60,60,60,60],"relic_stats":{"counters":[8,26],"Golden Idol":33,"Blue Candle":[0],"obtain_stats":[{"NeowsBlessing":0,"Golden Idol":2,"Blue Candle":6,"Oddly Smooth Stone":13,"Ring of the Snake":0},{"NeowsBlessing":0,"Golden Idol":1,"Blue Candle":3,"Oddly Smooth Stone":6,"Ring of the Snake":0},{"NeowsBlessing":0,"Golden Idol":1,"Blue Candle":3,"Oddly Smooth Stone":18,"Ring of the Snake":0}],"Ring of the Snake":[16]},"card_choices":[{"not_picked":["Deadly Poison","Underhanded Strike","Dodge and Roll"],"picked":"SKIP","floor":1.0},{"not_picked":["Deadly Poison","Bane"],"picked":"Dagger Spray","floor":3.0},{"not_picked":["Dagger Throw","Deflect"],"picked":"Backflip","floor":6.0},{"not_picked":["Outmaneuver","Backflip","Choke"],"picked":"SKIP","floor":7.0},{"not_picked":["Poisoned Stab","Underhanded Strike"],"picked":"Blade Dance","floor":12.0},{"not_picked":["Bane","Dodge and Roll"],"picked":"Dash","floor":13},{"not_picked":["Dodge and Roll","Outmaneuver"],"picked":"Concentrate","floor":14}],"player_experience":240014,"relics_obtained":[{"floor":6.0,"key":"Blue Candle"},{"floor":13,"key":"Oddly Smooth Stone"}],"event_choices":[{"damage_healed":0.0,"max_hp_gain":0.0,"max_hp_loss":6.0,"gold_gain":0.0,"event_name":"Golden Idol","player_choice":"Lose Max HP","floor":2.0,"gold_loss":0.0,"damage_taken":0.0,"relics_obtained":["Golden Idol"]},{"cards_removed":["Strike_G"],"damage_healed":0.0,"max_hp_gain":0.0,"max_hp_loss":0.0,"gold_gain":0.0,"event_name":"Wheel of Change","player_choice":"Card Removal","floor":5.0,"gold_loss":0.0,"damage_taken":0.0},{"cards_removed":["Strike_G"],"damage_healed":0.0,"max_hp_gain":0.0,"max_hp_loss":0.0,"gold_gain":0.0,"event_name":"The Cleric","player_choice":"Card Removal","floor":10.0,"gold_loss":75.0,"damage_taken":0.0},{"damage_healed":0.0,"max_hp_gain":0.0,"max_hp_loss":0.0,"gold_gain":0.0,"event_name":"Upgrade Shrine","player_choice":"Upgraded","floor":11.0,"gold_loss":0.0,"damage_taken":0.0,"cards_upgraded":["Prepared"]}],"is_beta":false,"boss_relics":[],"items_purged_floors":[],"is_endless":false,"potions_floor_spawned":[12,14],"killed_by":"Hexaghost","ascension_level":20}}