{"host":"llpusn9usp8rznkj","time":1608522640,"event":{"mods":["2.2 Compatiblity","BaseMod","Colored Map","Colored Powertips","Conspire","Downfall","Hubris","Minty Spire (QoL Compilation)","Rare Cards Sparkle","Replay The Spire","StSLib","The Cursed"],"gold_per_floor":[119,154,174,5,5,5,5,36,88,88,107,79,79,79,79,79,79],"floor_reached":16,"playtime":520,"items_purged":["Overencumbered"],"score":192,"play_id":"e69b2903-03dc-461f-a44d-626b54e9ea9f","local_time":"20201220225040","is_ascension_mode":true,"campfire_choices":[{"data":"Bash","floor":6,"key":"SMITH"},{"floor":10,"key":"REST"},{"data":"1","floor":13,"key":"LIFT"},{"data":"2","floor":15,"key":"LIFT"}],"circlet_count":0,"master_deck":["AscendersBane","Strike_R","Strike_R","Strike_R","Strike_R","Strike_R+1","Defend_R","Defend_R+1","Defend_R","Defend_R","Bash+1","Anger","Warcry+1","Flame Barrier","Pummel","Discovery"],"relics":["Burning Blood","NeowsBlessing","hubris:IronBody","Tiny Chest","Girya","PreservedInsect","ReplayTheSpireMod:CursedCoin"],"acts_visited":["Exordium"],"potions_floor_usage":[16],"damage_taken":[{"damage":0,"enemies":"Jaw Worm","floor":1,"turns":1},{"damage":0,"enemies":"conspire:MimicChest","floor":2,"turns":1},{"damage":0,"enemies":"Small Slimes","floor":3,"turns":1},{"damage":46,"enemies":"3 Sentries","floor":8,"turns":12},{"damage":0,"enemies":"2 Louse","floor":11,"turns":3},{"damage":121,"enemies":"Fading Forest","floor":16,"turns":12}],"seed_played":"-5407309249714629063","potions_obtained":[{"floor":8,"key":"FairyPotion"},{"floor":11,"key":"sneckomod:MuddlingPotion"}],"is_trial":false,"path_per_floor":["M","?","M","$","?","R","$","E","T","R","M","$","R","?","R","B"],"character_chosen":"IRONCLAD","items_purchased":["Tiny Chest","ReplayTheSpireMod:CursedCoin","Discovery"],"campfire_rested":1,"item_purchase_floors":[4,12,12],"current_hp_per_floor":[74,75,75,75,52,52,52,12,12,34,40,40,40,40,40,0,0],"gold":79,"neow_bonus":"THREE_ENEMY_KILL","is_daily":false,"chose_seed":false,"campfire_upgraded":1,"win_rate":0.0,"timestamp":1608522640,"path_taken":["M","?","M","$","?","R","?","E","T","R","M","$","R","?","R","BOSS"],"items_purchased_type":["Relic","Relic","Card"],"build_version":"2020-12-13","purchased_purges":1,"victory":false,"max_hp_per_floor":[75,75,75,75,75,75,75,75,75,75,75,75,75,75,75,75,75],"card_choices":[{"not_picked":["Heavy Blade","Rupture"],"picked":"Anger","floor":1},{"not_picked":["Rampage","Clash"],"picked":"Warcry","floor":3},{"not_picked":["Barricade","Intimidate"],"picked":"Flame Barrier","floor":8},{"not_picked":["Wild Strike","hubris:ReadiedAction"],"picked":"Pummel","floor":11}],"player_experience":1099653,"relics_obtained":[{"floor":2,"key":"hubris:IronBody"},{"floor":8,"key":"Girya"},{"floor":9,"key":"PreservedInsect"}],"event_choices":[{"damage_healed":0,"gold_gain":0,"player_choice":"Entered Light","damage_taken":23,"max_hp_gain":0,"max_hp_loss":0,"event_name":"Shining Light","floor":5,"gold_loss":0,"cards_upgraded":["Defend_R","Strike_R"]},{"damage_healed":0,"gold_gain":0,"player_choice":"Upgraded","damage_taken":0,"max_hp_gain":0,"max_hp_loss":0,"event_name":"Upgrade Shrine","floor":14,"gold_loss":0,"cards_upgraded":["Warcry"]}],"is_beta":false,"boss_relics":[],"items_purged_floors":[12],"is_endless":false,"potions_floor_spawned":[8,11],"killed_by":"Fading Forest","ascension_level":20}}