{"host":"9d9dhukr2jywmy0f","time":1608559652,"event":{"mods":["2.2 Compatiblity","Alarm Clock","BaseMod","Bestiary","Block Reminder","Colored Map","Colored Powertips","Curses Come First","DeckTracker","Displayed Cursed Tome","Highlight Path","Jedi Mod","Key Reminder","Keyboard Shortcuts","Minty Spire (QoL Compilation)","MonsterHotkey","Potion Indicator Mod","Quick Restart","Rare Cards Sparkle","Relic Sorter","Relic Stats","Spire Birthday Party","StSLib","Synergy Search","Unceasing Turn Reminder","Unknown Chances"],"gold_per_floor":[113,125,125,50,65,65,83,83,83,113,113,140,215,58,58,135,135,154,164,15,15,27,44,44,63,144,144,160,174,174,194,194,272,272,292,306,148,163,175,175,206,218,243,269,287,302,302,314,314,314,314,314,8,36,36],"floor_reached":56,"playtime":4067,"items_purged":["Strike_G","Defend_G","Strike_G","Strike_G"],"score":1895,"play_id":"a705cbea-6fff-4d27-bda2-8a4821132d2c","local_time":"20201221220732","is_ascension_mode":true,"campfire_choices":[{"data":"Neutralize","floor":6.0,"key":"SMITH"},{"data":"jedi:pocketpoison","floor":8.0,"key":"SMITH"},{"floor":11.0,"key":"REST"},{"floor":15.0,"key":"REST"},{"data":"Footwork","floor":24.0,"key":"SMITH"},{"data":"Footwork","floor":27.0,"key":"SMITH"},{"data":"Noxious Fumes","floor":30.0,"key":"SMITH"},{"floor":32.0,"key":"RECALL"},{"data":"Well Laid Plans","floor":40,"key":"SMITH"},{"floor":47,"key":"REST"},{"data":"PiercingWail","floor":49,"key":"SMITH"},{"data":"Backflip","floor":52,"key":"SMITH"}],"circlet_count":0,"master_deck":["AscendersBane","Defend_G","Defend_G","Defend_G","Defend_G","Survivor","Neutralize+1","Backflip+1","jedi:pocketpoison+1","PiercingWail+1","After Image","Catalyst+1","Footwork+1","jedi:pocketpoison+1","Footwork+1","Noxious Fumes+1","Backflip+1","Night Terror+1","Well Laid Plans+1","jedi:pocketpoison+1","Crippling Poison+1","Blur+1","Blur+1","Backflip+1","Catalyst+1"],"relics":["Ring of the Snake","jedi:arcanewood","Du-Vu Doll","Toxic Egg 2","Bag of Preparation","Odd Mushroom","TheAbacus","jedi:paperlyon","jedi:heavyjacket","Empty Cage","MealTicket","Art of War","Lee\u0027s Waffle","Blood Vial"],"acts_visited":["Exordium","TheCity","TheBeyond","TheEnding"],"potions_floor_usage":[55,55],"damage_taken":[{"damage":4.0,"enemies":"Small Slimes","floor":1.0,"turns":7.0},{"damage":3.0,"enemies":"2 Louse","floor":2.0,"turns":4.0},{"damage":2.0,"enemies":"Jaw Worm","floor":5.0,"turns":5.0},{"damage":0.0,"enemies":"Blue Slaver","floor":7.0,"turns":5.0},{"damage":36.0,"enemies":"Gremlin Nob","floor":10.0,"turns":5.0},{"damage":1.0,"enemies":"The Mushroom Lair","floor":12.0,"turns":4.0},{"damage":13.0,"enemies":"The Guardian","floor":16.0,"turns":19.0},{"damage":1.0,"enemies":"3 Byrds","floor":18.0,"turns":8.0},{"damage":0.0,"enemies":"Chosen","floor":19.0,"turns":6.0},{"damage":0.0,"enemies":"Centurion and Healer","floor":22.0,"turns":9.0},{"damage":0.0,"enemies":"Snake Plant","floor":23.0,"turns":5.0},{"damage":0.0,"enemies":"Cultist and Chosen","floor":25.0,"turns":10.0},{"damage":0.0,"enemies":"Centurion and Healer","floor":28.0,"turns":8.0},{"damage":0.0,"enemies":"Snake Plant","floor":29.0,"turns":4.0},{"damage":0.0,"enemies":"Snecko","floor":31.0,"turns":5.0},{"damage":4.0,"enemies":"Collector","floor":33.0,"turns":8.0},{"damage":0.0,"enemies":"3 Shapes","floor":35.0,"turns":8.0},{"damage":0.0,"enemies":"Orb Walker","floor":36.0,"turns":6.0},{"damage":9.0,"enemies":"Transient","floor":38.0,"turns":5.0},{"damage":0,"enemies":"Writhing Mass","floor":39,"turns":6},{"damage":0,"enemies":"Giant Head","floor":41,"turns":10},{"damage":0,"enemies":"Maw","floor":42,"turns":7},{"damage":22,"enemies":"Reptomancer","floor":44,"turns":8},{"damage":0,"enemies":"4 Shapes","floor":45,"turns":10},{"damage":0,"enemies":"Jaw Worm Horde","floor":46,"turns":5},{"damage":0,"enemies":"Spire Growth","floor":48,"turns":5},{"damage":5,"enemies":"Time Eater","floor":50,"turns":16},{"damage":20,"enemies":"Shield and Spear","floor":54,"turns":5},{"damage":47,"enemies":"The Heart","floor":55,"turns":9}],"seed_played":"3993975551144074221","potions_obtained":[{"floor":2.0,"key":"Ancient Potion"},{"floor":10.0,"key":"Fire Potion"},{"floor":19.0,"key":"FearPotion"},{"floor":22.0,"key":"Poison Potion"},{"floor":25.0,"key":"Strength Potion"},{"floor":42,"key":"Dexterity Potion"}],"is_trial":false,"path_per_floor":["M","M","?","$","M","R","M","R","T","E","R","?","?","$","R","B",null,"M","M","$","?","M","M","R","M","T","R","M","M","R","M","R","B",null,"M","M","$","M","M","R","E","M","T","E","M","M","R","M","R","B",null,"R","$","E","B",null],"character_chosen":"THE_SILENT","items_purchased":["TheAbacus","jedi:pocketpoison+1","Crippling Poison+1","Lee\u0027s Waffle"],"campfire_rested":3,"item_purchase_floors":[14,20,37,53],"current_hp_per_floor":[55,52,41,41,39,39,39,39,39,3,22,21,10,10,29,16,54,53,53,53,53,53,53,53,53,53,53,53,53,53,53,53,49,62,62,62,62,53,53,53,53,53,53,31,31,31,50,50,50,45,61,61,73,53,8],"gold":36,"neow_bonus":"RANDOM_COMMON_RELIC","is_daily":false,"chose_seed":false,"campfire_upgraded":8,"win_rate":0.0,"timestamp":1608559652,"path_taken":["M","M","?","$","M","R","M","R","T","E","R","?","?","?","R","BOSS","M","M","$","?","M","M","R","M","T","R","M","M","R","M","R","BOSS","M","M","$","M","M","R","E","M","T","E","M","M","R","M","R","BOSS","R","$","E","BOSS"],"items_purchased_type":["Relic","Card","Card","Relic"],"build_version":"2020-11-30","purchased_purges":4,"victory":true,"max_hp_per_floor":[66,66,66,66,66,66,66,66,66,66,66,66,66,66,66,66,66,66,66,66,66,66,66,66,66,66,66,66,66,66,66,66,66,66,66,66,66,66,66,66,66,66,66,66,66,66,66,66,66,66,66,66,73,73,73],"relic_stats":{"Blood Vial":2,"Lee\u0027s Waffle":7,"TheAbacus":[486],"counters":[29,212],"MealTicket":5,"Bag of Preparation":[48],"Art of War":[24],"obtain_stats":[{"Lee\u0027s Waffle":53,"Bag of Preparation":10,"Odd Mushroom":12,"Empty Cage":34,"Du-Vu Doll":3,"keyreminder:keyreminder":32,"Blood Vial":54,"jedi:heavyjacket":26,"TheAbacus":14,"jedi:paperlyon":17,"MealTicket":41,"Art of War":44,"Toxic Egg 2":9,"jedi:arcanewood":0,"Ring of the Snake":0},{"Lee\u0027s Waffle":27,"Bag of Preparation":5,"Odd Mushroom":6,"Empty Cage":16,"Du-Vu Doll":2,"keyreminder:keyreminder":15,"Blood Vial":28,"jedi:heavyjacket":12,"TheAbacus":6,"jedi:paperlyon":7,"MealTicket":21,"Art of War":23,"Toxic Egg 2":4,"jedi:arcanewood":0,"Ring of the Snake":0},{"Lee\u0027s Waffle":198,"Bag of Preparation":26,"Odd Mushroom":30,"Empty Cage":112,"Du-Vu Doll":11,"keyreminder:keyreminder":104,"Blood Vial":203,"jedi:heavyjacket":87,"TheAbacus":30,"jedi:paperlyon":49,"MealTicket":147,"Art of War":162,"Toxic Egg 2":21,"jedi:arcanewood":0,"Ring of the Snake":0}],"Ring of the Snake":[58]},"card_choices":[{"not_picked":["Sucker Punch","Deflect"],"picked":"Backflip","floor":1.0},{"not_picked":["Crippling Poison","Deadly Poison"],"picked":"jedi:pocketpoison","floor":2.0},{"not_picked":["Blade Dance","Setup"],"picked":"PiercingWail","floor":5.0},{"not_picked":["PiercingWail","Prepared","jedi:collectorvenom"],"picked":"SKIP","floor":7.0},{"not_picked":["Setup+1","Distraction+1","Bane"],"picked":"SKIP","floor":10.0},{"not_picked":["Phantasmal Killer+1","jedi:studyshivs+1"],"picked":"After Image","floor":16.0},{"not_picked":["Eviscerate","Terror+1"],"picked":"Catalyst+1","floor":18.0},{"not_picked":["Dagger Throw","Acrobatics+1"],"picked":"Footwork","floor":19.0},{"not_picked":["Flechettes","Masterful Stab"],"picked":"Footwork","floor":22.0},{"not_picked":["Setup+1","Underhanded Strike","Dagger Spray"],"picked":"SKIP","floor":23.0},{"not_picked":["Infinite Blades+1","PiercingWail+1","Masterful Stab"],"picked":"SKIP","floor":25.0},{"not_picked":["Dodge and Roll+1","Acrobatics+1"],"picked":"Noxious Fumes","floor":28.0},{"not_picked":["Storm of Steel+1","Dagger Spray"],"picked":"Backflip+1","floor":29.0},{"not_picked":["Dagger Spray","Terror+1","Deflect+1"],"picked":"SKIP","floor":31.0},{"not_picked":["Venomology+1","Glass Knife"],"picked":"Night Terror+1","floor":33.0},{"not_picked":["Dagger Spray","Quick Slash"],"picked":"Well Laid Plans","floor":35.0},{"not_picked":["Calculated Gamble+1","Dodge and Roll+1"],"picked":"jedi:pocketpoison+1","floor":36.0},{"not_picked":["Predator","Acrobatics+1"],"picked":"Blur+1","floor":38.0},{"not_picked":["Sucker Punch+1","Poisoned Stab"],"picked":"Blur+1","floor":39},{"not_picked":["Poisoned Stab","Setup+1"],"picked":"Backflip+1","floor":41},{"not_picked":["Slice+1","Tactician+1","Dagger Throw"],"picked":"SKIP","floor":42},{"not_picked":["Tactician+1","Dagger Throw+1","Grand Finale"],"picked":"SKIP","floor":44},{"not_picked":["Dagger Throw","Quick Slash","jedi:collectorvenom+1"],"picked":"SKIP","floor":45},{"not_picked":["Prepared+1","Terror+1"],"picked":"Catalyst+1","floor":46},{"not_picked":["Finisher","Cloak And Dagger+1","Expertise+1"],"picked":"SKIP","floor":48},{"not_picked":["Crippling Poison+1","Reflex+1","Backstab+1"],"picked":"SKIP","floor":54}],"player_experience":718672,"relics_obtained":[{"floor":9.0,"key":"Toxic Egg 2"},{"floor":10.0,"key":"Bag of Preparation"},{"floor":12.0,"key":"Odd Mushroom"},{"floor":26.0,"key":"jedi:heavyjacket"},{"floor":41,"key":"MealTicket"},{"floor":44,"key":"Art of War"},{"floor":54,"key":"Blood Vial"}],"event_choices":[{"damage_healed":0.0,"max_hp_gain":0.0,"max_hp_loss":0.0,"gold_gain":0.0,"event_name":"Scrap Ooze","player_choice":"Success","floor":3.0,"gold_loss":0.0,"damage_taken":11.0,"relics_obtained":["Du-Vu Doll"]},{"damage_healed":0.0,"max_hp_gain":0.0,"max_hp_loss":0.0,"gold_gain":0.0,"event_name":"Mushrooms","player_choice":"Fought Mushrooms","floor":12.0,"gold_loss":0.0,"damage_taken":0.0},{"damage_healed":0.0,"max_hp_gain":0.0,"max_hp_loss":0.0,"gold_gain":75.0,"event_name":"World of Goop","player_choice":"Gather Gold","floor":13.0,"gold_loss":0.0,"damage_taken":11.0},{"damage_healed":0.0,"max_hp_gain":0.0,"max_hp_loss":0.0,"gold_gain":0.0,"event_name":"The Mausoleum","player_choice":"Ignored","floor":21.0,"gold_loss":0.0,"damage_taken":0.0}],"is_beta":false,"boss_relics":[{"not_picked":["Cursed Key","Calling Bell"],"picked":"jedi:paperlyon"},{"not_picked":["Velvet Choker","HoveringKite"],"picked":"Empty Cage"}],"items_purged_floors":[4,20,37,53],"is_endless":false,"potions_floor_spawned":[2,10,19,22,25,28,39,41,42,45,46],"ascension_level":15}}