{"host":"uceopoba4zvqsgiy","time":1608578614,"event":{"mods":["Act Like it!","BaseMod","Better Skull","Better Third Choice","Elementarium","GifTheSpireLib","Hermit","Humility","Infinite Spire","Jorbs\u0027s Wanderer Trilogy","Marked Mod","Minty Spire (QoL Compilation)","Potionbrewer","Replay The Spire","Robot Space Explorer","Shade Mod","Spicy Shops","StSLib","Stuff the Spire","The Blue Laboratory","The Cursed","The Dragon Tamer","The Hierophant","The Judge","The Jungle","Wandering Minibosses"],"gold_per_floor":[118,143,153,165,165,192,192,206,206,206,206],"floor_reached":10,"playtime":696,"items_purged":[],"score":99,"play_id":"ee95d29c-7129-4850-86ed-20312c5728c2","local_time":"20201222055334","is_ascension_mode":true,"campfire_choices":[{"floor":7,"key":"REST"}],"circlet_count":0,"master_deck":["Strike_B","Strike_B","Strike_B","Strike_B","Defend_B","Defend_B","Defend_B","Defend_B","Zap","Dualcast","Capacitor","Static Discharge","Gash","Static Discharge"],"relics":["Replay:M_SmolderingBlood","NeowsBlessing","Bag of Preparation","infinitespire:Cubic Diamond","Turnip","Mummified Hand"],"acts_visited":["Exordium"],"potions_floor_usage":[10,10,10],"damage_taken":[{"damage":0,"enemies":"Cultist","floor":1,"turns":1},{"damage":0,"enemies":"Jaw Worm","floor":3,"turns":1},{"damage":0,"enemies":"Small Slimes","floor":4,"turns":1},{"damage":49,"enemies":"Replay:BlueRogue","floor":6,"turns":6},{"damage":13,"enemies":"Blue Slaver","floor":8,"turns":4},{"damage":35,"enemies":"3 Sentries","floor":10,"turns":3}],"seed_played":"6565236713186479259","potions_obtained":[{"floor":3,"key":"potionbrewer:NoxiousPotion"},{"floor":6,"key":"blueLaboratory:RelayPotion"},{"floor":8,"key":"LiquidMemories"}],"is_trial":false,"path_per_floor":["M","T","M","M","?","E","R","M","T","E"],"character_chosen":"DEFECT","items_purchased":[],"campfire_rested":1,"item_purchase_floors":[],"current_hp_per_floor":[68,68,68,68,68,19,41,28,28,0,0],"gold":206,"neow_bonus":"THREE_ENEMY_KILL","is_daily":false,"chose_seed":false,"campfire_upgraded":0,"win_rate":0.0,"timestamp":1608578614,"path_taken":["M","?","M","M","?","E","R","M","T","E"],"items_purchased_type":[],"build_version":"2020-12-13","purchased_purges":0,"victory":false,"max_hp_per_floor":[75,75,75,75,75,75,75,75,75,75,75],"card_choices":[{"not_picked":["Gash","Ball Lightning"],"picked":"Capacitor","floor":1},{"not_picked":["Stack","Sweeping Beam","Barrage"],"picked":"SKIP","floor":3},{"not_picked":["StuffTheSpire:Rend","Sweeping Beam"],"picked":"Static Discharge","floor":4},{"not_picked":["Cold Snap","Fusion"],"picked":"Gash","floor":6},{"not_picked":["Consume","BowlingBash"],"picked":"Static Discharge","floor":8}],"player_experience":1560956,"relics_obtained":[{"floor":2,"key":"Bag of Preparation"},{"floor":6,"key":"Turnip"},{"floor":9,"key":"Mummified Hand"}],"event_choices":[],"is_beta":false,"boss_relics":[],"items_purged_floors":[],"is_endless":false,"potions_floor_spawned":[3,6,8],"killed_by":"3 Sentries","ascension_level":9}}