{"host":"wdiovb6uv7szux0m","time":1608533894,"event":{"mods":["BaseMod","Minty Spire (QoL Compilation)","StSLib","The Bug Knight","The Druid"],"gold_per_floor":[116,116,131,131,145,172,172,15,15,15,90,115,127,139,139,240,240,260,260,114,114,39,39,65,65,88,100,112,124,155,177,189,298,310,335,365,377,404,426,438,465,477,516,528,400,450,461,474,474,474,474],"floor_reached":50,"playtime":3749,"items_purged":["Strike_B","Doom and Gloom"],"score":470,"play_id":"7c2d4c11-2609-4db1-85d7-7eceddebc1c1","local_time":"20201220215814","is_ascension_mode":false,"campfire_choices":[{"floor":7,"key":"REST"},{"data":"White Noise","floor":10,"key":"SMITH"},{"floor":15,"key":"REST"},{"data":"Hologram","floor":23,"key":"SMITH"},{"floor":25,"key":"REST"},{"data":"Zap","floor":29,"key":"SMITH"},{"data":"Electrodynamics","floor":32,"key":"SMITH"},{"data":"Buffer","floor":40,"key":"SMITH"},{"floor":42,"key":"REST"},{"floor":44,"key":"RECALL"},{"floor":49,"key":"REST"}],"circlet_count":0,"master_deck":["Defend_B","Zap+1","Dualcast","Biased Cognition","Loop","White Noise+1","Auto Shields","Electrodynamics+1","Hologram+1","Loop","Buffer+1","Barrage+1","Loop","Hologram","Undo","Rebound+1","Machine Learning","Biased Cognition","CurseOfTheBell","Self Repair","Turbo+1","Master of Strategy","Undo","Conserve Battery+1","Defragment","Lockon","Tempest","Creative AI","Lockon","Ball Lightning+1"],"relics":["Cracked Core","Letter Opener","Strawberry","Membership Card","Juzu Bracelet","Lantern","Empty Cage","Toy Ornithopter","Bag of Preparation","MawBank","Calling Bell","Omamori","HollowMod:LifeEnderRelic","HollowMod:QueensCombRelic","Turnip"],"acts_visited":["Exordium","TheCity","TheBeyond"],"potions_floor_usage":[16,24,33,33,35,39,39,50],"damage_taken":[{"damage":1,"enemies":"Cultist","floor":1,"turns":3},{"damage":6,"enemies":"Jaw Worm","floor":3,"turns":3},{"damage":0,"enemies":"2 Louse","floor":5,"turns":1},{"damage":14,"enemies":"HollowMod:MossKnight","floor":6,"turns":6},{"damage":14,"enemies":"Gremlin Nob","floor":12,"turns":4},{"damage":0,"enemies":"Looter","floor":13,"turns":3},{"damage":14,"enemies":"Large Slime","floor":14,"turns":4},{"damage":40,"enemies":"Hexaghost","floor":16,"turns":8},{"damage":14,"enemies":"Spheric Guardian","floor":18,"turns":4},{"damage":38,"enemies":"Slavers","floor":24,"turns":3},{"damage":1,"enemies":"Shell Parasite","floor":30,"turns":5},{"damage":1,"enemies":"3 Cultists","floor":31,"turns":3},{"damage":13,"enemies":"Champ","floor":33,"turns":6},{"damage":18,"enemies":"Orb Walker","floor":35,"turns":3},{"damage":11,"enemies":"3 Shapes","floor":36,"turns":2},{"damage":0,"enemies":"Sphere and 2 Shapes","floor":38,"turns":2},{"damage":12,"enemies":"4 Shapes","floor":39,"turns":3},{"damage":32,"enemies":"Writhing Mass","floor":41,"turns":5},{"damage":6,"enemies":"Mind Bloom Boss Battle","floor":46,"turns":7},{"damage":38,"enemies":"3 Darklings","floor":47,"turns":5},{"damage":17,"enemies":"Sphere and 2 Shapes","floor":48,"turns":4},{"damage":59,"enemies":"Donu and Deca","floor":50,"turns":5}],"seed_played":"7057685977995044278","potions_obtained":[{"floor":1,"key":"PotionOfCapacity"},{"floor":5,"key":"FocusPotion"},{"floor":14,"key":"EssenceOfDarkness"},{"floor":16,"key":"ColorlessPotion"},{"floor":24,"key":"Block Potion"},{"floor":30,"key":"DuplicationPotion"},{"floor":35,"key":"Fire Potion"},{"floor":38,"key":"ColorlessPotion"},{"floor":47,"key":"Strength Potion"},{"floor":48,"key":"SneckoOil"}],"is_trial":false,"path_per_floor":["M","?","M","?","M","E","R","$","T","R","?","E","M","M","R","B",null,"M","?","$","?","?","R","E","R","T","?","?","R","M","M","R","B",null,"M","M","?","M","M","R","M","R","T","R","$","?","M","M","R","B"],"character_chosen":"DEFECT","items_purchased":["Membership Card","Loop","Toy Ornithopter","Defragment","Lockon","Tempest"],"campfire_rested":5,"item_purchase_floors":[8,20,20,45,45,45],"current_hp_per_floor":[74,56,50,43,43,36,60,60,60,60,49,35,35,21,45,5,82,68,68,68,68,68,68,35,59,59,59,59,59,58,57,57,54,54,36,36,36,44,42,42,21,37,37,37,37,54,23,21,37,0,0],"gold":474,"neow_bonus":"ONE_RANDOM_RARE_CARD","is_daily":false,"chose_seed":false,"campfire_upgraded":5,"win_rate":0.0,"timestamp":1608533894,"path_taken":["M","?","M","?","M","E","R","?","T","R","?","E","M","M","R","BOSS","M","?","$","?","?","R","E","R","T","?","?","R","M","M","R","BOSS","M","M","?","M","M","R","M","R","T","R","$","?","M","M","R","BOSS"],"items_purchased_type":["Relic","Card","Relic","Card","Card","Card"],"build_version":"2020-12-13","purchased_purges":2,"victory":false,"max_hp_per_floor":[75,75,75,75,75,82,82,82,82,82,82,82,82,82,82,82,82,82,82,82,82,82,82,82,82,82,82,82,82,82,82,82,82,54,54,54,54,54,54,54,54,54,54,54,54,54,54,54,54,54,54],"card_choices":[{"not_picked":["Compile Driver","Tempest"],"picked":"Loop","floor":1},{"not_picked":["Sunder","Cold Snap"],"picked":"Doom and Gloom","floor":3},{"not_picked":["Skim","Force Field"],"picked":"White Noise","floor":5},{"not_picked":["Ball Lightning","FTL"],"picked":"Auto Shields","floor":6},{"not_picked":["Gash","Go for the Eyes"],"picked":"Electrodynamics","floor":12},{"not_picked":["Double Energy","Reinforced Body"],"picked":"Hologram","floor":13},{"not_picked":["Turbo","Gash"],"picked":"Loop","floor":14},{"not_picked":["Hyperbeam","Meteor Strike"],"picked":"Buffer","floor":16},{"not_picked":["Redo","Coolheaded"],"picked":"Barrage+1","floor":18},{"not_picked":["Hello World","Go for the Eyes"],"picked":"Hologram","floor":24},{"not_picked":["Aggregate","Go for the Eyes"],"picked":"Rebound+1","floor":30},{"not_picked":["Melter","Darkness"],"picked":"Machine Learning","floor":31},{"not_picked":["Rainbow","Fission"],"picked":"Biased Cognition","floor":33},{"not_picked":["Beam Cell","Recycle"],"picked":"Self Repair","floor":35},{"not_picked":["Ball Lightning","Doom and Gloom+1"],"picked":"Turbo+1","floor":36},{"not_picked":["Panacea","Forethought"],"picked":"Master of Strategy","floor":37},{"not_picked":["Genetic Algorithm","Gash"],"picked":"Undo","floor":38},{"not_picked":["Stack","Glacier+1","Redo"],"picked":"SKIP","floor":39},{"not_picked":["Consume+1","Ball Lightning"],"picked":"Conserve Battery+1","floor":41},{"not_picked":["Glacier","Streamline+1"],"picked":"Creative AI","floor":46},{"not_picked":["Conserve Battery","Rebound"],"picked":"Lockon","floor":47},{"not_picked":["Recycle+1","FTL+1"],"picked":"Ball Lightning+1","floor":48}],"player_experience":1528443,"relics_obtained":[{"floor":6,"key":"Strawberry"},{"floor":9,"key":"Juzu Bracelet"},{"floor":12,"key":"Lantern"},{"floor":24,"key":"Bag of Preparation"},{"floor":26,"key":"MawBank"},{"floor":34,"key":"Omamori"},{"floor":34,"key":"HollowMod:LifeEnderRelic"},{"floor":34,"key":"HollowMod:QueensCombRelic"},{"floor":46,"key":"Turnip"}],"event_choices":[{"damage_healed":0,"gold_gain":0,"player_choice":"Success","damage_taken":18,"relics_obtained":["Letter Opener"],"max_hp_gain":0,"max_hp_loss":0,"event_name":"Scrap Ooze","floor":2,"gold_loss":0},{"cards_removed":["Strike_B"],"damage_healed":0,"gold_gain":0,"player_choice":"Card Removal","damage_taken":7,"max_hp_gain":0,"max_hp_loss":0,"event_name":"Golden Wing","floor":4,"gold_loss":0},{"damage_healed":0,"gold_gain":75,"player_choice":"Gather Gold","damage_taken":11,"max_hp_gain":0,"max_hp_loss":0,"event_name":"World of Goop","floor":11,"gold_loss":0},{"damage_healed":0,"gold_gain":0,"player_choice":"Ignored","damage_taken":0,"max_hp_gain":0,"max_hp_loss":0,"event_name":"Ghosts","floor":19,"gold_loss":0},{"damage_healed":0,"gold_gain":0,"player_choice":"Bought 0 Potions","damage_taken":0,"max_hp_gain":0,"max_hp_loss":0,"event_name":"The Woman in Blue","floor":21,"gold_loss":0},{"cards_removed":["Defend_B"],"damage_healed":0,"gold_gain":0,"player_choice":"Gave Gold","damage_taken":0,"max_hp_gain":0,"max_hp_loss":0,"event_name":"Beggar","floor":22,"gold_loss":75},{"damage_healed":0,"gold_gain":0,"cards_transformed":["Defend_B"],"player_choice":"Transformed","damage_taken":0,"max_hp_gain":0,"max_hp_loss":0,"event_name":"Transmorgrifier","floor":27,"gold_loss":0,"cards_obtained":["Undo"]},{"cards_removed":["Defend_B"],"damage_healed":0,"gold_gain":0,"player_choice":"Elegance","damage_taken":0,"max_hp_gain":0,"max_hp_loss":0,"event_name":"Back to Basics","floor":28,"gold_loss":0},{"damage_healed":0,"gold_gain":0,"player_choice":"Memory 1","damage_taken":0,"max_hp_gain":0,"max_hp_loss":0,"event_name":"SensoryStone","floor":37,"gold_loss":0},{"damage_healed":0,"gold_gain":0,"player_choice":"Fight","damage_taken":0,"max_hp_gain":0,"max_hp_loss":0,"event_name":"MindBloom","floor":46,"gold_loss":0}],"is_beta":false,"boss_relics":[{"not_picked":["Sozu","Tiny House"],"picked":"Empty Cage"},{"not_picked":["Black Star","Fusion Hammer"],"picked":"Calling Bell"}],"items_purged_floors":[20,45],"is_endless":false,"potions_floor_spawned":[1,5,14,16,18,24,30,35,38,47,48],"killed_by":"Donu and Deca","ascension_level":0}}