{"host":"sav7uxregyirlf69","time":1608553784,"event":{"mods":["AchievementEnabler","BaseMod","Colored Map","DeckTracker","Keyboard Shortcuts","Minty Spire (QoL Compilation)","READ ME - Guardian Mod","StSLib","SuperFastMode"],"gold_per_floor":[117,134,153,153,153,153,153,153,179,179,196,196,209,221,221,325,325,338,263,263,263,278,294,156,156,183,58,75,75,95,110,110,209,209,227,241,241,241,257,257,257,257,310,310,330,347,2,22,22,22,22],"floor_reached":50,"playtime":1109,"items_purged":["Strike_R","Strike_R","Strike_R","Cleave"],"score":436,"play_id":"d04bbcb5-1797-424c-8c7b-7042da4bda86","local_time":"20201221212944","is_ascension_mode":false,"campfire_choices":[{"data":"Rage","floor":6,"key":"SMITH"},{"data":"Corruption","floor":8,"key":"SMITH"},{"data":"Bash","floor":10,"key":"SMITH"},{"data":"Body Slam","floor":12,"key":"SMITH"},{"data":"Defend_R","floor":15,"key":"SMITH"},{"data":"Metallicize","floor":29,"key":"SMITH"},{"data":"Armaments","floor":32,"key":"SMITH"},{"data":"Trip","floor":40,"key":"SMITH"},{"data":"Metamorphosis","floor":44,"key":"SMITH"},{"floor":49,"key":"REST"}],"circlet_count":0,"master_deck":["Defend_R+1","Defend_R","Defend_R","Defend_R","Bash+1","Rage+1","Corruption+1","Body Slam+1","Shrug It Off+1","Dropkick","Second Wind","Metallicize+1","Armaments+1","Sentinel","Impervious","Thunderclap+1","Trip+1","Metamorphosis+1","Shrug It Off","Parasite","Metallicize+1","Offering"],"relics":["Runic Pyramid"],"acts_visited":["Exordium","TheCity","TheBeyond"],"potions_floor_usage":[16,16,18,36,36,48,50,50],"damage_taken":[{"damage":3,"enemies":"Small Slimes","floor":1,"turns":3},{"damage":1,"enemies":"2 Louse","floor":2,"turns":3},{"damage":1,"enemies":"Cultist","floor":3,"turns":3},{"damage":3,"enemies":"3 Louse","floor":11,"turns":3},{"damage":0,"enemies":"Large Slime","floor":13,"turns":4},{"damage":6,"enemies":"Lots of Slimes","floor":14,"turns":3},{"damage":8,"enemies":"The Guardian","floor":16,"turns":10},{"damage":7,"enemies":"2 Thieves","floor":18,"turns":4},{"damage":10,"enemies":"Chosen","floor":22,"turns":3},{"damage":5,"enemies":"Centurion and Healer","floor":23,"turns":5},{"damage":6,"enemies":"Sentry and Sphere","floor":28,"turns":7},{"damage":9,"enemies":"Snake Plant","floor":30,"turns":5},{"damage":0,"enemies":"Cultist and Chosen","floor":31,"turns":5},{"damage":17,"enemies":"Champ","floor":33,"turns":15},{"damage":5,"enemies":"3 Shapes","floor":35,"turns":5},{"damage":13,"enemies":"3 Darklings","floor":36,"turns":6},{"damage":29,"enemies":"4 Shapes","floor":39,"turns":8},{"damage":21,"enemies":"Writhing Mass","floor":45,"turns":7},{"damage":21,"enemies":"Jaw Worm Horde","floor":46,"turns":4},{"damage":18,"enemies":"3 Darklings","floor":48,"turns":4},{"damage":31,"enemies":"Awakened One","floor":50,"turns":3}],"seed_played":"-2115068805417944918","potions_obtained":[{"floor":2,"key":"SteroidPotion"},{"floor":3,"key":"BlessingOfTheForge"},{"floor":14,"key":"Fire Potion"},{"floor":16,"key":"Fire Potion"},{"floor":18,"key":"SpeedPotion"},{"floor":30,"key":"Fire Potion"},{"floor":36,"key":"Strength Potion"},{"floor":46,"key":"Explosive Potion"}],"is_trial":false,"path_per_floor":["M","M","M","?","?","R","?","R","T","R","M","R","M","M","R","B",null,"M","$","?","?","M","M","$","?","T","$","M","R","M","M","R","B",null,"M","M","?","?","M","R","?","?","T","R","M","M","$","M","R","B"],"character_chosen":"IRONCLAD","items_purchased":["Metallicize","Offering","Strength Potion"],"campfire_rested":1,"item_purchase_floors":[24,47,47],"current_hp_per_floor":[77,76,75,75,75,75,75,75,75,75,72,72,72,66,66,58,80,73,73,73,73,63,58,58,58,58,58,52,52,43,43,43,26,80,75,62,62,52,23,23,70,66,66,66,45,24,24,6,25,0,0],"gold":22,"neow_bonus":"BOSS_RELIC","is_daily":false,"chose_seed":false,"campfire_upgraded":9,"win_rate":0.0,"timestamp":1608553784,"path_taken":["M","M","M","?","?","R","?","R","T","R","M","R","?","M","R","BOSS","M","$","?","?","?","M","$","?","T","?","M","R","M","M","R","BOSS","M","M","?","?","M","R","?","?","T","R","M","M","$","M","R","BOSS"],"items_purchased_type":["Card","Card","Potion"],"build_version":"2020-12-13","purchased_purges":4,"victory":false,"max_hp_per_floor":[80,80,80,80,80,80,80,80,80,80,80,80,80,80,80,80,80,80,80,80,80,80,80,80,80,80,80,80,80,80,80,80,80,80,80,80,80,80,80,80,70,66,66,66,66,66,66,66,66,66,66],"card_choices":[{"not_picked":["Body Slam","Sentinel"],"picked":"Cleave","floor":1},{"not_picked":["Intimidate","Flex","Sever Soul"],"picked":"SKIP","floor":2},{"not_picked":["Sword Boomerang","Headbutt"],"picked":"Rage","floor":3},{"not_picked":["Sever Soul","Whirlwind"],"picked":"Body Slam","floor":11},{"not_picked":["True Grit","Clothesline","Second Wind"],"picked":"SKIP","floor":13},{"not_picked":["Twin Strike","Clothesline","Wild Strike"],"picked":"SKIP","floor":14},{"not_picked":["Cleave+1","Body Slam+1"],"picked":"Shrug It Off","floor":18},{"not_picked":["Rage","Hemokinesis"],"picked":"Second Wind","floor":22},{"not_picked":["Iron Wave","Sword Boomerang+1","Cleave"],"picked":"SKIP","floor":23},{"not_picked":["Flex","Evolve","Hemokinesis"],"picked":"SKIP","floor":28},{"not_picked":["Clothesline","Heavy Blade"],"picked":"Armaments","floor":30},{"not_picked":["Clothesline+1","Heavy Blade"],"picked":"Sentinel","floor":31},{"not_picked":["Bludgeon","Reaper"],"picked":"Impervious","floor":33},{"not_picked":["Sword Boomerang+1","Blood for Blood","Cleave"],"picked":"SKIP","floor":35},{"not_picked":["Twin Strike","Burning Pact+1"],"picked":"Thunderclap+1","floor":36},{"not_picked":["Transmutation","Bandage Up"],"picked":"Trip","floor":38},{"not_picked":["Dramatic Entrance","Blind"],"picked":"Metamorphosis","floor":38},{"not_picked":["Thunderclap","Perfected Strike"],"picked":"Shrug It Off","floor":39},{"not_picked":["Evolve","Armaments"],"picked":"Metallicize+1","floor":45},{"not_picked":["True Grit","Sword Boomerang","Perfected Strike+1"],"picked":"SKIP","floor":46},{"not_picked":["Entrench","Rupture+1","Headbutt"],"picked":"SKIP","floor":48}],"player_experience":981800,"relics_obtained":[],"event_choices":[{"cards_removed":["Strike_R"],"damage_healed":0,"gold_gain":0,"player_choice":"Forget","damage_taken":0,"max_hp_gain":0,"max_hp_loss":0,"event_name":"Living Wall","floor":4,"gold_loss":0},{"damage_healed":0,"gold_gain":0,"player_choice":"Ignored","damage_taken":0,"max_hp_gain":0,"max_hp_loss":0,"event_name":"Liars Game","floor":5,"gold_loss":0},{"damage_healed":0,"gold_gain":0,"cards_transformed":["Strike_R"],"player_choice":"Transformed","damage_taken":0,"max_hp_gain":0,"max_hp_loss":0,"event_name":"Transmorgrifier","floor":7,"gold_loss":0,"cards_obtained":["Corruption"]},{"damage_healed":0,"gold_gain":0,"player_choice":"Read","damage_taken":0,"max_hp_gain":0,"max_hp_loss":0,"event_name":"The Library","floor":20,"gold_loss":0,"cards_obtained":["Dropkick"]},{"damage_healed":0,"gold_gain":0,"player_choice":"Upgraded","damage_taken":0,"max_hp_gain":0,"max_hp_loss":0,"event_name":"Upgrade Shrine","floor":21,"gold_loss":0,"cards_upgraded":["Shrug It Off"]},{"damage_healed":0,"gold_gain":0,"player_choice":"Ignored","damage_taken":0,"max_hp_gain":0,"max_hp_loss":0,"event_name":"Cursed Tome","floor":25,"gold_loss":0},{"damage_healed":0,"gold_gain":0,"player_choice":"Ignored","damage_taken":0,"max_hp_gain":0,"max_hp_loss":0,"event_name":"Tomb of Lord Red Mask","floor":37,"gold_loss":0},{"damage_healed":0,"gold_gain":0,"player_choice":"Memory 3","damage_taken":10,"max_hp_gain":0,"max_hp_loss":0,"event_name":"SensoryStone","floor":38,"gold_loss":0},{"damage_healed":70,"gold_gain":0,"player_choice":"Heal","damage_taken":0,"max_hp_gain":0,"max_hp_loss":10,"event_name":"The Moai Head","floor":41,"gold_loss":0},{"damage_healed":0,"gold_gain":0,"player_choice":"Max HP","damage_taken":0,"max_hp_gain":0,"max_hp_loss":4,"event_name":"Winding Halls","floor":42,"gold_loss":0}],"is_beta":false,"boss_relics":[{"not_picked":["Astrolabe","Runic Cube","Cursed Key"]},{"not_picked":["Empty Cage","SacredBark","Velvet Choker"]}],"items_purged_floors":[19,24,27,47],"is_endless":false,"potions_floor_spawned":[2,3,14,16,18,30,36,46],"killed_by":"Awakened One","ascension_level":0}}