{"host":"fs9fti79x98y0ceq","time":1608556010,"event":{"mods":["AchievementEnabler","BaseMod","Colored Map","Custom Start","DeckTracker","Hermit","KOR Keyword Fix","Minty Spire (QoL Compilation)","Relic Stats","StSLib","SuperFastMode","everything is the same but u backflip on backflip"],"gold_per_floor":[10,29,45,45,63,63,63,63,86,116,131,156,156,81,81,158,158,177,196,196,196,196,96,107,141,141,141,151,163,176,190,190,190,190],"floor_reached":33,"playtime":929,"items_purged":["Strike_P","Strike_P+1"],"score":605,"play_id":"57ea37e5-f507-43b5-9dea-95b5b8e4e8fc","local_time":"20201221220650","is_ascension_mode":true,"campfire_choices":[{"data":"Eruption","floor":6,"key":"SMITH"},{"data":"Adaptation","floor":8,"key":"SMITH"},{"data":"Tantrum","floor":13,"key":"SMITH"},{"floor":15,"key":"REST"},{"floor":27,"key":"RECALL"},{"floor":32,"key":"REST"}],"circlet_count":0,"master_deck":["AscendersBane","Defend_P+1","Defend_P","Defend_P+1","Eruption+1","Vigilance+1","SignatureMove+1","Vengeance","Tantrum+1","Adaptation+1","EmptyFist","LessonLearned","FearNoEvil","SashWhip","Meditate","TalkToTheHand","MentalFortress"],"relics":["PureWater","Bag of Marbles","Toy Ornithopter","Mercury Hourglass","Bird Faced Urn","VioletLotus","Orichalcum"],"acts_visited":["Exordium","TheCity"],"potions_floor_usage":[10,18,20,24,25,25],"damage_taken":[{"damage":5,"enemies":"2 Louse","floor":1,"turns":4},{"damage":5,"enemies":"Small Slimes","floor":2,"turns":3},{"damage":0,"enemies":"Cultist","floor":3,"turns":2},{"damage":29,"enemies":"Lots of Slimes","floor":5,"turns":3},{"damage":0,"enemies":"Lagavulin","floor":10,"turns":4},{"damage":0,"enemies":"Red Slaver","floor":11,"turns":1},{"damage":35,"enemies":"Gremlin Nob","floor":12,"turns":3},{"damage":0,"enemies":"Slime Boss","floor":16,"turns":4},{"damage":14,"enemies":"3 Byrds","floor":18,"turns":4},{"damage":0,"enemies":"Chosen","floor":19,"turns":1},{"damage":0,"enemies":"Centurion and Healer","floor":20,"turns":1},{"damage":11,"enemies":"Sentry and Sphere","floor":24,"turns":3},{"damage":27,"enemies":"Slavers","floor":25,"turns":4},{"damage":7,"enemies":"Cultist and Chosen","floor":28,"turns":2},{"damage":19,"enemies":"Snake Plant","floor":29,"turns":3},{"damage":0,"enemies":"Centurion and Healer","floor":30,"turns":4},{"damage":16,"enemies":"Shelled Parasite and Fungi","floor":31,"turns":5},{"damage":46,"enemies":"Automaton","floor":33,"turns":6}],"seed_played":"604982317762676345","potions_obtained":[{"floor":1,"key":"Regen Potion"},{"floor":11,"key":"SmokeBomb"},{"floor":16,"key":"ColorlessPotion"},{"floor":18,"key":"EntropicBrew"},{"floor":24,"key":"GamblersBrew"},{"floor":29,"key":"Strength Potion"}],"is_trial":false,"path_per_floor":["M","M","M","?","M","R","?","R","T","E","M","E","R","$","R","B",null,"M","M","M","?","?","$","M","E","T","R","M","M","M","M","R","B"],"character_chosen":"WATCHER","items_purchased":[],"campfire_rested":2,"item_purchase_floors":[],"current_hp_per_floor":[56,51,51,56,27,27,20,20,20,37,37,2,2,2,23,25,61,54,54,61,61,61,61,57,42,42,42,35,18,20,6,27,0,0],"gold":190,"neow_bonus":"TRANSFORM_TWO_CARDS","is_daily":false,"chose_seed":false,"campfire_upgraded":3,"win_rate":0.0,"timestamp":1608556010,"path_taken":["M","M","M","?","M","R","?","R","T","E","M","E","R","$","R","BOSS","M","M","M","?","?","$","M","E","T","R","M","?","M","M","R","BOSS"],"items_purchased_type":[],"build_version":"2020-12-13","purchased_purges":2,"victory":false,"max_hp_per_floor":[68,68,68,73,73,73,73,73,73,73,73,73,73,73,73,73,73,73,73,73,73,73,73,73,73,73,73,73,73,73,73,73,73,73],"relic_stats":{"counters":[18,56],"Bird Faced Urn":[20],"VioletLotus":[15],"Orichalcum":[36],"obtain_stats":[{"Bird Faced Urn":12,"VioletLotus":17,"Bag of Marbles":7,"PureWater":0,"Orichalcum":25,"Toy Ornithopter":9,"Mercury Hourglass":10},{"Bird Faced Urn":7,"VioletLotus":8,"Bag of Marbles":4,"PureWater":0,"Orichalcum":13,"Toy Ornithopter":4,"Mercury Hourglass":5},{"Bird Faced Urn":20,"VioletLotus":24,"Bag of Marbles":12,"PureWater":0,"Orichalcum":37,"Toy Ornithopter":12,"Mercury Hourglass":16}],"Toy Ornithopter":30,"Mercury Hourglass":[166]},"card_choices":[{"not_picked":["DeceiveReality","Halt"],"picked":"Tantrum","floor":1},{"not_picked":["PathToVictory","FollowUp","DeceiveReality"],"picked":"SKIP","floor":2},{"not_picked":["Wallop","Consecrate"],"picked":"Adaptation","floor":3},{"not_picked":["Protect","Prostrate","CutThroughFate"],"picked":"SKIP","floor":5},{"not_picked":["Wish","Protect"],"picked":"EmptyFist","floor":10},{"not_picked":["Worship","Collect","FlyingSleeves"],"picked":"SKIP","floor":11},{"not_picked":["PathToVictory","WheelKick","Evaluate"],"picked":"SKIP","floor":12},{"not_picked":["DeusExMachina","Ragnarok"],"picked":"LessonLearned","floor":16},{"not_picked":["Evaluate","Swivel","CrushJoints"],"picked":"SKIP","floor":18},{"not_picked":["CarveReality+1","CrushJoints","Prostrate"],"picked":"SKIP","floor":19},{"not_picked":["Prostrate+1","EmptyMind","PathToVictory+1"],"picked":"SKIP","floor":24},{"not_picked":["Prostrate","WindmillStrike"],"picked":"Meditate","floor":25},{"not_picked":["WheelKick+1","Nirvana","FlurryOfBlows"],"picked":"SKIP","floor":28},{"not_picked":["EmptyFist","ThirdEye","Protect"],"picked":"SKIP","floor":29},{"not_picked":["LessonLearned","Worship"],"picked":"TalkToTheHand","floor":30},{"not_picked":["WindmillStrike","Evaluate"],"picked":"MentalFortress","floor":31}],"player_experience":409757,"relics_obtained":[{"floor":9,"key":"Toy Ornithopter"},{"floor":10,"key":"Mercury Hourglass"},{"floor":12,"key":"Bird Faced Urn"},{"floor":25,"key":"Orichalcum"}],"event_choices":[{"damage_healed":0,"gold_gain":0,"player_choice":"Donut","damage_taken":0,"max_hp_gain":5,"max_hp_loss":0,"event_name":"Big Fish","floor":4,"gold_loss":0},{"damage_healed":0,"gold_gain":0,"player_choice":"Success","damage_taken":7,"relics_obtained":["Bag of Marbles"],"max_hp_gain":0,"max_hp_loss":0,"event_name":"Scrap Ooze","floor":7,"gold_loss":0},{"damage_healed":0,"gold_gain":0,"player_choice":"Read","damage_taken":0,"max_hp_gain":0,"max_hp_loss":0,"event_name":"The Library","floor":21,"gold_loss":0,"cards_obtained":["FearNoEvil"]},{"damage_healed":0,"gold_gain":0,"cards_transformed":["Strike_P"],"player_choice":"Transformed","damage_taken":0,"max_hp_gain":0,"max_hp_loss":0,"event_name":"Transmorgrifier","floor":22,"gold_loss":0,"cards_obtained":["SashWhip"]}],"is_beta":false,"boss_relics":[{"not_picked":["Philosopher\u0027s Stone","Pandora\u0027s Box"],"picked":"VioletLotus"}],"items_purged_floors":[14,23],"is_endless":false,"potions_floor_spawned":[1,11,16,18,24,29,30],"killed_by":"Automaton","ascension_level":14}}