{"host":"6o1vh5lr98s0jjq7","time":1608552323,"event":{"mods":["2.2 Compatiblity","Act Like it!","Aspiration","BaseMod","Better Altar","Better Match","Better Note","Better Third Choice","Conspire","Downfall","Gensokyo","Hallownest","Infinite Spire","Marisa????????","Minty Spire (QoL Compilation)","Replay The Spire","StSLib","The Alterego","WarShipGirlsR/????R mod"],"gold_per_floor":[199,227,227,227,227,227,227,247,197,231,29,43,54,6,23,23,23],"floor_reached":16,"playtime":802,"items_purged":[],"score":133,"play_id":"1264b983-0621-462c-9574-3cf6869666ea","local_time":"20201221060523","is_ascension_mode":false,"campfire_choices":[{"floor":9,"key":"RECALL"}],"circlet_count":0,"master_deck":["Slimebound:Strike_Slimebound","Slimebound:Strike_Slimebound","Slimebound:Strike_Slimebound","Slimebound:Tackle","Slimebound:Defend_Slimebound","Slimebound:Defend_Slimebound","Slimebound:Defend_Slimebound","Slimebound:Defend_Slimebound","Slimebound:Split","Slimebound:CorrosiveSpit","Slimebound:SlimeSpikes","CommonCold","Slimebound:LevelUp","Slimebound:LevelUp","Slimebound:GoopSpray","Slimebound:SplitBruiser","Slimebound:SlimeBarrage","ReplayTheSpireMod:Brewmster","Slimebound:SplitBruiser","Slimebound:SplitLeeching","Slimebound:Equalize","Slimebound:LeechEnergy","Slimebound:Equalize","Slimebound:LeechingTouch"],"relics":["Slimebound:AbsorbEndCombat","downfall:HeartsMalice","infinitespire:Lychee Nut","Ring of Searing","Slimebound:GreedOozeRelic","infinitespire:Broken Mirror","PreservedInsect"],"acts_visited":["Exordium"],"potions_floor_usage":[12,12,14,14,14,16,16,16],"damage_taken":[{"damage":0,"enemies":"3 Sentries","floor":2,"turns":1},{"damage":0,"enemies":"Small Slimes","floor":4,"turns":1},{"damage":0,"enemies":"Cultist","floor":5,"turns":1},{"damage":8,"enemies":"2 Louse","floor":8,"turns":2},{"damage":30,"enemies":"Lagavulin","floor":10,"turns":5},{"damage":13,"enemies":"downfall:FleeingMerchant","floor":11,"turns":4},{"damage":10,"enemies":"Blue Slaver","floor":12,"turns":2},{"damage":7,"enemies":"3 Louse","floor":13,"turns":3},{"damage":24,"enemies":"downfall:FleeingMerchant","floor":14,"turns":4},{"damage":9,"enemies":"2 Fungi Beasts","floor":15,"turns":3},{"damage":47,"enemies":"downfall:Defect","floor":16,"turns":4}],"seed_played":"2061989979752175254","potions_obtained":[{"floor":8,"key":"Reflective Coating"},{"floor":10,"key":"Slimebound:SlimedPotion"},{"floor":12,"key":"sneckomod:MuddlingPotion"},{"floor":13,"key":"Milkshake"}],"is_trial":false,"path_per_floor":["R","E","?","M","M","?","T","M","R","E","$","M","M","$","M","B"],"character_chosen":"SLIMEBOUND","items_purchased":["ReplayTheSpireMod:Brewmster","Slimebound:SplitBruiser","Slimebound:Equalize"],"campfire_rested":0,"item_purchase_floors":[11,11,14],"current_hp_per_floor":[60,45,45,45,45,45,45,41,41,29,30,27,25,23,29,0,0],"gold":23,"neow_bonus":"THREE_ENEMY_KILL","is_daily":false,"chose_seed":false,"campfire_upgraded":0,"win_rate":0.0,"timestamp":1608552323,"path_taken":["R","E","?","M","M","?","T","M","R","E","$","M","M","?","M","BOSS"],"items_purchased_type":["Card","Card","Card"],"build_version":"2020-12-13","purchased_purges":0,"victory":false,"max_hp_per_floor":[60,45,45,45,45,45,45,45,45,45,45,45,45,45,45,45,45],"card_choices":[{"not_picked":["Slimebound:GoopTackle","Slimebound:FirmFortitude"],"picked":"Slimebound:SlimeSpikes","floor":2},{"not_picked":["Slimebound:LeechEnergy","Slimebound:SplitBruiser"],"picked":"Slimebound:LevelUp","floor":4},{"not_picked":["Slimebound:HauntingLick","Slimebound:Schlurp"],"picked":"Slimebound:LevelUp","floor":5},{"not_picked":["Slimebound:Dissolve","Slimebound:CheckThePlaybook"],"picked":"Slimebound:GoopSpray","floor":8},{"not_picked":["Slimebound:DivideAndConquer","Slimebound:GrowthPunch"],"picked":"Slimebound:SplitBruiser","floor":10},{"not_picked":["Slimebound:Equalize","Slimebound:Schlurp"],"picked":"Slimebound:SlimeBarrage","floor":11},{"not_picked":["Slimebound:ServeAndProtect","Slimebound:LeechingTouch"],"picked":"Slimebound:SplitLeeching","floor":12},{"not_picked":["Slimebound:Gluttony","Slimebound:GoopSpray"],"picked":"Slimebound:Equalize","floor":13},{"not_picked":["Slimebound:ComboTackle","Slimebound:FinishingTackle"],"picked":"Slimebound:LeechEnergy","floor":14},{"not_picked":["Slimebound:RollThrough","Slimebound:Nibble"],"picked":"Slimebound:LeechingTouch","floor":15}],"player_experience":276483,"relics_obtained":[{"floor":2,"key":"infinitespire:Lychee Nut"},{"floor":3,"key":"Ring of Searing"},{"floor":7,"key":"infinitespire:Broken Mirror"},{"floor":10,"key":"PreservedInsect"}],"event_choices":[],"is_beta":false,"boss_relics":[],"items_purged_floors":[],"is_endless":false,"potions_floor_spawned":[8,10,12,13],"killed_by":"downfall:Defect","ascension_level":0}}