{"host":"363c1o4m0ew2jbar","time":1608514247,"event":{"mods":["AchievementEnabler","BaseMod","Better Note","Downfall","Hubris","Minty Spire (QoL Compilation)","StSLib"],"gold_per_floor":[99,125,425,425,425,425,451,481,32,65,75,75,97,197,216,216,216],"floor_reached":16,"playtime":636,"items_purged":["Slimebound:Icky"],"score":145,"play_id":"dd007360-ac47-4742-a272-7a2b7bbccae1","local_time":"20201220153047","is_ascension_mode":true,"campfire_choices":[{"data":"hexamod:Strike","floor":1,"key":"SMITH"},{"floor":6,"key":"REST"}],"circlet_count":0,"master_deck":["hexamod:Strike+1","hexamod:Strike","hexamod:Strike","hexamod:Defend","hexamod:Defend","hexamod:Defend","hexamod:Defend","hexamod:Float","hexamod:BacktrackSmack","hexamod:SpectersWail","hexamod:Firestarter","hexamod:HexaLevel","hexamod:InspiringFlames","hexamod:Hexaguard","hexamod:SecondSeal","hexamod:WildfireWeapon"],"relics":["hexamod:SpiritBrand","MealTicket","Toy Ornithopter","Ornamental Fan","hubris:OldNail","Bronze Scales"],"acts_visited":["Exordium"],"potions_floor_usage":[16],"damage_taken":[{"damage":29,"enemies":"Lagavulin","floor":2,"turns":6},{"damage":10,"enemies":"Gremlin Nob","floor":8,"turns":4},{"damage":0,"enemies":"downfall:FleeingMerchant","floor":9,"turns":4},{"damage":6,"enemies":"3 Sentries","floor":10,"turns":8},{"damage":0,"enemies":"Cultist","floor":11,"turns":3},{"damage":0,"enemies":"Small Slimes","floor":13,"turns":4},{"damage":12,"enemies":"2 Louse","floor":15,"turns":2},{"damage":61,"enemies":"downfall:Ironclad","floor":16,"turns":9}],"seed_played":"-4945780864704493620","potions_obtained":[{"floor":2,"key":"SteroidPotion"},{"floor":13,"key":"SteroidPotion"},{"floor":15,"key":"Regen Potion"}],"is_trial":false,"path_per_floor":["R","E","?","?","?","R","T","E","$","E","M","?","M","?","M","B"],"character_chosen":"THE_SPIRIT","items_purchased":["hexamod:HexaLevel","hexamod:InspiringFlames","hubris:OldNail"],"campfire_rested":1,"item_purchase_floors":[9,9,9],"current_hp_per_floor":[49,20,20,20,20,41,41,31,46,40,40,40,40,40,28,0,0],"gold":216,"neow_bonus":"REMOVE_TWO","is_daily":false,"chose_seed":false,"campfire_upgraded":1,"win_rate":0.0,"timestamp":1608514247,"path_taken":["R","E","?","?","?","R","T","E","$","E","M","?","M","?","M","BOSS"],"items_purchased_type":["Card","Card","Relic"],"build_version":"2020-12-13","purchased_purges":1,"victory":false,"max_hp_per_floor":[70,70,70,70,70,70,70,70,70,70,70,70,70,70,70,70,70],"card_choices":[{"not_picked":["hexamod:Again","hexamod:RainOfEmbers"],"picked":"hexamod:BacktrackSmack","floor":2},{"not_picked":["hexamod:HeatShield","hexamod:GhostShield"],"picked":"hexamod:SpectersWail","floor":8},{"not_picked":["hexamod:BurningTouch","hexamod:Hexaguard"],"picked":"hexamod:Firestarter","floor":9},{"not_picked":["hexamod:GhostflameInferno","hexamod:InspiringFlames"],"picked":"hexamod:Hexaguard","floor":10},{"not_picked":["hexamod:RainOfEmbers","hexamod:HauntingEcho","hexamod:InspiringFlames"],"picked":"SKIP","floor":11},{"not_picked":["hexamod:ShieldOfDarkness","hexamod:BurningTouch"],"picked":"hexamod:WildfireWeapon","floor":13},{"not_picked":["hexamod:RetreatToShadows","hexamod:GhostLash","hexamod:ShieldOfDarkness"],"picked":"SKIP","floor":15}],"player_experience":1128991,"relics_obtained":[{"floor":2,"key":"MealTicket"},{"floor":7,"key":"Toy Ornithopter"},{"floor":8,"key":"Ornamental Fan"},{"floor":10,"key":"Bronze Scales"}],"event_choices":[{"cards_removed":["Slimebound:Icky"],"damage_healed":0,"gold_gain":0,"player_choice":"Forget","damage_taken":0,"max_hp_gain":0,"max_hp_loss":0,"event_name":"Living Wall","floor":5,"gold_loss":0},{"damage_healed":0,"gold_gain":100,"player_choice":"Gold","damage_taken":0,"max_hp_gain":0,"max_hp_loss":0,"event_name":"Wheel of Change","floor":14,"gold_loss":0}],"is_beta":false,"boss_relics":[],"items_purged_floors":[9],"is_endless":false,"potions_floor_spawned":[2,13,15],"killed_by":"downfall:Ironclad","ascension_level":5}}