{"host":"1z4hbl9vfqrhg136","time":1608509831,"event":{"mods":["BaseMod","Minty Spire (QoL Compilation)"],"gold_per_floor":[115,21,39,39,54,54,87,87,113,27,45,59,59,73,73,171,171,186,200,200,150,21,21,46,46,46,87,109,134,162,184,196,208,208],"floor_reached":33,"playtime":2194,"items_purged":[],"score":578,"play_id":"3e598f47-8609-45de-9ce6-6450e9c57f64","local_time":"20201221001711","is_ascension_mode":true,"campfire_choices":[{"data":"Sucker Punch","floor":6.0,"key":"SMITH"},{"data":"Slice","floor":8,"key":"SMITH"},{"data":"Quick Slash","floor":13,"key":"SMITH"},{"data":"Backstab","floor":15,"key":"SMITH"},{"data":"Skewer","floor":23,"key":"SMITH"},{"data":"Terror","floor":25,"key":"SMITH"},{"data":"Noxious Fumes","floor":32,"key":"SMITH"}],"circlet_count":0,"master_deck":["AscendersBane","Strike_G+1","Strike_G+1","Strike_G","Strike_G","Strike_G","Defend_G","Defend_G","Defend_G","Defend_G","Defend_G","Survivor","Neutralize","Sucker Punch+1","Footwork","Backstab+1","Slice+1","Footwork","Adrenaline","Quick Slash+1","Backstab","Adrenaline","After Image","Skewer+1","Caltrops","Noxious Fumes+1","Backflip","Terror+1","Normality","PiercingWail+1","Cloak And Dagger","Footwork","Dagger Throw"],"relics":["Ring of the Snake","Bloody Idol","Boot","Bag of Marbles","Cursed Key","Tingsha","MawBank","Blood Vial"],"acts_visited":["Exordium","TheCity"],"potions_floor_usage":[7,11,16,18,27,27,28,31,33],"damage_taken":[{"damage":0.0,"enemies":"2 Louse","floor":1.0,"turns":4.0},{"damage":5.0,"enemies":"Small Slimes","floor":3.0,"turns":6.0},{"damage":0.0,"enemies":"Cultist","floor":5.0,"turns":3.0},{"damage":14,"enemies":"3 Sentries","floor":7,"turns":8},{"damage":0,"enemies":"Blue Slaver","floor":11,"turns":3},{"damage":0,"enemies":"3 Louse","floor":12,"turns":2},{"damage":0,"enemies":"Large Slime","floor":14,"turns":1},{"damage":11,"enemies":"The Guardian","floor":16,"turns":14},{"damage":0,"enemies":"2 Thieves","floor":18,"turns":1},{"damage":12,"enemies":"Spheric Guardian","floor":19,"turns":4},{"damage":5,"enemies":"Slavers","floor":24,"turns":5},{"damage":25,"enemies":"Gremlin Leader","floor":27,"turns":9},{"damage":1,"enemies":"Chosen and Byrds","floor":28,"turns":5},{"damage":25,"enemies":"Shelled Parasite and Fungi","floor":29,"turns":4},{"damage":19,"enemies":"Snecko","floor":30,"turns":3},{"damage":13,"enemies":"Cultist and Chosen","floor":31,"turns":6},{"damage":41,"enemies":"Collector","floor":33,"turns":9}],"seed_played":"4554413956982764033","potions_obtained":[{"floor":3.0,"key":"LiquidMemories"},{"floor":7,"key":"Regen Potion"},{"floor":11,"key":"AttackPotion"},{"floor":16,"key":"Fire Potion"},{"floor":18,"key":"Poison Potion"},{"floor":19,"key":"CunningPotion"},{"floor":27,"key":"Fruit Juice"},{"floor":29,"key":"LiquidMemories"},{"floor":31,"key":"DistilledChaos"}],"is_trial":false,"path_per_floor":["M","$","M","?","M","R","E","R","T","$","M","M","R","M","R","B",null,"M","M","?","?","$","R","E","R","T","E","M","M","M","M","R","B"],"character_chosen":"THE_SILENT","items_purchased":["Footwork","Strength Potion","Adrenaline","Noxious Fumes","Backflip"],"campfire_rested":0,"item_purchase_floors":[2,2,10,22,22],"current_hp_per_floor":[65,65,60,60,60,60,46,46,46,46,55,55,55,55,55,44,60,60,48,48,48,48,48,48,48,48,38,49,36,29,28,33,0,0],"gold":208,"neow_bonus":"TEN_PERCENT_HP_BONUS","is_daily":false,"chose_seed":false,"campfire_upgraded":7,"win_rate":0.0,"timestamp":1608509831,"path_taken":["M","$","M","?","M","R","E","R","T","$","M","M","R","M","R","BOSS","M","M","?","?","$","R","E","R","T","E","M","?","M","M","R","BOSS"],"items_purchased_type":["Card","Potion","Card","Card","Card"],"build_version":"2020-12-13","purchased_purges":0,"victory":false,"max_hp_per_floor":[72,72,72,65,65,65,65,65,65,65,65,65,65,65,65,65,65,65,65,65,65,65,65,65,65,65,70,70,70,70,70,70,70,70],"card_choices":[{"not_picked":["Prepared","Setup"],"picked":"Sucker Punch","floor":1.0},{"not_picked":["Masterful Stab","Dodge and Roll"],"picked":"Backstab","floor":3.0},{"not_picked":["Tactician","Distraction"],"picked":"Slice","floor":5.0},{"not_picked":["All Out Attack","Blur"],"picked":"Footwork","floor":7},{"not_picked":["Dodge and Roll","Prepared"],"picked":"Quick Slash","floor":11},{"not_picked":["Distraction","Cloak And Dagger"],"picked":"Backstab","floor":12},{"not_picked":["Dodge and Roll","Concentrate"],"picked":"Adrenaline","floor":14},{"not_picked":["Venomology","Adrenaline"],"picked":"After Image","floor":16},{"not_picked":["Deadly Poison","PiercingWail"],"picked":"Skewer","floor":18},{"not_picked":["Blade Dance","Bane"],"picked":"Caltrops","floor":19},{"not_picked":["Outmaneuver","Reflex"],"picked":"Terror","floor":24},{"not_picked":["Blade Dance","Crippling Poison"],"picked":"PiercingWail+1","floor":27},{"not_picked":["Quick Slash","Riddle With Holes","Blur"],"picked":"SKIP","floor":28},{"not_picked":["Concentrate","Underhanded Strike"],"picked":"Cloak And Dagger","floor":29},{"not_picked":["Concentrate","Acrobatics"],"picked":"Footwork","floor":30},{"not_picked":["Finisher","Sucker Punch"],"picked":"Dagger Throw","floor":31}],"player_experience":1842944,"relics_obtained":[{"floor":7,"key":"Boot"},{"floor":9,"key":"Bag of Marbles"},{"floor":24,"key":"Tingsha"},{"floor":26,"key":"MawBank"},{"floor":27,"key":"Blood Vial"}],"event_choices":[{"damage_healed":0.0,"max_hp_gain":0.0,"max_hp_loss":7.0,"gold_gain":0.0,"event_name":"Golden Idol","player_choice":"Lose Max HP","floor":4.0,"gold_loss":0.0,"damage_taken":0.0,"relics_obtained":["Golden Idol"]},{"damage_healed":0,"gold_gain":0,"player_choice":"Gave Idol","damage_taken":0,"relics_obtained":["Bloody Idol"],"max_hp_gain":0,"max_hp_loss":0,"event_name":"Forgotten Altar","floor":20,"relics_lost":["Golden Idol"],"gold_loss":0},{"damage_healed":0,"gold_gain":0,"player_choice":"Upgraded Two","damage_taken":0,"max_hp_gain":0,"max_hp_loss":0,"event_name":"Designer","floor":21,"gold_loss":50,"cards_upgraded":["Strike_G","Strike_G"]}],"is_beta":false,"boss_relics":[{"not_picked":["Empty Cage","Black Star"],"picked":"Cursed Key"}],"items_purged_floors":[],"is_endless":false,"potions_floor_spawned":[3,7,11,16,18,19,27,29,31],"killed_by":"Collector","ascension_level":20}}