{"host":"xyexbe31ku0ov20l","time":1608541214,"event":{"mods":["AchievementEnabler","AlwaysNeverKeys","BaseMod","Bestiary","Block Reminder","Colored Map","Colored Powertips","Curses Come First","Displayed Cursed Tome","Minty Spire (QoL Compilation)","Permanent Neow","Quick Restart","Random Character Button","Rare Cards Sparkle","Relic Stats","StSLib"],"gold_per_floor":[114,127,139,119,35,35,35,35,82,82,117,117,135,135,135,135,135],"floor_reached":16,"playtime":501,"items_purged":[],"score":145,"play_id":"86f7fc11-8d78-4def-9bc5-58cbbbe19f58","local_time":"20201221010014","is_ascension_mode":true,"campfire_choices":[{"floor":6.0,"key":"REST"},{"data":"Fusion","floor":8.0,"key":"SMITH"},{"data":"Enlightenment","floor":10.0,"key":"SMITH"},{"data":"Zap","floor":15,"key":"SMITH"}],"circlet_count":0,"master_deck":["Strike_B","Strike_B","Defend_B","Defend_B","Defend_B","Defend_B","Zap+1","Dualcast","Darkness","Storm","Sunder","Fusion+1","Reinforced Body","Enlightenment+1","Injury","Core Surge","Decay","Auto Shields"],"relics":["Cracked Core","Golden Idol","Art of War","Pantograph"],"acts_visited":["Exordium"],"potions_floor_usage":[14,16],"damage_taken":[{"damage":9.0,"enemies":"Small Slimes","floor":1.0,"turns":3.0},{"damage":1.0,"enemies":"Cultist","floor":2.0,"turns":4.0},{"damage":2.0,"enemies":"Jaw Worm","floor":3.0,"turns":3.0},{"damage":44.0,"enemies":"Gremlin Nob","floor":11.0,"turns":7.0},{"damage":9,"enemies":"3 Louse","floor":13,"turns":3},{"damage":0,"enemies":"Red Slaver","floor":14,"turns":1},{"damage":34,"enemies":"Hexaghost","floor":16,"turns":9}],"seed_played":"-8476981106401748351","potions_obtained":[{"floor":1.0,"key":"Block Potion"},{"floor":3.0,"key":"SmokeBomb"},{"floor":4.0,"key":"Dexterity Potion"},{"floor":13,"key":"Dexterity Potion"}],"is_trial":false,"path_per_floor":["M","M","M","?","$","R","?","R","T","R","E","?","M","M","R","B"],"character_chosen":"DEFECT","items_purchased":["Enlightenment"],"campfire_rested":1,"item_purchase_floors":[5],"current_hp_per_floor":[41,40,38,38,38,60,60,60,60,60,16,16,7,7,7,0,0],"gold":135,"neow_bonus":"TRANSFORM_TWO_CARDS","is_daily":false,"chose_seed":false,"campfire_upgraded":3,"win_rate":0.0,"timestamp":1608541214,"path_taken":["M","M","M","?","?","R","?","R","T","R","E","?","?","M","R","BOSS"],"items_purchased_type":["Card"],"build_version":"2020-12-13","purchased_purges":0,"victory":false,"max_hp_per_floor":[75,75,75,75,75,75,75,75,75,75,75,75,75,75,75,75,75],"relic_stats":{"counters":[7,30],"Golden Idol":16,"Pantograph":25,"Art of War":[4],"obtain_stats":[{"Golden Idol":7,"Pantograph":11,"Art of War":9,"Cracked Core":0},{"Golden Idol":3,"Pantograph":4,"Art of War":3,"Cracked Core":0},{"Golden Idol":10,"Pantograph":17,"Art of War":10,"Cracked Core":0}]},"card_choices":[{"not_picked":["Cold Snap","Heatsinks"],"picked":"Sunder","floor":1.0},{"not_picked":["Tempest","Redo"],"picked":"Fusion","floor":2.0},{"not_picked":["Hello World","Undo"],"picked":"Reinforced Body","floor":3.0},{"not_picked":["BootSequence","Leap"],"picked":"Core Surge","floor":11.0},{"not_picked":["Barrage","Leap"],"picked":"Auto Shields","floor":13}],"player_experience":2262002,"relics_obtained":[{"floor":9.0,"key":"Art of War"},{"floor":11.0,"key":"Pantograph"}],"event_choices":[{"damage_healed":0.0,"max_hp_gain":0.0,"max_hp_loss":0.0,"gold_gain":0.0,"event_name":"The Woman in Blue","player_choice":"Bought 1 Potion","floor":4.0,"gold_loss":0.0,"damage_taken":0.0},{"damage_healed":0.0,"max_hp_gain":0.0,"max_hp_loss":0.0,"gold_gain":0.0,"event_name":"Golden Idol","player_choice":"Take Wound","floor":7.0,"gold_loss":0.0,"damage_taken":0.0,"relics_obtained":["Golden Idol"],"cards_obtained":["Injury"]},{"damage_healed":0.0,"max_hp_gain":0.0,"max_hp_loss":0.0,"gold_gain":0.0,"event_name":"Wheel of Change","player_choice":"Cursed","floor":12.0,"gold_loss":0.0,"damage_taken":0.0,"cards_obtained":["Decay"]}],"is_beta":false,"boss_relics":[],"items_purged_floors":[],"is_endless":false,"potions_floor_spawned":[1,3,13],"killed_by":"Hexaghost","ascension_level":9}}