{"host":"y89x8uui45kcjy42","time":1608539906,"event":{"mods":["2.2 Compatiblity","BaseMod","CapriCore","Colored Map","Colored Powertips","Custom Start","Friendly Minions","Highlight Path","Keyboard Shortcuts","Minty Spire (QoL Compilation)","Relic Stats","Slay the Relics Exporter","StSLib","SuperFastMode","Waifu the Spire"],"gold_per_floor":[110,110,128,203,83,117,117,136,136,148,165,165,179,229,229,229,229],"floor_reached":16,"playtime":247,"items_purged":["Strike_B"],"score":254,"play_id":"0edd8f50-3eb6-472c-8d7e-bfaea7f2c075","local_time":"20201221173826","is_ascension_mode":true,"campfire_choices":[{"data":"Defragment","floor":7,"key":"SMITH"},{"floor":12,"key":"REST"},{"floor":15,"key":"DIG"}],"circlet_count":0,"master_deck":["AscendersBane","Strike_B","Strike_B","Strike_B","Defend_B","Defend_B","Defend_B","Defend_B","Zap","Dualcast","Beam Cell","Loop","Defragment+1","Genetic Algorithm","Seek"],"relics":["Cracked Core","NeowsBlessing","Turnip","Shovel","Anchor"],"acts_visited":["Exordium"],"potions_floor_usage":[16],"damage_taken":[{"damage":0,"enemies":"2 Louse","floor":1,"turns":1},{"damage":0,"enemies":"Small Slimes","floor":3,"turns":1},{"damage":0,"enemies":"3 Sentries","floor":6,"turns":1},{"damage":8,"enemies":"Cultist","floor":8,"turns":5},{"damage":5,"enemies":"2 Fungi Beasts","floor":10,"turns":3},{"damage":17,"enemies":"3 Louse","floor":11,"turns":6},{"damage":6,"enemies":"Blue Slaver","floor":13,"turns":4},{"damage":51,"enemies":"Slime Boss","floor":16,"turns":6}],"seed_played":"-9202293060428323539","potions_obtained":[{"floor":3,"key":"SmokeBomb"},{"floor":8,"key":"LiquidBronze"},{"floor":10,"key":"Energy Potion"},{"floor":13,"key":"Block Potion"}],"is_trial":false,"path_per_floor":["M","?","M","?","$","E","R","M","T","M","M","R","M","?","R","B"],"character_chosen":"DEFECT","items_purchased":["Loop"],"campfire_rested":1,"item_purchase_floors":[5],"current_hp_per_floor":[64,69,69,58,58,58,58,50,50,45,28,50,44,44,44,0,0],"gold":229,"neow_bonus":"THREE_ENEMY_KILL","is_daily":false,"chose_seed":false,"campfire_upgraded":1,"win_rate":0.0,"timestamp":1608539906,"path_taken":["M","?","M","?","$","E","R","M","T","M","M","R","M","?","R","BOSS"],"items_purchased_type":["Card"],"build_version":"2020-12-13","purchased_purges":1,"victory":false,"max_hp_per_floor":[71,76,76,76,76,76,76,76,76,76,76,76,76,76,76,76,76],"relic_stats":{"Shovel":1,"counters":[8,27],"Turnip":[3],"obtain_stats":[{"Anchor":15,"Shovel":9,"NeowsBlessing":0,"Turnip":6,"Cracked Core":0},{"Anchor":7,"Shovel":4,"NeowsBlessing":0,"Turnip":3,"Cracked Core":0},{"Anchor":21,"Shovel":8,"NeowsBlessing":0,"Turnip":3,"Cracked Core":0}]},"card_choices":[{"not_picked":["Go for the Eyes","Leap","Rebound"],"picked":"SKIP","floor":1},{"not_picked":["Sweeping Beam","White Noise"],"picked":"Beam Cell","floor":3},{"not_picked":["Recycle","Rebound"],"picked":"Defragment","floor":6},{"not_picked":["Leap","Double Energy"],"picked":"Genetic Algorithm","floor":8},{"not_picked":["Stack","Rip and Tear","Force Field"],"picked":"SKIP","floor":10},{"not_picked":["Barrage","Stack"],"picked":"Seek","floor":11},{"not_picked":["Compile Driver","Genetic Algorithm","Beam Cell"],"picked":"SKIP","floor":13}],"player_experience":508501,"relics_obtained":[{"floor":6,"key":"Turnip"},{"floor":9,"key":"Shovel"},{"floor":15,"key":"Anchor"}],"event_choices":[{"damage_healed":0,"gold_gain":0,"player_choice":"Donut","damage_taken":0,"max_hp_gain":5,"max_hp_loss":0,"event_name":"Big Fish","floor":2,"gold_loss":0},{"damage_healed":0,"gold_gain":75,"player_choice":"Gather Gold","damage_taken":11,"max_hp_gain":0,"max_hp_loss":0,"event_name":"World of Goop","floor":4,"gold_loss":0},{"damage_healed":0,"gold_gain":50,"player_choice":"Pray","damage_taken":0,"max_hp_gain":0,"max_hp_loss":0,"event_name":"Golden Shrine","floor":14,"gold_loss":0}],"is_beta":false,"boss_relics":[],"items_purged_floors":[5],"is_endless":false,"potions_floor_spawned":[3,8,10,13],"killed_by":"Slime Boss","ascension_level":20}}