{"host":"tpbmol9dayg75a5s","time":1608510517,"event":{"mods":["2.2 Compatiblity","BaseMod","Bestiary","Block Reminder","Colored Powertips","Downfall","Minty Spire (QoL Compilation)","Relic Stats","StSLib"],"gold_per_floor":[199,210,226,236,68,99,99,110,35,64,88,100,112,136,158,268,280,217,246,258,286,326,338,396,408,447,459,471,502,514,211,226,330,330,330,346,346,346,379,379,379,304,335,335,345,345,97,20,34,34,34,63,63,63,63],"floor_reached":56,"playtime":5480,"items_purged":["Parasite","champ:Backstep"],"score":1376,"play_id":"ff756ff8-bc07-4846-86a5-0c116c514731","local_time":"20201220212837","is_ascension_mode":true,"campfire_choices":[{"floor":1,"key":"RECALL"},{"floor":9,"key":"REST"},{"data":"champ:Taunt","floor":18,"key":"SMITH"},{"data":"champ:StanceDance","floor":20,"key":"SMITH"},{"data":"champ:AdrenalArmor","floor":23,"key":"SMITH"},{"data":"champ:Encircle","floor":25,"key":"SMITH"},{"data":"champ:FocusedBerserking","floor":27,"key":"SMITH"},{"data":"champ:FocusedBerserking","floor":35,"key":"SMITH"},{"data":"champ:FocusedBerserking","floor":37,"key":"SMITH"},{"data":"champ:RageSigil","floor":40,"key":"SMITH"},{"data":"champ:Control","floor":42,"key":"SMITH"},{"data":"champ:BerserkersShout","floor":44,"key":"SMITH"},{"data":"champ:CalledShot","floor":54,"key":"SMITH"}],"circlet_count":0,"master_deck":["champ:Strike","champ:Strike","champ:Strike","champ:Defend","champ:Defend","champ:Defend","champ:Defend","champ:Execute","champ:Taunt+1","champ:AdrenalArmor+1","champ:FocusedBerserking+1","champ:FanOfKnives","champ:BringItOn","champ:Control+1","champ:Encircle+1","champ:BerserkerStyle","champ:Encircle+1","champ:StanceDance+1","champ:FocusedBerserking+1","champ:RageSigil+1","champ:SwordThrow+1","champ:FanOfKnives+1","champ:BerserkersShout+1","champ:Duel+1","champ:EndlessRage","champ:FocusedBerserking+1","champ:Encircle+1","champ:LastStand","champ:RageSigil+1","champ:VampiricStrike+1","expansioncontent:DashGenerateEvil+1","champ:CalledShot+1","champ:FaceSlap+1"],"relics":["champ:ChampionCrown","White Beast Statue","Molten Egg 2","downfall:HeartBlessingRed","MawBank","expansioncontent:StudyCardRelic","downfall:HeartBlessingGreen","Pear","Bottled Lightning","Enchiridion","downfall:RedIOU","Strange Spoon","Black Star","Singing Bowl","Question Card","Toy Ornithopter","downfall:HeartBlessingBlue","InkBottle","Anchor","sneckomod:BlankCard","Ancient Tea Set","Pocketwatch","HornCleat"],"acts_visited":["Exordium","TheCity","TheBeyond","TheEnding"],"potions_floor_usage":[16,16,16,55],"damage_taken":[{"damage":9,"enemies":"Cultist","floor":2,"turns":4},{"damage":8,"enemies":"2 Louse","floor":3,"turns":4},{"damage":6,"enemies":"Small Slimes","floor":4,"turns":4},{"damage":19,"enemies":"downfall:FleeingMerchant","floor":5,"turns":4},{"damage":51,"enemies":"Gremlin Nob","floor":6,"turns":5},{"damage":28,"enemies":"2 Fungi Beasts","floor":8,"turns":4},{"damage":37,"enemies":"Lagavulin","floor":10,"turns":6},{"damage":28,"enemies":"Blue Slaver","floor":11,"turns":3},{"damage":24,"enemies":"Large Slime","floor":14,"turns":4},{"damage":25,"enemies":"Gremlin Gang","floor":15,"turns":2},{"damage":77,"enemies":"downfall:Defect","floor":16,"turns":8},{"damage":47,"enemies":"3 Byrds","floor":19,"turns":5},{"damage":30,"enemies":"Snecko","floor":21,"turns":3},{"damage":51,"enemies":"Book of Stabbing","floor":22,"turns":4},{"damage":56,"enemies":"Slavers","floor":26,"turns":4},{"damage":39,"enemies":"3 Cultists","floor":29,"turns":3},{"damage":43,"enemies":"downfall:FleeingMerchant","floor":31,"turns":4},{"damage":33,"enemies":"Snake Plant","floor":32,"turns":2},{"damage":66,"enemies":"downfall:Ironclad","floor":33,"turns":4},{"damage":74,"enemies":"3 Darklings","floor":36,"turns":3},{"damage":85,"enemies":"Nemesis","floor":39,"turns":5},{"damage":38,"enemies":"Reptomancer","floor":43,"turns":2},{"damage":36,"enemies":"3 Shapes","floor":45,"turns":2},{"damage":58,"enemies":"downfall:FleeingMerchant","floor":47,"turns":3},{"damage":43,"enemies":"Sphere and 2 Shapes","floor":49,"turns":3},{"damage":47,"enemies":"downfall:Silent","floor":50,"turns":3},{"damage":69,"enemies":"downfall:CharBossMerchant","floor":52,"turns":2},{"damage":203,"enemies":"downfall:NeowBoss","floor":55,"turns":11}],"seed_played":"2849365730607089131","potions_obtained":[{"floor":4,"key":"SneckoOil"},{"floor":6,"key":"Regen Potion"},{"floor":8,"key":"LiquidBronze"},{"floor":11,"key":"champ:TechniquePotion"},{"floor":16,"key":"hexamod:EctoCoolerPotion"},{"floor":19,"key":"Explosive Potion"},{"floor":21,"key":"DuplicationPotion"},{"floor":22,"key":"CultistPotion"}],"is_trial":false,"path_per_floor":["R","M","M","M","$","E","T","M","R","E","M","?","?","M","M","B",null,"R","M","R","M","E","R","T","R","E","R","?","M","?","$","M","B",null,"R","M","R","?","E","R","T","R","E","R","M","?","$","$","M","B",null,"E","$","R","B",null],"character_chosen":"THE_CHAMP","items_purchased":["champ:Backstep","champ:Control","champ:Encircle","champ:FocusedBerserking","Strange Spoon","sneckomod:BlankCard","expansioncontent:DashGenerateEvil+1","Ancient Tea Set","champ:CalledShot"],"campfire_rested":1,"item_purchase_floors":[5,5,5,31,31,47,47,47,48],"current_hp_per_floor":[90,86,85,84,79,41,41,26,53,39,31,53,53,57,50,39,90,90,88,88,90,100,100,100,100,78,78,62,89,89,97,97,97,97,97,62,62,62,86,86,86,96,109,109,111,111,113,113,113,113,113,115,115,115,115],"gold":63,"neow_bonus":"HUNDRED_GOLD","is_daily":false,"chose_seed":false,"campfire_upgraded":11,"win_rate":0.0,"timestamp":1608510517,"path_taken":["R","M","M","M","$","E","T","M","R","E","?","?","?","M","M","BOSS","R","M","R","?","E","R","T","R","E","R","?","M","?","$","M","BOSS","R","M","R","?","E","R","T","R","E","R","M","?","$","$","M","BOSS","E","$","R","BOSS"],"items_purchased_type":["Card","Card","Card","Card","Relic","Relic","Card","Relic","Card"],"build_version":"2020-12-13","purchased_purges":2,"victory":true,"max_hp_per_floor":[90,90,90,90,90,90,90,90,90,90,90,90,90,90,90,90,90,90,90,90,90,100,100,100,100,100,100,100,100,100,97,97,97,97,97,97,97,97,99,99,99,109,109,109,111,111,113,113,113,113,113,115,115,115,115],"relic_stats":{"Strange Spoon":[19],"Singing Bowl":8,"counters":[28,111],"Black Star":3,"MawBank":252,"Question Card":5,"obtain_stats":[{"Pear":22,"downfall:HeartBlessingRed":9,"Singing Bowl":38,"sneckomod:BlankCard":47,"Enchiridion":28,"champ:ChampionCrown":0,"downfall:HeartBlessingGreen":18,"expansioncontent:StudyCardRelic":17,"MawBank":10,"Question Card":39,"Ancient Tea Set":47,"White Beast Statue":6,"Blood Vial":24,"Strange Spoon":31,"Anchor":43,"HornCleat":52,"downfall:HeartBlessingBlue":42,"Molten Egg 2":7,"downfall:RedIOU":30,"Black Star":34,"Bottled Lightning":26,"Toy Ornithopter":39,"InkBottle":43,"Pocketwatch":52},{"Pear":14,"downfall:HeartBlessingRed":6,"Singing Bowl":20,"sneckomod:BlankCard":24,"Enchiridion":15,"champ:ChampionCrown":0,"downfall:HeartBlessingGreen":11,"expansioncontent:StudyCardRelic":11,"MawBank":7,"Question Card":21,"Ancient Tea Set":24,"White Beast Statue":5,"Blood Vial":14,"Strange Spoon":17,"Anchor":22,"HornCleat":27,"downfall:HeartBlessingBlue":21,"Molten Egg 2":5,"downfall:RedIOU":16,"Black Star":19,"Bottled Lightning":15,"Toy Ornithopter":21,"InkBottle":22,"Pocketwatch":27},{"Pear":60,"downfall:HeartBlessingRed":25,"Singing Bowl":80,"sneckomod:BlankCard":92,"Enchiridion":64,"champ:ChampionCrown":0,"downfall:HeartBlessingGreen":48,"expansioncontent:StudyCardRelic":48,"MawBank":31,"Question Card":85,"Ancient Tea Set":92,"White Beast Statue":21,"Blood Vial":60,"Strange Spoon":71,"Anchor":87,"HornCleat":100,"downfall:HeartBlessingBlue":85,"Molten Egg 2":21,"downfall:RedIOU":67,"Black Star":77,"Bottled Lightning":64,"Toy Ornithopter":85,"InkBottle":87,"Pocketwatch":100}],"Toy Ornithopter":0,"InkBottle":[15],"Pocketwatch":[8]},"card_choices":[{"not_picked":["champ:BringItOn","champ:FanOfKnives"],"picked":"champ:AdrenalArmor","floor":2},{"not_picked":["champ:SwordSigil","champ:BerserkersShout"],"picked":"champ:FocusedBerserking","floor":3},{"not_picked":["champ:Balance","champ:BerserkersShout"],"picked":"champ:FanOfKnives","floor":4},{"not_picked":["champ:TornadoPunch","champ:RisingSlash"],"picked":"champ:BringItOn","floor":5},{"not_picked":["champ:ShieldSigil","champ:Circumvent","champ:StrikeOfGenius"],"picked":"SKIP","floor":6},{"not_picked":["champ:AdrenalArmor","champ:GladiatorsShout"],"picked":"champ:BerserkerStyle","floor":8},{"not_picked":["champ:ArenaPreparation","champ:FlashCut+1"],"picked":"champ:Encircle+1","floor":10},{"not_picked":["champ:BerserkersShout","champ:ShieldSigil"],"picked":"champ:StanceDance","floor":11},{"not_picked":["champ:FocusedDefense","champ:SkillfulDodge","champ:FanOfKnives+1"],"picked":"SKIP","floor":14},{"not_picked":["champ:BerserkerStyle","champ:CrookedStrike+1"],"picked":"champ:RageSigil","floor":15},{"not_picked":["champ:StrikeOfGenius","champ:SteelEdge+1"],"picked":"champ:SwordThrow+1","floor":16},{"not_picked":["champ:StanceDance","champ:GladiatorsShout"],"picked":"champ:FanOfKnives+1","floor":19},{"not_picked":["champ:Circumvent","champ:Haymaker+1","champ:SwordSigil"],"picked":"SKIP","floor":21},{"not_picked":["champ:BerserkerStyle","champ:Backstep"],"picked":"champ:BerserkersShout","floor":22},{"not_picked":["champ:EnGarde","champ:CrookedStrike+1","champ:StrikeOfGenius"],"picked":"SKIP","floor":26},{"not_picked":["champ:FanOfKnives+1","champ:Lariat+1"],"picked":"champ:Duel+1","floor":29},{"not_picked":["champ:TornadoPunch+1","champ:StanceDance"],"picked":"champ:EndlessRage","floor":31},{"not_picked":["champ:FlashCut+1","champ:EndlessRage"],"picked":"champ:Encircle+1","floor":32},{"not_picked":["champ:CrownThrow+1","champ:Devastate+1"],"picked":"champ:LastStand","floor":33},{"not_picked":["champ:BerserkersShout","champ:IronFortress"],"picked":"champ:RageSigil+1","floor":36},{"not_picked":["champ:EnragedBash+1","champ:Backstep+1","champ:Circumvent"],"picked":"Singing Bowl","floor":39},{"not_picked":["champ:PerfectedStrike+1","champ:Encircle+1","champ:ShieldSlam+1"],"picked":"champ:VampiricStrike+1","floor":43},{"not_picked":["champ:Circumvent","champ:BerserkersShout+1","champ:GladiatorsShout+1","champ:Riposte"],"picked":"Singing Bowl","floor":45},{"not_picked":["champ:FanOfKnives+1","champ:BringItOn+1","champ:Duel+1","champ:Aggression"],"picked":"Singing Bowl","floor":47},{"not_picked":["champ:FocusedBerserking+1","champ:BerserkersShout+1","champ:ShieldWall+1"],"picked":"champ:FaceSlap+1","floor":49},{"not_picked":["champ:EndlessRage+1","champ:Duel+1","champ:BerserkersShout+1","champ:CrookedStrike+1"],"picked":"Singing Bowl","floor":52}],"player_experience":950301,"relics_obtained":[{"floor":6,"key":"White Beast Statue"},{"floor":7,"key":"Molten Egg 2"},{"floor":10,"key":"MawBank"},{"floor":22,"key":"Pear"},{"floor":24,"key":"Blood Vial"},{"floor":26,"key":"Bottled Lightning"},{"floor":28,"key":"Enchiridion"},{"floor":38,"key":"Singing Bowl"},{"floor":39,"key":"Question Card"},{"floor":39,"key":"Toy Ornithopter"},{"floor":43,"key":"InkBottle"},{"floor":43,"key":"Anchor"},{"floor":52,"key":"Pocketwatch"},{"floor":52,"key":"HornCleat"}],"event_choices":[{"damage_healed":22,"gold_gain":0,"player_choice":"Healed and dodged fight","damage_taken":0,"max_hp_gain":0,"max_hp_loss":0,"event_name":"Mushrooms","floor":12,"gold_loss":0,"cards_obtained":["Parasite"]},{"damage_healed":0,"gold_gain":0,"cards_transformed":["champ:Strike"],"player_choice":"Transformed","damage_taken":0,"max_hp_gain":0,"max_hp_loss":0,"event_name":"Transmorgrifier","floor":13,"gold_loss":0,"cards_obtained":["champ:FocusedBerserking"]}],"is_beta":false,"boss_relics":[{"not_picked":["Astrolabe","Cursed Key"],"picked":"expansioncontent:StudyCardRelic"},{"not_picked":["Fusion Hammer","SacredBark"],"picked":"Black Star"}],"items_purged_floors":[31,47],"is_endless":false,"potions_floor_spawned":[4,6,8,10,11,14,15,16,19,21,22,26,29,31,32,33,36,39,43,45,47,49,52],"ascension_level":2}}