{"host":"5ygm0jh81n7e92ft","time":1608518562,"event":{"mods":["BaseMod","Colored Map","Colored Powertips","Minty Spire (QoL Compilation)","StSLib","The Animator","The Bug Knight"],"gold_per_floor":[115,127,138,88,105,105,116,129,179,190,223,223,257,257,257,353,353,364,381,381,381,392,392,418,15,15,15,29,45,77,0,0,100,100,118,118,134,148,159,159,185,185,208,208,208,208],"floor_reached":45,"playtime":9214,"items_purged":["HollowMod:NailStrikeStart"],"score":497,"play_id":"2df813ab-9f23-4d4b-8d13-ca733f812563","local_time":"20201220214242","is_ascension_mode":false,"campfire_choices":[{"data":"HollowMod:FocusHealStart","floor":6.0,"key":"SMITH"},{"data":"HollowMod:DashSlash","floor":12.0,"key":"SMITH"},{"data":"HollowMod:SiblingsSouls","floor":15.0,"key":"SMITH"},{"floor":23.0,"key":"REST"},{"floor":27.0,"key":"REST"},{"data":"HollowMod:Hiveblood","floor":32.0,"key":"SMITH"},{"data":"HollowMod:ShadowDash","floor":40,"key":"SMITH"},{"data":"HollowMod:ShadowDash","floor":42,"key":"SMITH"},{"data":"J.A.X.","floor":44,"key":"SMITH"}],"circlet_count":0,"master_deck":["HollowMod:QuickDashStart","HollowMod:QuickDashStart","HollowMod:QuickDashStart","HollowMod:QuickDashStart","HollowMod:FocusHealStart+1","HollowMod:PogoStrike","HollowMod:WraithStrike","HollowMod:SharpenedNail","HollowMod:HeavyBlow","HollowMod:SiblingsSouls+1","HollowMod:DashSlash+1","HollowMod:PerfectDash","HollowMod:AbyssShriek","HollowMod:FastStrike","HollowMod:QuirrelsAssistance","HollowMod:LifebloodCore","HollowMod:ShadowDash+1","HollowMod:CycloneSlash+1","J.A.X.+1","HollowMod:DesolateDive+1","HollowMod:WraithStrike+1","HollowMod:WraithStrike","HollowMod:DungDefenderAura","HollowMod:Hiveblood+1","HollowMod:ZotesMagnificence","HollowMod:GreatSlash+1","HollowMod:BlackTendrils+1","HollowMod:CloakDash+1","HollowMod:ShadowDash+1","HollowMod:GrimmsGift+1"],"relics":["HollowMod:VoidIdolRelic","Happy Flower","Nunchaku","Meat on the Bone","Empty Cage","Nilry\u0027s Codex","MawBank","HornCleat","Pocketwatch","Question Card","HollowMod:LifeEnderRelic","HollowMod:StagPassRelic","HollowMod:LifeEnderRelic","Bag of Preparation"],"acts_visited":["TheCity","TheBeyond"],"potions_floor_usage":[37,45,45],"damage_taken":[{"damage":0.0,"enemies":"Small Slimes","floor":1.0,"turns":4.0},{"damage":0.0,"enemies":"2 Louse","floor":2.0,"turns":2.0},{"damage":0.0,"enemies":"Cultist","floor":3.0,"turns":3.0},{"damage":12.0,"enemies":"Exordium Wildlife","floor":5.0,"turns":5.0},{"damage":1.0,"enemies":"3 Louse","floor":7.0,"turns":3.0},{"damage":2.0,"enemies":"Blue Slaver","floor":8.0,"turns":4.0},{"damage":17.0,"enemies":"Exordium Thugs","floor":10.0,"turns":6.0},{"damage":10.0,"enemies":"Gremlin Nob","floor":11.0,"turns":4.0},{"damage":15.0,"enemies":"Lagavulin","floor":13.0,"turns":9.0},{"damage":42.0,"enemies":"Hexaghost","floor":16.0,"turns":10.0},{"damage":18.0,"enemies":"Shell Parasite","floor":18.0,"turns":5.0},{"damage":39.0,"enemies":"3 Byrds","floor":19.0,"turns":6.0},{"damage":12.0,"enemies":"Snecko","floor":22.0,"turns":3.0},{"damage":45.0,"enemies":"Book of Stabbing","floor":24.0,"turns":7.0},{"damage":0.0,"enemies":"Sentry and Sphere","floor":28.0,"turns":5.0},{"damage":3.0,"enemies":"Snake Plant","floor":29.0,"turns":4.0},{"damage":22.0,"enemies":"HollowMod:Nosk","floor":30.0,"turns":7.0},{"damage":72.0,"enemies":"Automaton","floor":33.0,"turns":10.0},{"damage":19.0,"enemies":"Orb Walker","floor":35.0,"turns":3.0},{"damage":38,"enemies":"3 Shapes","floor":37,"turns":8},{"damage":21,"enemies":"Maw","floor":38,"turns":7},{"damage":68,"enemies":"Sphere and 2 Shapes","floor":39,"turns":5},{"damage":63,"enemies":"Nemesis","floor":41,"turns":9},{"damage":84,"enemies":"Reptomancer","floor":45,"turns":6}],"seed_played":"-6798309835079292034","potions_obtained":[{"floor":1.0,"key":"SkillPotion"},{"floor":5.0,"key":"Strength Potion"},{"floor":13.0,"key":"BlessingOfTheForge"},{"floor":28.0,"key":"Weak Potion"},{"floor":29.0,"key":"AttackPotion"},{"floor":33.0,"key":"SkillPotion"},{"floor":35.0,"key":"Strength Potion"},{"floor":37,"key":"Energy Potion"},{"floor":39,"key":"Weak Potion"}],"is_trial":false,"path_per_floor":["M","M","M","?","M","R","M","M","T","M","E","R","E","?","R","B",null,"M","M","?","?","M","R","E","$","T","R","M","M","E","?","R","B",null,"M","?","M","M","M","R","E","R","T","R","E"],"character_chosen":"THE_BUGKNIGHT","items_purchased":["HornCleat","Fruit Juice"],"campfire_rested":2,"item_purchase_floors":[25,25],"current_hp_per_floor":[82,82,82,82,80,80,79,82,82,71,61,61,64,64,64,40,82,64,43,27,27,27,51,24,29,29,55,61,58,48,48,48,16,87,75,75,87,87,56,56,46,46,46,46,0,0],"gold":208,"neow_bonus":"TEN_PERCENT_HP_BONUS","is_daily":false,"chose_seed":false,"campfire_upgraded":7,"win_rate":0.0,"timestamp":1608518562,"path_taken":["M","M","M","?","M","R","M","M","T","M","E","R","E","?","R","BOSS","M","?","?","?","M","R","E","?","T","R","M","?","E","?","R","BOSS","M","?","?","M","M","R","E","R","T","R","E"],"items_purchased_type":["Relic","Potion"],"build_version":"2020-12-13","purchased_purges":1,"victory":false,"max_hp_per_floor":[82,82,82,82,82,82,82,82,82,82,82,82,82,82,82,82,82,82,82,82,82,82,82,82,87,87,87,87,87,87,87,87,87,87,87,87,87,87,87,87,87,87,87,87,87,87],"card_choices":[{"not_picked":["HollowMod:DesolateDive","HollowMod:SoulShaman"],"picked":"HollowMod:WraithStrike","floor":1.0},{"not_picked":["HollowMod:LifebloodCocoon","HollowMod:NewLittleFool"],"picked":"HollowMod:SharpenedNail","floor":2.0},{"not_picked":["HollowMod:InfectedCysts","HollowMod:InfectedAttack"],"picked":"HollowMod:HeavyBlow","floor":3.0},{"not_picked":["HollowMod:FallenFury","HollowMod:SoulShaman"],"picked":"HollowMod:SiblingsSouls","floor":5.0},{"not_picked":["HollowMod:SoulStrike","HollowMod:MantisMark"],"picked":"HollowMod:DashSlash","floor":7.0},{"not_picked":["HollowMod:GreatSlash","HollowMod:DesolateDive"],"picked":"HollowMod:PerfectDash","floor":8.0},{"not_picked":["HollowMod:LifebloodCocoon","HollowMod:MidwifesHunger"],"picked":"HollowMod:AbyssShriek","floor":10.0},{"not_picked":["HollowMod:HowlingWraiths","HollowMod:NewJinnsSoul"],"picked":"HollowMod:FastStrike","floor":11.0},{"not_picked":["HollowMod:CloakDash","HollowMod:DashSlash"],"picked":"HollowMod:QuirrelsAssistance","floor":13.0},{"not_picked":["HollowMod:ElderbugsWisdom","HollowMod:AwokenDreamNail"],"picked":"HollowMod:LifebloodCore","floor":16.0},{"not_picked":["HollowMod:DashSlash","HollowMod:DreamGate+1"],"picked":"HollowMod:ShadowDash","floor":18.0},{"not_picked":["HollowMod:SoulShaman","HollowMod:TaintedHusks"],"picked":"HollowMod:CycloneSlash+1","floor":19.0},{"not_picked":["HollowMod:GrimmsGift","HollowMod:DashSlash"],"picked":"HollowMod:DesolateDive+1","floor":22.0},{"not_picked":["HollowMod:TaintedHusks","HollowMod:BaldurShell"],"picked":"HollowMod:WraithStrike+1","floor":24.0},{"not_picked":["HollowMod:SiblingsSouls","HollowMod:NewJinnsSoul"],"picked":"HollowMod:WraithStrike","floor":28.0},{"not_picked":["HollowMod:BaldurShell+1","HollowMod:NewJinnsSoul"],"picked":"HollowMod:DungDefenderAura","floor":29.0},{"not_picked":["HollowMod:WraithStrike","HollowMod:SharpenedShadows+1"],"picked":"HollowMod:Hiveblood","floor":30.0},{"not_picked":["HollowMod:AwokenDreamNail","HollowMod:SlysStrikes","HollowMod:ElderbugsWisdom"],"picked":"HollowMod:ZotesMagnificence","floor":33.0},{"not_picked":["HollowMod:BaldurShell+1","HollowMod:InfectedCysts","HollowMod:SoulSplash"],"picked":"HollowMod:GreatSlash+1","floor":35.0},{"not_picked":["HollowMod:CloakDash+1","HollowMod:DashSlash","HollowMod:SiblingsSouls"],"picked":"HollowMod:BlackTendrils+1","floor":37},{"not_picked":["HollowMod:InfectedCysts","HollowMod:MonarchWings","HollowMod:SoulStrike+1"],"picked":"HollowMod:CloakDash+1","floor":38},{"not_picked":["HollowMod:DashSlash","HollowMod:MantisMark+1","HollowMod:ShapeofUnn+1"],"picked":"HollowMod:ShadowDash","floor":39},{"not_picked":["HollowMod:NewJinnsSoul+1","HollowMod:BaldurShell","HollowMod:QuirrelsAssistance+1"],"picked":"HollowMod:GrimmsGift+1","floor":41}],"player_experience":124081,"relics_obtained":[{"floor":9.0,"key":"Happy Flower"},{"floor":11.0,"key":"Nunchaku"},{"floor":13.0,"key":"Meat on the Bone"},{"floor":20.0,"key":"Nilry\u0027s Codex"},{"floor":24.0,"key":"MawBank"},{"floor":26.0,"key":"Pocketwatch"},{"floor":30.0,"key":"Question Card"},{"floor":41,"key":"HollowMod:LifeEnderRelic"},{"floor":43,"key":"Bag of Preparation"}],"event_choices":[{"cards_removed":["HollowMod:NailStrikeStart"],"damage_healed":0.0,"max_hp_gain":0.0,"max_hp_loss":0.0,"gold_gain":0.0,"event_name":"The Cleric","player_choice":"Card Removal","floor":4.0,"gold_loss":50.0,"damage_taken":0.0},{"damage_healed":0.0,"max_hp_gain":0.0,"max_hp_loss":0.0,"gold_gain":0.0,"event_name":"NoteForYourself","player_choice":"Ignored","floor":14.0,"gold_loss":0.0,"damage_taken":0.0},{"damage_healed":0.0,"max_hp_gain":0.0,"max_hp_loss":0.0,"gold_gain":0.0,"event_name":"Cursed Tome","player_choice":"Obtained Book","floor":20.0,"gold_loss":0.0,"damage_taken":16.0},{"damage_healed":0.0,"max_hp_gain":0.0,"max_hp_loss":0.0,"gold_gain":0.0,"event_name":"Drug Dealer","player_choice":"Obtain J.A.X.","floor":21.0,"gold_loss":0.0,"damage_taken":0.0,"cards_obtained":["J.A.X."]},{"damage_healed":0.0,"max_hp_gain":0.0,"max_hp_loss":0.0,"gold_gain":0.0,"event_name":"WeMeetAgain","player_choice":"Gave Potion","floor":36.0,"gold_loss":0.0,"damage_taken":0.0,"relics_obtained":["HollowMod:StagPassRelic"]}],"is_beta":false,"boss_relics":[{"not_picked":["SacredBark","Sozu"],"picked":"Empty Cage"},{"not_picked":["HollowMod:KingsSoulRelic","Calling Bell"],"picked":"HollowMod:VoidIdolRelic"}],"items_purged_floors":[25],"is_endless":false,"potions_floor_spawned":[1,5,13,28,29,33,35,37,39],"killed_by":"Reptomancer","ascension_level":0}}