{"host":"hz7oro4zaett5eh9","time":1608593661,"event":{"mods":["BaseMod","BetterRewards","Minty Spire (QoL Compilation)","Shade Mod","StSLib","The Marked","The Senshi","TheSwordswoman"],"gold_per_floor":[118,131,143,162,176,211,211,272,272,272,288,305,305,325,325,426,426,441,457,457,475,493,523,541,541,590,600,612,644,658,438,438,535,535,552,568,568,206,222,222,222,236,236,0,28,28,43,43,43,43,43,43,43,74,74],"floor_reached":56,"playtime":5341,"items_purged":["theMarked:Strike","theMarked:Strike"],"score":1204,"play_id":"aaa91404-94a5-4d2d-8e64-a68cfdca5eb7","local_time":"20201221233421","is_ascension_mode":false,"campfire_choices":[{"floor":7,"key":"REST"},{"floor":13,"key":"REST"},{"data":"theMarked:HeritageOfTheMarked","floor":15,"key":"SMITH"},{"floor":32,"key":"RECALL"},{"data":"1","floor":40,"key":"LIFT"},{"floor":49,"key":"REST"},{"data":"2","floor":52,"key":"LIFT"}],"circlet_count":0,"master_deck":["theMarked:Strike","theMarked:Strike+1","theMarked:Defend","theMarked:Defend","theMarked:Defend","theMarked:Defend","theMarked:SoldierOfQuellstein","theMarked:MuscleMemory","theMarked:SwordAndMagic","theMarked:Seal+1","theMarked:LightningStrikesTwice","theMarked:WardOff","theMarked:Parkour","theMarked:CreepingChasm","theMarked:Panic","theMarked:Parkour","theMarked:HeritageOfTheMarked+1","theMarked:Defy","theMarked:Overcharge+1","theMarked:SelfDefenseTraining+1","Iron Wave","theMarked:WastefulDefense+1","theMarked:BanishingStrike","theMarked:BanishingStrike","theMarked:TakeOffHeels","theMarked:WardOff+1","theMarked:HeritageOfTheMarked+1","theMarked:EnhancedHearing+1"],"relics":["theMarked:ArtifactOfAir","Anchor","theSenshi:FeatherClipsRelic","Bottled Flame","FossilizedHelix","SacredBark","Torii","Girya","Bronze Scales","theMarked:Eyepatch","theMarked:NailFile","HornCleat","Red Mask","Dream Catcher","Vajra","Letter Opener"],"acts_visited":["Exordium","TheCity","TheBeyond","TheEnding"],"potions_floor_usage":[8,8,8,23,29,33,33,41,45,50,50,55],"damage_taken":[{"damage":0,"enemies":"2 Louse","floor":1,"turns":2},{"damage":0,"enemies":"Small Slimes","floor":2,"turns":3},{"damage":6,"enemies":"Cultist","floor":3,"turns":3},{"damage":9,"enemies":"Blue Slaver","floor":4,"turns":3},{"damage":11,"enemies":"Exordium Thugs","floor":5,"turns":5},{"damage":18,"enemies":"Lagavulin","floor":6,"turns":6},{"damage":17,"enemies":"3 Sentries","floor":8,"turns":6},{"damage":0,"enemies":"Lots of Slimes","floor":11,"turns":4},{"damage":2,"enemies":"Blue Slaver","floor":12,"turns":4},{"damage":0,"enemies":"2 Fungi Beasts","floor":14,"turns":3},{"damage":0,"enemies":"Slime Boss","floor":16,"turns":3},{"damage":0,"enemies":"Chosen","floor":18,"turns":3},{"damage":0,"enemies":"Shell Parasite","floor":19,"turns":3},{"damage":0,"enemies":"Snecko","floor":21,"turns":3},{"damage":6,"enemies":"Centurion and Healer","floor":22,"turns":3},{"damage":29,"enemies":"Gremlin Leader","floor":23,"turns":8},{"damage":0,"enemies":"Cultist and Chosen","floor":24,"turns":4},{"damage":0,"enemies":"Snecko","floor":27,"turns":3},{"damage":11,"enemies":"Snake Plant","floor":28,"turns":4},{"damage":16,"enemies":"Slavers","floor":29,"turns":4},{"damage":0,"enemies":"Chosen and Byrds","floor":30,"turns":5},{"damage":29,"enemies":"Collector","floor":33,"turns":5},{"damage":0,"enemies":"Orb Walker","floor":35,"turns":3},{"damage":1,"enemies":"3 Darklings","floor":36,"turns":4},{"damage":0,"enemies":"Maw","floor":39,"turns":7},{"damage":0,"enemies":"Transient","floor":41,"turns":1},{"damage":39,"enemies":"Jaw Worm Horde","floor":42,"turns":5},{"damage":46,"enemies":"Reptomancer","floor":45,"turns":7},{"damage":0,"enemies":"Spire Growth","floor":47,"turns":4},{"damage":113,"enemies":"Awakened One","floor":50,"turns":14},{"damage":27,"enemies":"Shield and Spear","floor":54,"turns":5},{"damage":97,"enemies":"The Heart","floor":55,"turns":11}],"seed_played":"3196252133051411855","potions_obtained":[{"floor":1,"key":"Weak Potion"},{"floor":2,"key":"PowerPotion"},{"floor":4,"key":"EssenceOfSteel"},{"floor":5,"key":"PowerPotion"},{"floor":14,"key":"DuplicationPotion"},{"floor":16,"key":"Energy Potion"},{"floor":19,"key":"LiquidBronze"},{"floor":23,"key":"LiquidMemories"},{"floor":30,"key":"PowerPotion"},{"floor":33,"key":"SmokeBomb"},{"floor":36,"key":"Weak Potion"},{"floor":42,"key":"DuplicationPotion"},{"floor":47,"key":"ColorlessPotion"},{"floor":54,"key":"AttackPotion"}],"is_trial":false,"path_per_floor":["M","M","M","M","M","E","R","?","T","?","M","M","R","M","R","B",null,"M","M","?","M","M","E","M","?","T","M","M","E","M","$","R","B",null,"M","M","?","$","M","R","M","M","T","?","E","?","M","$","R","B",null,"R","$","E","B",null],"character_chosen":"THE_DEFAULT","items_purchased":["Anchor","HandDrill","Bronze Scales","theMarked:NailFile"],"campfire_rested":3,"item_purchase_floors":[0,0,31,38],"current_hp_per_floor":[70,70,64,55,44,26,47,36,36,22,28,32,53,59,59,65,70,70,70,70,70,70,47,53,53,53,59,54,44,50,50,50,27,70,70,70,70,70,70,70,70,58,58,58,32,32,52,52,70,22,70,70,70,70,25],"gold":74,"neow_bonus":"","is_daily":false,"chose_seed":false,"campfire_upgraded":1,"win_rate":0.0,"timestamp":1608593661,"path_taken":["M","M","M","M","M","E","R","?","T","?","M","M","R","M","R","BOSS","M","M","?","M","M","E","?","?","T","M","M","E","M","$","R","BOSS","M","M","?","$","M","R","M","?","T","?","E","?","M","$","R","BOSS","R","$","E","BOSS"],"items_purchased_type":["Relic","Relic","Relic","Relic"],"build_version":"2020-12-13","purchased_purges":2,"victory":true,"max_hp_per_floor":[70,70,70,70,70,70,70,70,70,70,70,70,70,70,70,70,70,70,70,70,70,70,70,70,70,70,70,70,70,70,70,70,70,70,70,70,70,70,70,70,70,70,70,70,70,70,70,70,70,70,70,70,70,70,70],"card_choices":[{"not_picked":["theMarked:SelfDefenseTraining","theMarked:Parkour"],"picked":"theMarked:SwordAndMagic","floor":1},{"not_picked":["theMarked:RepellingDischarge","theMarked:Panic"],"picked":"theMarked:Seal","floor":2},{"not_picked":["theMarked:StartUp","theMarked:TunnelVision"],"picked":"theMarked:LightningStrikesTwice","floor":3},{"not_picked":["theMarked:Electrocute","theMarked:Aftermath"],"picked":"theMarked:WardOff","floor":4},{"not_picked":["theMarked:Static","theMarked:Improvise"],"picked":"theMarked:Parkour","floor":5},{"not_picked":["theMarked:Polarize","theMarked:Aftermath"],"picked":"theMarked:CreepingChasm","floor":6},{"not_picked":["theMarked:Static","theMarked:Parkour"],"picked":"theMarked:Panic","floor":8},{"not_picked":["theMarked:WastefulAttack","theMarked:WastefulDefense"],"picked":"theMarked:Parkour","floor":11},{"not_picked":["theMarked:Snap","theMarked:WastefulDefense","theMarked:WastefulAttack"],"picked":"SKIP","floor":12},{"not_picked":["theMarked:ChainLightning","theMarked:ElectricStrings"],"picked":"theMarked:HeritageOfTheMarked","floor":14},{"not_picked":["theMarked:ThrowWeapon","theMarked:MuscleMemory"],"picked":"theMarked:Defy","floor":16},{"not_picked":["theMarked:MagicAdept","theMarked:PowerFlow"],"picked":"theMarked:Overcharge+1","floor":18},{"not_picked":["theMarked:CreepingChasm+1","theMarked:TwofoldDefense"],"picked":"theMarked:SelfDefenseTraining+1","floor":19},{"not_picked":["theMarked:WastefulAttack+1","theMarked:CreepingChasm+1","theMarked:TwofoldDefense+1"],"picked":"SKIP","floor":21},{"not_picked":["theMarked:CreepingChasm","theMarked:PowerFlow+1"],"picked":"theMarked:WastefulDefense+1","floor":22},{"not_picked":["theMarked:Improvise","theMarked:Convert"],"picked":"theMarked:BanishingStrike","floor":23},{"not_picked":["theMarked:WastefulDefense+1","theMarked:ResourceFulStrike"],"picked":"theMarked:BanishingStrike","floor":24},{"not_picked":["theMarked:SelfDefenseTraining","theMarked:WastefulAttack","theMarked:Electrify+1"],"picked":"SKIP","floor":27},{"not_picked":["theMarked:TwofoldDefense","theMarked:PowerFlow","theMarked:EmpowerWeapon"],"picked":"SKIP","floor":28},{"not_picked":["theMarked:WardOff+1","theMarked:TwofoldDefense"],"picked":"theMarked:TakeOffHeels","floor":29},{"not_picked":["theMarked:RepellingDischarge","theMarked:TwofoldDefense","theMarked:Electrify+1"],"picked":"SKIP","floor":30},{"not_picked":["theMarked:Opportunist+1","theMarked:ContemptForTheProud+1","theMarked:Frustration+1"],"picked":"SKIP","floor":35},{"not_picked":["theMarked:SwordAndMagic+1","theMarked:ResourceFulStrike+1","theMarked:Improvise"],"picked":"SKIP","floor":36},{"not_picked":["theMarked:ChainLightning","theMarked:HeightenedSenses"],"picked":"theMarked:WardOff+1","floor":39},{"not_picked":["theMarked:Static+1","theMarked:ChainLightning+1","theMarked:CreepingChasm+1"],"picked":"SKIP","floor":42},{"not_picked":["theMarked:MysticalArsenal","theMarked:Aftermath","theMarked:Parkour+1"],"picked":"SKIP","floor":45},{"not_picked":["theMarked:ResourceFulStrike+1","theMarked:ElectricStrings+1","theMarked:Improvise+1"],"picked":"SKIP","floor":47},{"not_picked":["theMarked:Aftermath+1","theMarked:ResourceFulStrike+1"],"picked":"theMarked:HeritageOfTheMarked+1","floor":49},{"not_picked":["theMarked:ShockingTouch+1","theMarked:Aftermath"],"picked":"theMarked:EnhancedHearing+1","floor":54}],"player_experience":589628,"relics_obtained":[{"floor":6,"key":"theSenshi:FeatherClipsRelic"},{"floor":8,"key":"Bottled Flame"},{"floor":9,"key":"FossilizedHelix"},{"floor":23,"key":"Torii"},{"floor":29,"key":"Girya"},{"floor":43,"key":"HornCleat"},{"floor":45,"key":"Dream Catcher"},{"floor":54,"key":"Letter Opener"}],"event_choices":[{"damage_healed":0,"gold_gain":0,"player_choice":"Searched \u00272\u0027 times","damage_taken":0,"max_hp_gain":0,"max_hp_loss":0,"event_name":"Dead Adventurer","floor":8,"gold_loss":0},{"damage_healed":0,"gold_gain":0,"player_choice":"Entered Light","damage_taken":14,"max_hp_gain":0,"max_hp_loss":0,"event_name":"Shining Light","floor":10,"gold_loss":0,"cards_upgraded":["theMarked:Strike","theMarked:Seal"]},{"cards_removed":["Writhe"],"damage_healed":0,"gold_gain":0,"player_choice":"Took Card","damage_taken":0,"max_hp_gain":0,"max_hp_loss":0,"event_name":"NoteForYourself","floor":20,"gold_loss":0,"cards_obtained":["Iron Wave"]},{"damage_healed":0,"gold_gain":0,"player_choice":"1 cards matched","damage_taken":0,"max_hp_gain":0,"max_hp_loss":0,"event_name":"Match and Keep!","floor":25,"gold_loss":0,"cards_obtained":["theMarked:Indomitable"]},{"cards_removed":["theMarked:Indomitable"],"damage_healed":0,"gold_gain":0,"player_choice":"Offered Uncommon","damage_taken":0,"max_hp_gain":0,"max_hp_loss":0,"event_name":"Bonfire Elementals","floor":37,"gold_loss":0},{"damage_healed":0,"gold_gain":0,"player_choice":"Paid","damage_taken":0,"relics_obtained":["Red Mask"],"max_hp_gain":0,"max_hp_loss":0,"event_name":"Tomb of Lord Red Mask","floor":44,"gold_loss":236},{"damage_healed":0,"gold_gain":0,"player_choice":"Gave Potion","damage_taken":0,"relics_obtained":["Vajra"],"max_hp_gain":0,"max_hp_loss":0,"event_name":"WeMeetAgain","floor":46,"gold_loss":0}],"is_beta":false,"boss_relics":[{"not_picked":["Astrolabe","Velvet Choker"],"picked":"SacredBark"},{"not_picked":["Calling Bell","Busted Crown"],"picked":"theMarked:Eyepatch"}],"items_purged_floors":[31,38],"is_endless":false,"potions_floor_spawned":[1,2,4,5,14,16,19,23,28,30,33,36,39,42,47,54],"ascension_level":0}}