{"host":"newqdrzxfhh2im9e","time":1608519139,"event":{"mods":["AchievementEnabler","BaseMod","BetterRewards","Block Reminder","Colored Map","Jorbs\u0027s Wanderer Trilogy","Minty Spire (QoL Compilation)","Rare Cards Sparkle","Shop Mod","StSLib"],"gold_per_floor":[114,39,39,51,124,124,143,143,169,169,198,29,57,88,88,186,186,200,19,19,19,30,55,55,87,113,128,128,146,146,161,161,256,256,274,274,7,21,37,37,87,87,87,113,113,138,138,138,138,138],"floor_reached":51,"playtime":1870,"items_purged":[],"score":859,"play_id":"34b34ee8-065d-4a76-8880-5a0d8ce93f82","local_time":"20201220185219","is_ascension_mode":true,"campfire_choices":[{"data":"Doom and Gloom","floor":6,"key":"SMITH"},{"data":"Hello World","floor":8,"key":"SMITH"},{"data":"Chill","floor":10,"key":"SMITH"},{"floor":15,"key":"REST"},{"floor":24,"key":"REST"},{"floor":32,"key":"REST"},{"data":"Defragment","floor":40,"key":"SMITH"},{"data":"Buffer","floor":45,"key":"SMITH"},{"data":"Storm","floor":47,"key":"SMITH"},{"data":"Consume","floor":49,"key":"SMITH"}],"circlet_count":0,"master_deck":["Strike_B+1","Strike_B+1","Strike_B+1","Strike_B+1","Defend_B+1","Defend_B+1","Defend_B+1","Defend_B+1","Zap","Dualcast","Doom and Gloom+1","Hello World+1","Chill+1","Rip and Tear","Defragment+1","Consume+1","Biased Cognition","Buffer+1","Self Repair","Loop","Storm+1","Capacitor","Chill+1","Aggregate+1","Fusion+1","RitualDagger+1","Sunder+1","Sweeping Beam+1","Rainbow+1","White Noise+1","Forethought+1","Capacitor","Capacitor","Sunder+1","White Noise+1"],"relics":["Cracked Core","NeowsBlessing","Cables","Tiny Chest","PreservedInsect","Odd Mushroom","Dream Catcher","Nuclear Battery","Toy Ornithopter","Bronze Scales","Toxic Egg 2","Happy Flower","Vajra","Molten Egg 2","Busted Crown","Bag of Preparation","Ice Cream","Unceasing Top","Frozen Egg 2","Lantern","HornCleat"],"acts_visited":["Exordium","TheCity","TheBeyond"],"potions_floor_usage":[16,16,16,23,29,31,35,38,41,50],"damage_taken":[{"damage":0,"enemies":"2 Louse","floor":1,"turns":1},{"damage":0,"enemies":"Jaw Worm","floor":4,"turns":1},{"damage":0,"enemies":"Small Slimes","floor":7,"turns":1},{"damage":16,"enemies":"Gremlin Nob","floor":11,"turns":4},{"damage":6,"enemies":"The Mushroom Lair","floor":13,"turns":3},{"damage":21,"enemies":"Lagavulin","floor":14,"turns":4},{"damage":34,"enemies":"Hexaghost","floor":16,"turns":8},{"damage":36,"enemies":"3 Byrds","floor":18,"turns":6},{"damage":0,"enemies":"Shell Parasite","floor":22,"turns":5},{"damage":0,"enemies":"Gremlin Leader","floor":23,"turns":7},{"damage":18,"enemies":"Book of Stabbing","floor":25,"turns":5},{"damage":25,"enemies":"Snake Plant","floor":27,"turns":4},{"damage":0,"enemies":"Chosen and Byrds","floor":29,"turns":6},{"damage":2,"enemies":"Cultist and Chosen","floor":31,"turns":5},{"damage":20,"enemies":"Champ","floor":33,"turns":10},{"damage":19,"enemies":"3 Darklings","floor":35,"turns":4},{"damage":5,"enemies":"3 Shapes","floor":38,"turns":2},{"damage":0,"enemies":"Sphere and 2 Shapes","floor":39,"turns":3},{"damage":18,"enemies":"Mind Bloom Boss Battle","floor":41,"turns":5},{"damage":0,"enemies":"Nemesis","floor":44,"turns":5},{"damage":3,"enemies":"Giant Head","floor":46,"turns":6},{"damage":28,"enemies":"Donu and Deca","floor":50,"turns":6}],"seed_played":"3447345799840846004","potions_obtained":[{"floor":1,"key":"Block Potion"},{"floor":13,"key":"Strength Potion"},{"floor":22,"key":"SneckoOil"},{"floor":23,"key":"LiquidBronze"},{"floor":29,"key":"SteroidPotion"},{"floor":33,"key":"Fire Potion"},{"floor":39,"key":"LiquidMemories"},{"floor":46,"key":"AttackPotion"}],"is_trial":false,"path_per_floor":["M","$","?","M","T","R","M","R","T","R","E","$","?","E","R","B",null,"M","$","?","?","M","E","R","E","T","M","T","M","?","M","R","B",null,"M","?","$","M","M","R","?","T","T","E","R","E","R","?","R","B",null],"character_chosen":"DEFECT","items_purchased":["Doom and Gloom","Defragment","Consume","Explosive Potion","Loop","Toy Ornithopter","Capacitor","Bag of Preparation","Explosive Potion"],"campfire_rested":3,"item_purchase_floors":[2,12,12,12,19,19,37,37,37],"current_hp_per_floor":[75,75,80,80,80,80,80,80,80,80,64,64,58,37,61,27,80,44,44,44,44,51,56,80,69,69,51,51,63,57,67,80,67,80,61,61,61,61,68,68,62,62,62,69,69,73,73,73,73,57],"gold":138,"neow_bonus":"THREE_ENEMY_KILL","is_daily":false,"chose_seed":false,"campfire_upgraded":7,"win_rate":0.0,"timestamp":1608519139,"path_taken":["M","$","?","M","?","R","M","R","T","R","E","$","?","E","R","BOSS","M","$","?","?","M","E","R","E","T","M","?","M","?","M","R","BOSS","M","?","$","M","M","R","?","?","T","E","R","E","R","?","R","BOSS"],"items_purchased_type":["Card","Card","Card","Potion","Card","Relic","Card","Relic","Potion"],"build_version":"2020-12-13","purchased_purges":0,"victory":true,"max_hp_per_floor":[75,75,80,80,80,80,80,80,80,80,80,80,80,80,80,80,80,80,80,80,80,80,80,80,80,80,80,80,80,80,80,80,80,80,80,80,80,80,80,80,80,80,80,80,80,80,80,80,80,80],"card_choices":[{"not_picked":["Compile Driver","Beam Cell","Rebound"],"picked":"SKIP","floor":1},{"not_picked":["Beam Cell","Steam"],"picked":"Hello World","floor":4},{"not_picked":["Beam Cell","Ball Lightning"],"picked":"Chill","floor":7},{"not_picked":["Recycle","Go for the Eyes"],"picked":"Rip and Tear","floor":11},{"not_picked":["Go for the Eyes","Beam Cell"],"picked":"Chill","floor":13},{"not_picked":["Compile Driver","Beam Cell"],"picked":"Biased Cognition","floor":14},{"not_picked":["Amplify","Reboot"],"picked":"Buffer","floor":16},{"not_picked":["Skim+1","Sweeping Beam"],"picked":"Self Repair","floor":18},{"not_picked":["Rebound","Redo"],"picked":"Storm","floor":22},{"not_picked":["BootSequence+1","Steam+1"],"picked":"Capacitor","floor":23},{"not_picked":["Rebound","Cold Snap"],"picked":"Chill+1","floor":24},{"not_picked":["Ball Lightning","Coolheaded+1"],"picked":"Aggregate+1","floor":25},{"not_picked":["Recycle+1","Scrape","Leap+1"],"picked":"SKIP","floor":27},{"not_picked":["Sweeping Beam+1","Barrage+1"],"picked":"Fusion+1","floor":29},{"not_picked":["Streamline+1","Reboot+1"],"picked":"Sunder+1","floor":31},{"not_picked":["Conserve Battery+1","Coolheaded+1"],"picked":"Sweeping Beam+1","floor":32},{"not_picked":["Machine Learning","Fission+1"],"picked":"Rainbow+1","floor":33},{"not_picked":[],"picked":"White Noise+1","floor":35},{"not_picked":[],"picked":"Forethought+1","floor":36},{"not_picked":["Barrage+1"],"picked":"SKIP","floor":38},{"not_picked":[],"picked":"Capacitor","floor":39},{"not_picked":[],"picked":"Sunder+1","floor":44},{"not_picked":[],"picked":"White Noise+1","floor":46}],"player_experience":627824,"relics_obtained":[{"floor":5,"key":"Cables"},{"floor":9,"key":"Tiny Chest"},{"floor":11,"key":"PreservedInsect"},{"floor":13,"key":"Odd Mushroom"},{"floor":14,"key":"Dream Catcher"},{"floor":23,"key":"Toxic Egg 2"},{"floor":25,"key":"Happy Flower"},{"floor":26,"key":"Vajra"},{"floor":28,"key":"Molten Egg 2"},{"floor":41,"key":"Ice Cream"},{"floor":42,"key":"Unceasing Top"},{"floor":43,"key":"Frozen Egg 2"},{"floor":44,"key":"Lantern"},{"floor":46,"key":"HornCleat"}],"event_choices":[{"damage_healed":0,"gold_gain":0,"player_choice":"Donut","damage_taken":0,"max_hp_gain":5,"max_hp_loss":0,"event_name":"Big Fish","floor":3,"gold_loss":0},{"damage_healed":0,"gold_gain":0,"player_choice":"Fought Mushrooms","damage_taken":0,"max_hp_gain":0,"max_hp_loss":0,"event_name":"Mushrooms","floor":13,"gold_loss":0},{"damage_healed":0,"gold_gain":0,"player_choice":"Opened","damage_taken":0,"relics_obtained":["Bronze Scales"],"max_hp_gain":0,"max_hp_loss":0,"event_name":"The Mausoleum","floor":20,"gold_loss":0},{"damage_healed":0,"gold_gain":0,"player_choice":"Simplicity","damage_taken":0,"max_hp_gain":0,"max_hp_loss":0,"event_name":"Back to Basics","floor":21,"gold_loss":0,"cards_upgraded":["Strike_B","Strike_B","Strike_B","Strike_B","Defend_B","Defend_B","Defend_B","Defend_B"]},{"damage_healed":0,"gold_gain":0,"player_choice":"Joined the Cult","damage_taken":6,"max_hp_gain":0,"max_hp_loss":0,"event_name":"Nest","floor":30,"gold_loss":0,"cards_obtained":["RitualDagger"]},{"damage_healed":0,"gold_gain":0,"player_choice":"Memory 1","damage_taken":0,"max_hp_gain":0,"max_hp_loss":0,"event_name":"SensoryStone","floor":36,"gold_loss":0},{"damage_healed":0,"gold_gain":0,"player_choice":"Fight","damage_taken":0,"max_hp_gain":0,"max_hp_loss":0,"event_name":"MindBloom","floor":41,"gold_loss":0},{"cards_removed":["Chill"],"damage_healed":0,"gold_gain":0,"player_choice":"Removed Skill","damage_taken":0,"max_hp_gain":0,"max_hp_loss":0,"event_name":"Falling","floor":48,"gold_loss":0}],"is_beta":false,"boss_relics":[{"not_picked":["Black Star","Fusion Hammer"],"picked":"Nuclear Battery"},{"not_picked":["SacredBark","Philosopher\u0027s Stone"],"picked":"Busted Crown"}],"items_purged_floors":[],"is_endless":false,"potions_floor_spawned":[1,13,22,23,29,33,39,46],"ascension_level":1}}