{"host":"jgyoyy5iuhtvyvtg","time":1608540557,"event":{"mods":["2.2 Compatiblity","BaseMod","Challenge The Spire","Colored Map","Conspire","Downfall","Hermit","Highlight Path","Infinite Spire","Lobotomy","LobotomyExtend","Minty Spire (QoL Compilation)","Quick Restart","Replay The Spire","Spikes Relics","StSLib","The Construct","The Disciple","The Jungle","Yuri Mod"],"gold_per_floor":[112,122,134,148,165,165,198,198,224,250,16,16,56,83,83,192,192,192,242,242,12,46,46,97,97,169,216,248,276,276,301,301,413,413,451,483,483,518,165,165,173,173],"floor_reached":41,"playtime":1417,"items_purged":["hermit:Strike_Hermit","hermit:Strike_Hermit","hermit:Strike_Hermit"],"score":576,"play_id":"a65714d5-f43c-434c-9395-bf25ee42a4b4","local_time":"20201221004917","is_ascension_mode":true,"campfire_choices":[{"data":"hermit:FlashPowder","floor":6,"key":"SMITH"},{"data":"hermit:WideOpen","floor":8,"key":"SMITH"},{"data":"hermit:Magnum","floor":15,"key":"SMITH"},{"data":"hermit:Manifest","floor":23,"key":"SMITH"},{"data":"hermit:Quickdraw","floor":25,"key":"SMITH"},{"floor":30,"key":"REST"},{"floor":32,"key":"REST"},{"floor":40,"key":"REST"}],"circlet_count":0,"master_deck":["hermit:Defend_Hermit","hermit:Defend_Hermit+1","hermit:Defend_Hermit","hermit:Defend_Hermit","hermit:Snapshot","hermit:Covet","hermit:WideOpen+1","hermit:FatalDesire","hermit:FlashPowder+1","hermit:Misfire","hermit:Misfire","hermit:SprayPray","hermit:Magnum+1","hermit:Quickdraw+1","hermit:Misfire","hermit:FromBeyond","hermit:Manifest+1","hermit:Brawl","hermit:PistolWhip","hermit:Virtue+1","hermit:Dive","hermit:HeroicBravado","ReplayTheSpireMod:Faulty Equipment","Regret","ReplayTheSpireMod:Faulty Equipment","hermit:GhostlyPresence+1","Parasite","hermit:Glare+1"],"relics":["hermit:Momento","LetterFromLob","infinitespire:BottledMercury","Replay:Bandana","Bag of Marbles","Black Star","Tiny House","infinitespire:ShieldingShard","Vajra","infinitespire:Bottled Soul","infinitespire:Lucky Rock","Ornamental Fan","Divine Protection","Pocketwatch","Replay:Ancient Bell","SpikesRelics:DaevaFist","infinitespire:ShieldingShard","Pondfish Scales","infinitespire:Broken Mirror"],"acts_visited":["Exordium","Exordium","TheBeyond"],"potions_floor_usage":[4,5,13,16,24,24,27,33,35,41,41,41],"damage_taken":[{"damage":4,"enemies":"Jaw Worm","floor":1,"turns":3},{"damage":0,"enemies":"Cultist","floor":2,"turns":4},{"damage":4,"enemies":"2 Louse","floor":3,"turns":3},{"damage":1,"enemies":"Exordium Thugs","floor":4,"turns":3},{"damage":7,"enemies":"3 Louse","floor":5,"turns":5},{"damage":18,"enemies":"Gremlin Nob","floor":7,"turns":3},{"damage":1,"enemies":"Gremlin Gang","floor":10,"turns":6},{"damage":10,"enemies":"3 Sentries","floor":13,"turns":5},{"damage":2,"enemies":"Large Slime","floor":14,"turns":5},{"damage":16,"enemies":"The Guardian","floor":16,"turns":7},{"damage":3,"enemies":"theJungle:GiantWrat","floor":22,"turns":5},{"damage":11,"enemies":"theJungle:Cassacara","floor":24,"turns":5},{"damage":53,"enemies":"theJungle:2_Phrogs","floor":27,"turns":9},{"damage":0,"enemies":"theJungle:Flameango_and_Byrd","floor":28,"turns":5},{"damage":0,"enemies":"theJungle:Lyon","floor":29,"turns":2},{"damage":3,"enemies":"Snake Plant","floor":31,"turns":3},{"damage":10,"enemies":"theJungle:FunGuy","floor":33,"turns":8},{"damage":26,"enemies":"3 Darklings","floor":35,"turns":5},{"damage":0,"enemies":"Orb Walker","floor":36,"turns":2},{"damage":9,"enemies":"Writhing Mass","floor":38,"turns":6},{"damage":91,"enemies":"Giant Head","floor":41,"turns":9}],"seed_played":"-6815060807448483764","potions_obtained":[{"floor":1,"key":"SneckoOil"},{"floor":4,"key":"Block Potion"},{"floor":10,"key":"LiquidBronze"},{"floor":14,"key":"SteroidPotion"},{"floor":16,"key":"Energy Potion"},{"floor":19,"key":"Adrenaline Potion"},{"floor":22,"key":"Dexterity Potion"},{"floor":28,"key":"PowerPotion"},{"floor":29,"key":"AttackPotion"},{"floor":31,"key":"Milkshake"},{"floor":33,"key":"Weak Potion"},{"floor":36,"key":"Dexterity Potion"}],"is_trial":false,"path_per_floor":["M","M","M","M","M","R","E","R","T","M","$","?","E","M","R","B",null,"M","AVR","?","$","M","R","E","R","T","E","M","M","R","M","R","B",null,"M","M","?","M","$","R","E"],"character_chosen":"HERMIT","items_purchased":["hermit:Magnum","hermit:Brawl","Vajra","infinitespire:Broken Mirror"],"campfire_rested":3,"item_purchase_floors":[11,21,21,39],"current_hp_per_floor":[71,71,67,66,59,59,41,41,41,40,40,40,30,28,28,12,65,65,70,70,70,67,67,56,56,56,3,3,3,29,26,52,42,76,50,50,50,41,41,67,0,0],"gold":173,"neow_bonus":"TEN_PERCENT_HP_BONUS","is_daily":false,"chose_seed":false,"campfire_upgraded":5,"win_rate":0.0,"timestamp":1608540557,"path_taken":["M","M","M","M","M","R","E","R","T","M","$","?","E","M","R","BOSS","M","AVR","?","$","M","R","E","R","T","E","?","M","R","M","R","BOSS","M","M","?","M","$","R","E"],"items_purchased_type":["Card","Card","Relic","Relic"],"build_version":"2020-12-13","purchased_purges":3,"victory":false,"max_hp_per_floor":[82,82,82,82,82,82,82,82,82,82,82,82,82,82,82,82,82,82,87,87,87,87,87,87,87,87,87,87,87,87,87,87,87,87,87,87,87,87,87,87,87,87],"card_choices":[{"not_picked":["hermit:Coalescence","hermit:CalledShot"],"picked":"hermit:WideOpen","floor":1},{"not_picked":["hermit:HoleUp","hermit:GhostlyPresence"],"picked":"hermit:FatalDesire","floor":2},{"not_picked":["hermit:Midnight","hermit:Coalescence"],"picked":"hermit:FlashPowder","floor":3},{"not_picked":["hermit:BodyArmor","hermit:Cheat","hermit:Snipe"],"picked":"SKIP","floor":4},{"not_picked":["hermit:Desperado","hermit:LoneWolf"],"picked":"hermit:Misfire","floor":5},{"not_picked":["hermit:Shortfuse","hermit:Dive"],"picked":"hermit:Misfire","floor":7},{"not_picked":["hermit:Showdown","hermit:Cheat"],"picked":"hermit:SprayPray","floor":10},{"not_picked":["hermit:Gambit","hermit:Dive"],"picked":"hermit:Quickdraw","floor":13},{"not_picked":["hermit:WideOpen","hermit:BodyArmor"],"picked":"hermit:Misfire","floor":14},{"not_picked":["hermit:EternalForm","hermit:OverwhelmingPower"],"picked":"hermit:FromBeyond","floor":16},{"not_picked":["hermit:Feint","hermit:EyeOfTheStorm"],"picked":"hermit:Manifest","floor":19},{"not_picked":["hermit:ItchyTrigger","hermit:HoleUp"],"picked":"hermit:PistolWhip","floor":22},{"not_picked":["hermit:Coalescence","hermit:GhostlyPresence","hermit:CalledShot"],"picked":"SKIP","floor":24},{"not_picked":["hermit:Gambit","hermit:WideOpen"],"picked":"hermit:Virtue+1","floor":27},{"not_picked":["hermit:Headshot+1","hermit:BodyArmor+1","hermit:Snipe+1"],"picked":"SKIP","floor":28},{"not_picked":["hermit:Headshot","hermit:Desperado"],"picked":"hermit:Dive","floor":29},{"not_picked":["hermit:Virtue","hermit:Headshot","hermit:Midnight"],"picked":"SKIP","floor":31},{"not_picked":["hermit:Dissolve","hermit:OverwhelmingPower"],"picked":"hermit:HeroicBravado","floor":33},{"not_picked":["Voices","ReplayTheSpireMod:IOU"],"picked":"ReplayTheSpireMod:Faulty Equipment","floor":34},{"not_picked":["CurseOfTheBell","Writhe"],"picked":"Regret","floor":34},{"not_picked":["CurseOfTheBell","sneckomod:Bewildered"],"picked":"ReplayTheSpireMod:Faulty Equipment","floor":34},{"not_picked":["hermit:Midnight","hermit:Misfire"],"picked":"hermit:GhostlyPresence+1","floor":35},{"not_picked":["hermit:Snipe","hermit:FullyLoaded+1","hermit:PistolWhip"],"picked":"SKIP","floor":36},{"not_picked":["hermit:SprayPray","hermit:ItchyTrigger"],"picked":"hermit:Glare+1","floor":38}],"player_experience":3174629,"relics_obtained":[{"floor":1,"key":"LetterFromLob"},{"floor":7,"key":"infinitespire:BottledMercury"},{"floor":9,"key":"Replay:Bandana"},{"floor":13,"key":"Bag of Marbles"},{"floor":24,"key":"infinitespire:Bottled Soul"},{"floor":24,"key":"infinitespire:Lucky Rock"},{"floor":26,"key":"Ornamental Fan"},{"floor":27,"key":"Divine Protection"},{"floor":27,"key":"Pocketwatch"}],"event_choices":[{"cards_removed":["hermit:Strike_Hermit"],"damage_healed":0,"gold_gain":0,"player_choice":"Purged","damage_taken":0,"max_hp_gain":0,"max_hp_loss":0,"event_name":"Purifier","floor":20,"gold_loss":0}],"is_beta":false,"boss_relics":[{"not_picked":["SacredBark","Snecko Heart"],"picked":"Black Star"},{"not_picked":["construct:ClawGrip","Abe\u0027s Treasure"],"picked":"Replay:Ancient Bell"},{"not_picked":["Toy Ornithopter","Lantern"],"picked":"SpikesRelics:DaevaFist"},{"not_picked":["Pear","Gremlin Horn"],"picked":"infinitespire:ShieldingShard"},{"not_picked":["Prayer Wheel","Replay:Kaleidoscope"],"picked":"Pondfish Scales"}],"items_purged_floors":[11,19,39],"is_endless":false,"potions_floor_spawned":[1,4,10,14,16,22,28,29,31,33,36,38],"killed_by":"Giant Head","ascension_level":6}}