{"host":"svwqvw2il1zfkkg0","time":1608515970,"event":{"mods":["AchievementEnabler","BaseMod","BetterRewards","Colored Map","Colored Powertips","Custom Start","Downfall","GifTheSpireLib","Highlight Path","Hubris","Infinite Spire","Minty Spire (QoL Compilation)","Quick Restart","Replay The Spire","Shop Mod","StSLib","SuperFastMode"],"gold_per_floor":[119,194,9,9,21,53,53,53,53,82,82,82,95,118,118,214,214,230,5,5,15,35,35,50,50,75,90,116,116,132,132,132,132,132],"floor_reached":33,"playtime":1009,"items_purged":[],"score":298,"play_id":"4ac72ba6-03f5-4fcb-927f-7a23745b538b","local_time":"20201220175930","is_ascension_mode":false,"campfire_choices":[{"data":"Finisher","floor":7,"key":"SMITH"},{"floor":11,"key":"REST"},{"data":"Blade Dance","floor":15,"key":"SMITH"},{"data":"Cloak And Dagger","floor":23,"key":"SMITH"},{"data":"Dash","floor":25,"key":"SMITH"},{"floor":32,"key":"REST"}],"circlet_count":0,"master_deck":["Strike_G","Strike_G","Strike_G","Strike_G","Strike_G","Defend_G+1","Defend_G","Defend_G","Defend_G","Defend_G","Survivor","Neutralize","Sucker Punch","Finisher+1","Endless Agony","Blade Dance+1","Dash+1","Bullet Time","Cloak And Dagger+1","Dagger Spray","Endless Agony","Cloak And Dagger","Backstab+1"],"relics":["Ring of the Snake","NeowsBlessing","Pet Ghost","Lizard Tail","Gremlin Horn","Onion Ring","Lantern","Painkiller Herb","hubris:EmptyBottle","Potion Belt","Boot","Toolbox","Cursed Key","Blue Doll"],"acts_visited":["Exordium","TheCity"],"potions_floor_usage":[10,16,16,22,28,28,28,28,28],"damage_taken":[{"damage":0,"enemies":"Jaw Worm","floor":1,"turns":1},{"damage":0,"enemies":"Cultist","floor":5,"turns":1},{"damage":0,"enemies":"Replay:BlueRogue","floor":6,"turns":1},{"damage":14,"enemies":"3 Sentries","floor":10,"turns":7},{"damage":0,"enemies":"2 Louse","floor":13,"turns":1},{"damage":22,"enemies":"Fading Forest","floor":16,"turns":11},{"damage":0,"enemies":"Spheric Guardian","floor":18,"turns":1},{"damage":0,"enemies":"Shell Parasite","floor":21,"turns":2},{"damage":0,"enemies":"Centurion and Healer","floor":22,"turns":3},{"damage":0,"enemies":"Snecko","floor":24,"turns":3},{"damage":14,"enemies":"Shelled Parasite and Fungi","floor":27,"turns":3},{"damage":60,"enemies":"Gremlin Leader","floor":28,"turns":5},{"damage":0,"enemies":"Snake Plant","floor":30,"turns":2},{"damage":57,"enemies":"Pondfish","floor":33,"turns":8}],"seed_played":"6363952627799826253","potions_obtained":[{"floor":1,"key":"Explosive Potion"},{"floor":6,"key":"Weak Potion"},{"floor":10,"key":"champ:CounterPotion"},{"floor":16,"key":"Flashbang"},{"floor":24,"key":"Elixir"},{"floor":27,"key":"Adrenaline Potion"}],"is_trial":false,"path_per_floor":["M","?","$","?","M","E","R","?","T","E","R","?","M","T","R","B",null,"?","T","?","?","?","T","?","T","T","?","E","AVR","?","?","T","B"],"character_chosen":"THE_SILENT","items_purchased":["Pet Ghost","Finisher","hubris:EmptyBottle","EssenceOfSteel"],"campfire_rested":2,"item_purchase_floors":[3,3,19,19],"current_hp_per_floor":[70,63,63,63,63,63,63,63,63,49,70,70,70,70,70,48,70,70,70,64,64,64,64,64,64,64,50,35,35,35,35,56,0,0],"gold":132,"neow_bonus":"THREE_ENEMY_KILL","is_daily":false,"chose_seed":false,"campfire_upgraded":4,"win_rate":0.0,"timestamp":1608515970,"path_taken":["M","?","?","?","M","E","R","?","T","E","R","?","?","?","R","BOSS","?","T","?","?","?","T","?","T","T","?","E","AVR","?","?","T","BOSS"],"items_purchased_type":["Relic","Card","Relic","Potion"],"build_version":"2020-12-13","purchased_purges":0,"victory":false,"max_hp_per_floor":[70,70,70,70,70,70,70,70,70,70,70,70,70,70,70,70,70,70,70,70,70,70,70,70,70,70,70,70,70,70,70,70,70,70],"card_choices":[{"not_picked":["Footwork","Tactician"],"picked":"Sucker Punch","floor":1},{"not_picked":["Finisher","Deflect","ReplayTheSpireMod:Exploit Weakness"],"picked":"SKIP","floor":5},{"not_picked":["Hidden Blade","PiercingWail"],"picked":"Endless Agony","floor":6},{"not_picked":["Heel Hook","Flying Knee"],"picked":"Blade Dance","floor":10},{"not_picked":["Outmaneuver","Deadly Poison"],"picked":"Dash","floor":13},{"not_picked":["ReplayTheSpireMod:From All Sides","After Image"],"picked":"Bullet Time","floor":16},{"not_picked":["Deflect+1","hubris:Sniper"],"picked":"Cloak And Dagger","floor":18},{"not_picked":["Outmaneuver","Backflip+1"],"picked":"Dagger Spray","floor":21},{"not_picked":["Catalyst+1","Poisoned Stab","Footwork"],"picked":"SKIP","floor":22},{"not_picked":["Dodge and Roll+1","Deadly Poison","Reflex"],"picked":"SKIP","floor":24},{"not_picked":["PiercingWail","Acrobatics"],"picked":"Endless Agony","floor":27},{"not_picked":["Caltrops+1","Slice"],"picked":"Cloak And Dagger","floor":28},{"not_picked":["Footwork","Wraith Form v2"],"picked":"Backstab+1","floor":30}],"player_experience":405897,"relics_obtained":[{"floor":6,"key":"Lizard Tail"},{"floor":9,"key":"Gremlin Horn"},{"floor":10,"key":"Onion Ring"},{"floor":14,"key":"Lantern"},{"floor":26,"key":"Potion Belt"},{"floor":28,"key":"Boot"}],"event_choices":[{"damage_healed":0,"gold_gain":75,"player_choice":"Touch","damage_taken":7,"max_hp_gain":0,"max_hp_loss":0,"event_name":"FaceTrader","floor":2,"gold_loss":0},{"damage_healed":0,"gold_gain":0,"player_choice":"","damage_taken":6,"max_hp_gain":0,"max_hp_loss":0,"event_name":"Knowing Skull","floor":20,"potions_obtained":[],"gold_loss":0,"cards_obtained":[]}],"is_beta":false,"boss_relics":[{"not_picked":["hubris:TerracottaHorce","Replay:Bronze Core"],"picked":"Painkiller Herb"}],"items_purged_floors":[],"is_endless":false,"potions_floor_spawned":[1,6,10,16,24,27],"killed_by":"Pondfish","ascension_level":0}}