{"host":"utqe55yv0jihe4d6","time":1608519254,"event":{"mods":["2.2 Compatiblity","AchievementEnabler","BaseMod","Block Reminder","Colored Map","Colored Powertips","Minty Spire (QoL Compilation)","Quick Restart","Rare Cards Sparkle","Relic Stats","SuperFastMode"],"gold_per_floor":[116,136,52,71,71,71,97,117,117,129,129,129,162,178,178,250,250,264,264,264,264,17,17,50,65,118,128,28,28,59,59,59,59,59],"floor_reached":33,"playtime":856,"items_purged":["Strike_R","Injury"],"score":646,"play_id":"9ccb9129-cbe5-42e9-af54-959eecdfc617","local_time":"20201220215414","is_ascension_mode":true,"campfire_choices":[{"data":"Bash","floor":6.0,"key":"SMITH"},{"data":"Combust","floor":12.0,"key":"SMITH"},{"data":"Spot Weakness","floor":15.0,"key":"SMITH"},{"data":"Limit Break","floor":23.0,"key":"SMITH"},{"floor":29,"key":"REST"},{"floor":32,"key":"REST"}],"circlet_count":0,"master_deck":["AscendersBane","Strike_R","Strike_R","Defend_R+1","Defend_R","Defend_R","Defend_R","Bash+1","Wild Strike+1","Pommel Strike","Blood for Blood","Combust+1","Shrug It Off","Whirlwind+1","Anger+1","Spot Weakness+1","Limit Break+1","Heavy Blade+1","RitualDagger+1","Dark Embrace","Dropkick+1","Disarm","Feel No Pain"],"relics":["Burning Blood","Bag of Preparation","Matryoshka","Molten Egg 2","Shuriken","TungstenRod","Juzu Bracelet","Cursed Key","Centennial Puzzle","Mango","InkBottle","Red Mask"],"acts_visited":["Exordium","TheCity"],"potions_floor_usage":[24,33],"damage_taken":[{"damage":1.0,"enemies":"2 Louse","floor":1.0,"turns":4.0},{"damage":5.0,"enemies":"Small Slimes","floor":2.0,"turns":4.0},{"damage":4.0,"enemies":"Jaw Worm","floor":4.0,"turns":4.0},{"damage":23.0,"enemies":"3 Sentries","floor":7.0,"turns":5.0},{"damage":0.0,"enemies":"2 Fungi Beasts","floor":8.0,"turns":4.0},{"damage":0.0,"enemies":"Exordium Wildlife","floor":10.0,"turns":3.0},{"damage":0.0,"enemies":"Gremlin Nob","floor":13.0,"turns":3.0},{"damage":0.0,"enemies":"Red Slaver","floor":14.0,"turns":3.0},{"damage":31.0,"enemies":"The Guardian","floor":16.0,"turns":9.0},{"damage":11.0,"enemies":"Spheric Guardian","floor":18.0,"turns":5.0},{"damage":23,"enemies":"Slavers","floor":24,"turns":4},{"damage":9,"enemies":"Chosen","floor":25,"turns":4},{"damage":36,"enemies":"Shelled Parasite and Fungi","floor":27,"turns":5},{"damage":10,"enemies":"Masked Bandits","floor":30,"turns":3},{"damage":78,"enemies":"Automaton","floor":33,"turns":6}],"seed_played":"-5095058176782144841","potions_obtained":[{"floor":2.0,"key":"AttackPotion"},{"floor":4.0,"key":"PowerPotion"},{"floor":7.0,"key":"Block Potion"},{"floor":10.0,"key":"Ancient Potion"},{"floor":13.0,"key":"Dexterity Potion"},{"floor":16.0,"key":"SteroidPotion"},{"floor":24,"key":"GamblersBrew"}],"is_trial":false,"path_per_floor":["M","M","$","M","?","R","E","M","T","M","?","R","E","M","R","B",null,"M","?","?","?","$","R","E","M","T","M","$","R","?","?","R","B"],"character_chosen":"IRONCLAD","items_purchased":["Blood for Blood","Centennial Puzzle"],"campfire_rested":2,"item_purchase_floors":[3,22],"current_hp_per_floor":[73,74,74,75,52,52,35,41,41,47,47,47,53,59,59,34,65,60,55,55,55,55,55,52,49,49,19,19,45,41,16,44,0,0],"gold":59,"neow_bonus":"RANDOM_COMMON_RELIC","is_daily":false,"chose_seed":false,"campfire_upgraded":4,"win_rate":0.0,"timestamp":1608519254,"path_taken":["M","M","$","M","?","R","E","M","T","M","?","R","E","M","R","BOSS","M","?","?","?","$","R","E","M","T","M","$","R","?","?","R","BOSS"],"items_purchased_type":["Card","Relic"],"build_version":"2020-12-13","purchased_purges":2,"victory":false,"max_hp_per_floor":[75,75,75,75,75,75,75,75,75,75,75,75,75,75,75,75,75,75,75,75,75,75,75,89,89,89,89,89,89,89,94,94,94,94],"relic_stats":{"Centennial Puzzle":[15],"counters":[15,66],"Shuriken":[12],"Bag of Preparation":[30],"Juzu Bracelet":1,"Cursed Key":1,"obtain_stats":[{"Centennial Puzzle":22,"Matryoshka":7,"Shuriken":9,"Molten Egg 2":9,"Mango":24,"Bag of Preparation":0,"Juzu Bracelet":13,"Red Mask":30,"Cursed Key":17,"Burning Blood":0,"TungstenRod":11,"InkBottle":26},{"Centennial Puzzle":10,"Matryoshka":4,"Shuriken":5,"Molten Egg 2":5,"Mango":11,"Bag of Preparation":0,"Juzu Bracelet":7,"Red Mask":14,"Cursed Key":9,"Burning Blood":0,"TungstenRod":6,"InkBottle":12},{"Centennial Puzzle":44,"Matryoshka":17,"Shuriken":21,"Molten Egg 2":21,"Mango":48,"Bag of Preparation":0,"Juzu Bracelet":27,"Red Mask":60,"Cursed Key":39,"Burning Blood":0,"TungstenRod":24,"InkBottle":52}],"Burning Blood":83,"TungstenRod":57,"InkBottle":[5]},"card_choices":[{"not_picked":["Warcry","Anger"],"picked":"Wild Strike","floor":1.0},{"not_picked":["Shrug It Off","Sword Boomerang"],"picked":"Pommel Strike","floor":2.0},{"not_picked":["Flex","Cleave"],"picked":"Combust","floor":4.0},{"not_picked":["Entrench","Brutality"],"picked":"Shrug It Off","floor":7.0},{"not_picked":["Pommel Strike","Warcry","Perfected Strike"],"picked":"SKIP","floor":8.0},{"not_picked":["Shrug It Off","Shockwave"],"picked":"Whirlwind+1","floor":10.0},{"not_picked":["Exhume","Armaments"],"picked":"Anger+1","floor":13.0},{"not_picked":["Warcry","Cleave+1"],"picked":"Spot Weakness","floor":14.0},{"not_picked":["Brutality","Corruption"],"picked":"Limit Break","floor":16.0},{"not_picked":["Iron Wave+1","Anger+1"],"picked":"Heavy Blade+1","floor":18.0},{"not_picked":["Bludgeon+1","Headbutt+1"],"picked":"Feel No Pain","floor":24},{"not_picked":["Entrench","Warcry","Reckless Charge+1"],"picked":"SKIP","floor":25},{"not_picked":["Headbutt+1","Dark Embrace","Havoc"],"picked":"SKIP","floor":27}],"player_experience":2816397,"relics_obtained":[{"floor":7.0,"key":"Matryoshka"},{"floor":9.0,"key":"Molten Egg 2"},{"floor":9.0,"key":"Shuriken"},{"floor":13.0,"key":"Juzu Bracelet"},{"floor":24,"key":"Mango"},{"floor":26,"key":"InkBottle"},{"floor":30,"key":"Red Mask"}],"event_choices":[{"damage_healed":0.0,"max_hp_gain":0.0,"max_hp_loss":0.0,"gold_gain":0.0,"event_name":"Shining Light","player_choice":"Entered Light","floor":5.0,"gold_loss":0.0,"damage_taken":23.0,"cards_upgraded":["Defend_R","Wild Strike"]},{"damage_healed":0.0,"max_hp_gain":0.0,"max_hp_loss":0.0,"gold_gain":0.0,"event_name":"Dead Adventurer","player_choice":"Searched \u00271\u0027 times","floor":11.0,"gold_loss":0.0,"damage_taken":0.0,"relics_obtained":["TungstenRod"]},{"damage_healed":0.0,"max_hp_gain":0.0,"max_hp_loss":0.0,"gold_gain":0.0,"event_name":"Nest","player_choice":"Joined the Cult","floor":19.0,"gold_loss":0.0,"damage_taken":6.0,"cards_obtained":["RitualDagger"]},{"damage_healed":0.0,"max_hp_gain":0.0,"max_hp_loss":0.0,"gold_gain":0.0,"cards_transformed":["Strike_R","Strike_R"],"event_name":"Drug Dealer","player_choice":"Became Test Subject","floor":20.0,"gold_loss":0.0,"damage_taken":0.0,"cards_obtained":["Dark Embrace","Dropkick"]},{"damage_healed":0.0,"max_hp_gain":0.0,"max_hp_loss":0.0,"gold_gain":0.0,"event_name":"The Library","player_choice":"Read","floor":21.0,"gold_loss":0.0,"damage_taken":0.0,"cards_obtained":["Disarm"]},{"damage_healed":0,"gold_gain":0,"player_choice":"Fought Bandits","damage_taken":0,"max_hp_gain":0,"max_hp_loss":0,"event_name":"Masked Bandits","floor":30,"gold_loss":0},{"damage_healed":0,"gold_gain":0,"player_choice":"Shed Blood","damage_taken":31,"max_hp_gain":5,"max_hp_loss":0,"event_name":"Forgotten Altar","floor":31,"gold_loss":0}],"is_beta":false,"boss_relics":[{"not_picked":["Fusion Hammer","Mark of Pain"],"picked":"Cursed Key"}],"items_purged_floors":[22,28],"is_endless":false,"potions_floor_spawned":[2,4,7,10,13,16,18,24,25],"killed_by":"Automaton","ascension_level":20}}