{"host":"cjhtzh7tp54jdfyv","time":1608542965,"event":{"mods":["AchievementEnabler","BaseMod","Colored Map","Colored Powertips","Filter the Spire","Minty Spire (QoL Compilation)","RNG Fix","StSLib","ojb\u0027s Better Paths Mod","ojb\u0027s Info Mod"],"gold_per_floor":[113,131,148,298,17,42,62,62,62,62,87,87,106,106,106,184,184,200,200,200,211,211,211,237,249,331,331,331,362,362,362,362,440,440,454,469,220,220,220,220,252,42,66,66,96,106,121,140,140,140,140,140,140,40,72,72],"floor_reached":57,"playtime":6183,"items_purged":["Doubt","Riddle With Holes"],"score":2712,"play_id":"3dbeccb6-d16f-41b4-acec-71675f94810b","local_time":"20201221042925","is_ascension_mode":true,"campfire_choices":[{"floor":8.0,"key":"REST"},{"floor":10.0,"key":"REST"},{"data":"Accuracy","floor":12.0,"key":"SMITH"},{"data":"After Image","floor":15.0,"key":"SMITH"},{"data":"Ghostly","floor":23.0,"key":"SMITH"},{"data":"Ghostly","floor":27.0,"key":"SMITH"},{"data":"J.A.X.","floor":30.0,"key":"SMITH"},{"data":"Ghostly","floor":32.0,"key":"SMITH"},{"floor":40.0,"key":"RECALL"},{"data":"After Image","floor":49.0,"key":"SMITH"},{"floor":53,"key":"DIG"}],"circlet_count":0,"master_deck":["AscendersBane","Survivor","Neutralize","Blade Dance","Well Laid Plans","Glass Knife","Blade Dance","Dash","Accuracy+1","Noxious Fumes","After Image+1","Cloak And Dagger","Well Laid Plans","Tools of the Trade","PiercingWail","A Thousand Cuts+1","Slice","Prepared","Backflip","Finisher","Caltrops","Deflect","Distraction","Deflect","Blade Dance","Ghostly+1","Ghostly+1","Ghostly+1","Blade Dance+1","PiercingWail+1","J.A.X.+1","After Image+1","Leg Sweep","Night Terror","Well Laid Plans+1","Night Terror","Apotheosis","PiercingWail","Backflip"],"relics":["SlaversCollar","Orrery","Paper Crane","Regal Pillow","Meat on the Bone","Pandora\u0027s Box","Dream Catcher","Boot","Coffee Dripper","OrangePellets","Shovel","Omamori","DollysMirror","Toy Ornithopter","Ginger","HornCleat","StrikeDummy"],"acts_visited":["Exordium","TheCity","TheBeyond","TheEnding"],"potions_floor_usage":[55],"damage_taken":[{"damage":7.0,"enemies":"Cultist","floor":1.0,"turns":5.0},{"damage":0.0,"enemies":"Jaw Worm","floor":2.0,"turns":4.0},{"damage":5.0,"enemies":"2 Louse","floor":3.0,"turns":3.0},{"damage":22.0,"enemies":"Gremlin Nob","floor":6.0,"turns":4.0},{"damage":21.0,"enemies":"Exordium Thugs","floor":7.0,"turns":6.0},{"damage":2.0,"enemies":"Lagavulin","floor":11.0,"turns":6.0},{"damage":7.0,"enemies":"Large Slime","floor":13.0,"turns":4.0},{"damage":18.0,"enemies":"Slime Boss","floor":16.0,"turns":9.0},{"damage":3.0,"enemies":"Spheric Guardian","floor":18.0,"turns":4.0},{"damage":20.0,"enemies":"3 Byrds","floor":21.0,"turns":3.0},{"damage":2.0,"enemies":"Gremlin Leader","floor":24.0,"turns":6.0},{"damage":5.0,"enemies":"Cultist and Chosen","floor":25.0,"turns":7.0},{"damage":3.0,"enemies":"Book of Stabbing","floor":29.0,"turns":5.0},{"damage":8.0,"enemies":"Collector","floor":33.0,"turns":11.0},{"damage":0.0,"enemies":"Orb Walker","floor":35.0,"turns":5.0},{"damage":17.0,"enemies":"3 Darklings","floor":36.0,"turns":6.0},{"damage":15.0,"enemies":"Reptomancer","floor":41.0,"turns":7.0},{"damage":8.0,"enemies":"Nemesis","floor":45.0,"turns":5.0},{"damage":9.0,"enemies":"Maw","floor":46.0,"turns":8.0},{"damage":0.0,"enemies":"Sphere and 2 Shapes","floor":47.0,"turns":9.0},{"damage":12.0,"enemies":"3 Darklings","floor":48.0,"turns":9.0},{"damage":20,"enemies":"Time Eater","floor":50,"turns":23},{"damage":9,"enemies":"Donu and Deca","floor":51,"turns":12},{"damage":45,"enemies":"Shield and Spear","floor":55,"turns":16},{"damage":14,"enemies":"The Heart","floor":56,"turns":18}],"seed_played":"4717636340462521263","potions_obtained":[{"floor":1.0,"key":"Ancient Potion"},{"floor":2.0,"key":"Swift Potion"},{"floor":11.0,"key":"EssenceOfSteel"},{"floor":18.0,"key":"Swift Potion"},{"floor":24.0,"key":"SkillPotion"},{"floor":41.0,"key":"FairyPotion"},{"floor":45.0,"key":"CunningPotion"},{"floor":48.0,"key":"Regen Potion"}],"is_trial":false,"path_per_floor":["M","M","M","?","$","E","M","R","T","R","E","R","M","?","R","B",null,"M","?","?","M","?","R","E","M","T","R","?","E","R","$","R","B",null,"M","M","$","?","T","R","E","$","T","?","E","M","M","M","R","B","B",null,"R","$","E","B",null],"character_chosen":"THE_SILENT","items_purchased":["Orrery","Accuracy","Night Terror","OrangePellets","DollysMirror","Weak Potion"],"campfire_rested":2,"item_purchase_floors":[5,5,37,37,42,42],"current_hp_per_floor":[52,52,47,47,47,25,4,23,23,57,55,55,48,53,53,47,65,62,62,62,42,35,35,33,28,28,28,28,25,25,25,25,29,34,34,29,29,29,29,29,26,26,26,16,25,28,28,28,28,20,23,31,31,31,28,26],"gold":72,"neow_bonus":"BOSS_RELIC","is_daily":false,"chose_seed":false,"campfire_upgraded":7,"win_rate":0.0,"timestamp":1608542965,"path_taken":["M","M","M","?","$","E","M","R","T","R","E","R","M","?","R","BOSS","M","?","?","M","?","R","E","?","T","R","?","E","R","$","R","BOSS","M","M","$","?","?","R","E","$","T","?","E","M","M","M","R","BOSS","BOSS","R","$","E","BOSS"],"items_purchased_type":["Relic","Card","Card","Relic","Relic","Potion"],"build_version":"2020-12-13","purchased_purges":2,"victory":true,"max_hp_per_floor":[66,66,66,66,66,66,66,66,66,66,66,66,66,71,71,71,71,71,71,71,71,35,35,35,35,35,35,35,35,35,35,35,35,35,35,35,35,33,33,33,33,33,33,33,33,33,33,33,33,33,33,33,33,33,33,33],"card_choices":[{"not_picked":["Sucker Punch","Acrobatics"],"picked":"Blade Dance","floor":1.0},{"not_picked":["Dagger Spray","Calculated Gamble"],"picked":"Riddle With Holes","floor":2.0},{"not_picked":["Tactician","PiercingWail","Prepared"],"picked":"SKIP","floor":3.0},{"not_picked":["Infinite Blades","Dagger Throw"],"picked":"Well Laid Plans","floor":5.0},{"not_picked":["Infinite Blades","Choke"],"picked":"Glass Knife","floor":5.0},{"not_picked":["Flechettes","Heel Hook"],"picked":"Blade Dance","floor":5.0},{"not_picked":["Quick Slash","Dagger Spray"],"picked":"Dash","floor":5.0},{"not_picked":["Bane","Masterful Stab"],"picked":"Noxious Fumes","floor":6.0},{"not_picked":["Blade Dance","Flying Knee"],"picked":"After Image","floor":7.0},{"not_picked":["All Out Attack","Noxious Fumes"],"picked":"Cloak And Dagger","floor":11.0},{"not_picked":["Quick Slash","Acrobatics"],"picked":"Well Laid Plans","floor":13.0},{"not_picked":["Grand Finale","Envenom"],"picked":"Tools of the Trade","floor":16.0},{"not_picked":["Bouncing Flask","PiercingWail"],"picked":"Deflect","floor":18.0},{"not_picked":["Underhanded Strike","Flying Knee+1"],"picked":"Blade Dance","floor":21.0},{"not_picked":["Infinite Blades","Dash+1"],"picked":"Blade Dance+1","floor":24.0},{"not_picked":["Cloak And Dagger","Dagger Spray"],"picked":"PiercingWail+1","floor":25.0},{"not_picked":["Glass Knife","Dagger Spray","Deflect"],"picked":"SKIP","floor":29.0},{"not_picked":["Phantasmal Killer","Envenom"],"picked":"After Image","floor":33.0},{"not_picked":["Dagger Spray","Underhanded Strike","Backstab"],"picked":"SKIP","floor":35.0},{"not_picked":["Deadly Poison","Endless Agony"],"picked":"Leg Sweep","floor":36.0},{"not_picked":["Masterful Stab","Accuracy"],"picked":"Well Laid Plans+1","floor":41.0},{"not_picked":["Enlightenment","Forethought"],"picked":"Apotheosis","floor":44.0},{"not_picked":["Dagger Spray","Slice"],"picked":"PiercingWail","floor":45.0},{"not_picked":["Quick Slash","Infinite Blades","Prepared"],"picked":"SKIP","floor":46.0},{"not_picked":["Cloak And Dagger","Blade Dance","Infinite Blades+1"],"picked":"SKIP","floor":47.0},{"not_picked":["Accuracy","Crippling Poison"],"picked":"Backflip","floor":48.0},{"not_picked":["A Thousand Cuts","Underhanded Strike","Bouncing Flask+1"],"picked":"SKIP","floor":55}],"player_experience":4327986,"relics_obtained":[{"floor":6.0,"key":"Paper Crane"},{"floor":9.0,"key":"Regal Pillow"},{"floor":11.0,"key":"Meat on the Bone"},{"floor":24.0,"key":"Dream Catcher"},{"floor":29.0,"key":"Boot"},{"floor":39.0,"key":"Shovel"},{"floor":41.0,"key":"Omamori"},{"floor":43.0,"key":"Toy Ornithopter"},{"floor":45.0,"key":"Ginger"},{"floor":53,"key":"HornCleat"},{"floor":55,"key":"StrikeDummy"}],"event_choices":[{"damage_healed":0.0,"max_hp_gain":0.0,"max_hp_loss":0.0,"gold_gain":150.0,"event_name":"Liars Game","player_choice":"AGREE","floor":4.0,"gold_loss":0.0,"damage_taken":0.0,"cards_obtained":["Doubt"]},{"damage_healed":0.0,"max_hp_gain":5.0,"max_hp_loss":0.0,"gold_gain":0.0,"event_name":"Big Fish","player_choice":"Donut","floor":14.0,"gold_loss":0.0,"damage_taken":0.0},{"cards_removed":["Choke"],"damage_healed":0.0,"max_hp_gain":0.0,"max_hp_loss":0.0,"gold_gain":0.0,"event_name":"Back to Basics","player_choice":"Elegance","floor":19.0,"gold_loss":0.0,"damage_taken":0.0},{"damage_healed":0.0,"max_hp_gain":0.0,"max_hp_loss":0.0,"gold_gain":0.0,"event_name":"Upgrade Shrine","player_choice":"Upgraded","floor":20.0,"gold_loss":0.0,"damage_taken":0.0,"cards_upgraded":["A Thousand Cuts"]},{"damage_healed":0.0,"max_hp_gain":0.0,"max_hp_loss":36.0,"gold_gain":0.0,"event_name":"Ghosts","player_choice":"Became a Ghost","floor":22.0,"gold_loss":0.0,"damage_taken":0.0,"cards_obtained":["Ghostly","Ghostly","Ghostly"]},{"damage_healed":0.0,"max_hp_gain":0.0,"max_hp_loss":0.0,"gold_gain":0.0,"event_name":"Drug Dealer","player_choice":"Obtain J.A.X.","floor":28.0,"gold_loss":0.0,"damage_taken":0.0,"cards_obtained":["J.A.X."]},{"damage_healed":0.0,"max_hp_gain":0.0,"max_hp_loss":2.0,"gold_gain":0.0,"event_name":"Winding Halls","player_choice":"Max HP","floor":38.0,"gold_loss":0.0,"damage_taken":0.0},{"damage_healed":0.0,"max_hp_gain":0.0,"max_hp_loss":0.0,"gold_gain":0.0,"event_name":"SensoryStone","player_choice":"Memory 3","floor":44.0,"gold_loss":0.0,"damage_taken":10.0}],"is_beta":false,"boss_relics":[{"not_picked":["Busted Crown","Astrolabe"],"picked":"Pandora\u0027s Box"},{"not_picked":["Empty Cage","Calling Bell"],"picked":"Coffee Dripper"}],"items_purged_floors":[5,54],"is_endless":false,"potions_floor_spawned":[1,2,11,18,24,25,41,45,46,48],"ascension_level":20}}