{"host":"gzuytev79v4mazik","time":1608566010,"event":{"mods":["ATMod(°¢èªMod)","Act Like it!","BaseMod","CapriCore","Hallownest","Infinite Spire","Jorbs\u0027s Wanderer Trilogy","Luminous","Minty Spire (QoL Compilation)","Prisma Mod","Rare Cards Sparkle","Remilia£¨ÀÙÃ×ÀòÑÇ£©","Replay The Spire","StSLib","The Alterego","The Bug Knight","The Immortal"],"gold_per_floor":[20,38,114,132,142,142,142,142,168,227,79,91,101,121,121,121,121],"floor_reached":16,"playtime":1046,"items_purged":[],"score":94,"play_id":"542eb830-0dbd-4f75-b7c6-7aef2bf43091","local_time":"20201221235330","is_ascension_mode":false,"campfire_choices":[{"data":"alterego_mod:1TonWallop","floor":6.0,"key":"SMITH"},{"data":"alterego_mod:MagicResistance","floor":15.0,"key":"SMITH"}],"circlet_count":0,"master_deck":["alterego_mod:Strike","alterego_mod:Strike","alterego_mod:Strike","alterego_mod:Strike","alterego_mod:Defend","alterego_mod:Defend","alterego_mod:Defend","alterego_mod:Defend","alterego_mod:Impale","alterego_mod:BigMeatyClaws","alterego_mod:BrynhildrsRune","alterego_mod:Valkyrie","alterego_mod:1TonWallop+1","alterego_mod:Punishment","alterego_mod:Undulate","alterego_mod:Rip","alterego_mod:Punishment","alterego_mod:BoobPocket","alterego_mod:GoddessCore","alterego_mod:ChallengeComplete","alterego_mod:BeGentle","alterego_mod:HighServant","alterego_mod:Rake","alterego_mod:MagicResistance+1"],"relics":["alterego_mod:MasochisticConstitution","AT_ATBox","infinitespire:Satchel","AT_BellDemon","AT_ArchangelStaff"],"acts_visited":["Exordium"],"potions_floor_usage":[16,16],"damage_taken":[{"damage":8.0,"enemies":"2 Louse","floor":1.0,"turns":3.0},{"damage":9.0,"enemies":"Small Slimes","floor":2.0,"turns":2.0},{"damage":22.0,"enemies":"Jaw Worm","floor":4.0,"turns":3.0},{"damage":2.0,"enemies":"2 Fungi Beasts","floor":5.0,"turns":2.0},{"damage":22.0,"enemies":"Gremlin Nob","floor":10.0,"turns":4.0},{"damage":12.0,"enemies":"Looter","floor":12.0,"turns":2.0},{"damage":17.0,"enemies":"Large Slime","floor":13.0,"turns":6.0},{"damage":11.0,"enemies":"2 Fungi Beasts","floor":14.0,"turns":5.0},{"damage":50,"enemies":"The Guardian","floor":16,"turns":10}],"seed_played":"7408634733598586216","potions_obtained":[{"floor":4.0,"key":"SkillPotion"},{"floor":10.0,"key":"Explosive Potion"},{"floor":14.0,"key":"LifebloodPotion"}],"is_trial":false,"path_per_floor":["M","M","?","M","M","R","$","?","T","?","$","M","M","M","R","B"],"character_chosen":"The_Alterego","items_purchased":["AT_ArchangelStaff"],"campfire_rested":0,"item_purchase_floors":[11],"current_hp_per_floor":[71,70,70,56,69,69,69,69,69,55,55,44,38,48,48,0,0],"gold":121,"neow_bonus":"THREE_RARE_CARDS","is_daily":false,"chose_seed":false,"campfire_upgraded":2,"win_rate":0.0,"timestamp":1608566010,"path_taken":["M","M","?","M","M","R","$","?","T","?","?","M","M","M","R","BOSS"],"items_purchased_type":["Relic"],"build_version":"2020-12-13","purchased_purges":0,"victory":false,"max_hp_per_floor":[71,72,72,73,74,74,74,74,74,75,75,76,77,78,78,78,78],"card_choices":[{"not_picked":["alterego_mod:Alter","alterego_mod:STier"],"picked":"alterego_mod:Valkyrie","floor":0.0},{"not_picked":["alterego_mod:Mirror","alterego_mod:Birthday"],"picked":"alterego_mod:1TonWallop","floor":1.0},{"not_picked":["alterego_mod:Clones","alterego_mod:PerceptionDisorder"],"picked":"alterego_mod:Punishment","floor":2.0},{"not_picked":["alterego_mod:Skirt","alterego_mod:1TonWallop"],"picked":"alterego_mod:Undulate","floor":4.0},{"not_picked":["alterego_mod:Clones","alterego_mod:Cycle"],"picked":"alterego_mod:Rip","floor":5.0},{"not_picked":["alterego_mod:Smother","alterego_mod:Exercise"],"picked":"alterego_mod:HighServant","floor":12.0},{"not_picked":["alterego_mod:DeftHands","alterego_mod:TrashNCrash"],"picked":"alterego_mod:Rake","floor":13.0},{"not_picked":["alterego_mod:Maid","alterego_mod:Bloomers"],"picked":"alterego_mod:MagicResistance","floor":14.0}],"player_experience":363659,"relics_obtained":[{"floor":9.0,"key":"infinitespire:Satchel"},{"floor":10.0,"key":"AT_BellDemon"}],"event_choices":[{"damage_healed":0.0,"max_hp_gain":0.0,"max_hp_loss":0.0,"gold_gain":76.0,"event_name":"Golden Wing","player_choice":"Gained Gold","floor":3.0,"gold_loss":0.0,"damage_taken":0.0},{"damage_healed":0.0,"max_hp_gain":0.0,"max_hp_loss":0.0,"gold_gain":30.0,"event_name":"Dead Adventurer","player_choice":"Searched \u00272\u0027 times","floor":10.0,"gold_loss":0.0,"damage_taken":0.0}],"is_beta":false,"boss_relics":[],"items_purged_floors":[],"is_endless":false,"potions_floor_spawned":[4,10,14],"killed_by":"The Guardian","ascension_level":0}}