{"host":"a9gsz7kv8aebwp1f","time":1608533583,"event":{"mods":["AchievementEnabler","BaseMod","Minty Spire (QoL Compilation)"],"gold_per_floor":[110,110,110,122,138,138,156,156,180,199,199,213,213,178,178,274,274,294,219,57,57,77,91,91,117,117,148,18,29,39,39,39,134,134,145,160,0,0,17,17,67,83,83,8,8,25,37,37,37,37],"floor_reached":51,"playtime":1671,"items_purged":["Pain","Shame"],"score":1123,"play_id":"eac5e5ec-1e7e-4884-95c1-e5afe57947a8","local_time":"20201221155303","is_ascension_mode":true,"campfire_choices":[{"data":"Feed","floor":6,"key":"SMITH"},{"data":"Cleave","floor":13,"key":"SMITH"},{"data":"Flex","floor":15,"key":"SMITH"},{"floor":24,"key":"REST"},{"floor":32,"key":"REST"},{"data":"Limit Break","floor":40,"key":"SMITH"},{"floor":45,"key":"REST"},{"data":"Demon Form","floor":49,"key":"SMITH"}],"circlet_count":0,"master_deck":["Strike_R","Strike_R","Strike_R+1","Strike_R+1","Strike_R","Defend_R","Defend_R","Defend_R","Defend_R","Bash+1","Headbutt","Feed+1","Flex+1","Perfected Strike+1","Cleave+1","Pommel Strike","Limit Break+1","Cleave+1","True Grit","Twin Strike","Twin Strike+1","Whirlwind+1","Shrug It Off+1","Demon Form+1","Shrug It Off","Clash","True Grit+1","Impervious","Perfected Strike+1","Headbutt+1","Writhe","Armaments+1","Perfected Strike+1","Clash","Parasite","Shrug It Off","Pommel Strike","Shrug It Off+1","Limit Break+1"],"relics":["Burning Blood","StoneCalendar","HornCleat","Akabeko","Cursed Key","Membership Card","Strawberry","Bottled Flame","Toy Ornithopter","Self Forming Clay","Sozu","Red Mask","Gambling Chip","Dead Branch"],"acts_visited":["Exordium","TheCity","TheBeyond"],"potions_floor_usage":[27,30,33,50,50,50],"damage_taken":[{"damage":1,"enemies":"2 Louse","floor":1,"turns":3},{"damage":12,"enemies":"Jaw Worm","floor":4,"turns":4},{"damage":0,"enemies":"Cultist","floor":5,"turns":3},{"damage":15,"enemies":"Exordium Wildlife","floor":7,"turns":4},{"damage":11,"enemies":"Looter","floor":10,"turns":2},{"damage":7,"enemies":"Exordium Thugs","floor":12,"turns":3},{"damage":24,"enemies":"Slime Boss","floor":16,"turns":7},{"damage":12,"enemies":"Chosen","floor":18,"turns":2},{"damage":14,"enemies":"Shell Parasite","floor":22,"turns":2},{"damage":4,"enemies":"Snecko","floor":23,"turns":4},{"damage":36,"enemies":"Gremlin Leader","floor":25,"turns":5},{"damage":60,"enemies":"Book of Stabbing","floor":27,"turns":5},{"damage":8,"enemies":"Cultist and Chosen","floor":29,"turns":4},{"damage":20,"enemies":"Centurion and Healer","floor":30,"turns":4},{"damage":51,"enemies":"Collector","floor":33,"turns":7},{"damage":27,"enemies":"3 Shapes","floor":35,"turns":5},{"damage":21,"enemies":"3 Darklings","floor":36,"turns":6},{"damage":37,"enemies":"4 Shapes","floor":39,"turns":4},{"damage":12,"enemies":"Mind Bloom Boss Battle","floor":41,"turns":6},{"damage":0,"enemies":"Jaw Worm Horde","floor":42,"turns":4},{"damage":11,"enemies":"Sphere and 2 Shapes","floor":46,"turns":3},{"damage":30,"enemies":"Maw","floor":47,"turns":7},{"damage":75,"enemies":"Awakened One","floor":50,"turns":8}],"seed_played":"-125972746217448250","potions_obtained":[{"floor":4,"key":"Regen Potion"},{"floor":5,"key":"BlessingOfTheForge"},{"floor":7,"key":"Weak Potion"},{"floor":29,"key":"AttackPotion"},{"floor":30,"key":"BloodPotion"},{"floor":33,"key":"SteroidPotion"}],"is_trial":false,"path_per_floor":["M","?","T","M","M","R","M","?","T","M","?","M","R","?","R","B",null,"M","?","$","?","M","M","R","E","T","E","$","M","M","T","R","B",null,"M","M","?","?","M","R","?","M","T","$","R","M","M","?","R","B",null],"character_chosen":"IRONCLAD","items_purchased":["Membership Card","True Grit","Demon Form","Shrug It Off","Shrug It Off"],"campfire_rested":3,"item_purchase_floors":[20,20,28,28,44],"current_hp_per_floor":[77,77,77,71,80,80,75,58,58,57,57,60,60,83,83,69,92,90,90,90,69,61,63,95,72,72,27,27,29,24,24,60,44,103,82,67,67,98,71,71,65,71,71,71,109,108,84,84,84,30],"gold":37,"neow_bonus":"UPGRADE_CARD","is_daily":false,"chose_seed":false,"campfire_upgraded":5,"win_rate":0.0,"timestamp":1608533583,"path_taken":["M","?","?","M","?","R","M","?","T","M","?","?","R","?","R","BOSS","M","?","$","?","M","M","R","E","T","E","$","M","M","?","R","BOSS","M","?","?","?","M","R","?","M","T","$","R","?","M","?","R","BOSS"],"items_purchased_type":["Relic","Card","Card","Card","Card"],"build_version":"2020-12-13","purchased_purges":2,"victory":true,"max_hp_per_floor":[80,80,80,80,83,83,87,87,87,91,91,95,95,95,95,99,99,103,103,103,108,108,108,108,115,115,115,115,119,123,123,123,123,123,123,123,123,123,127,127,127,127,127,127,127,131,131,131,131,131],"card_choices":[{"not_picked":["Body Slam","Sword Boomerang"],"picked":"Headbutt","floor":1},{"not_picked":["Reckless Charge","Pummel"],"picked":"Feed","floor":4},{"not_picked":["Twin Strike","Havoc"],"picked":"Flex","floor":5},{"not_picked":["Clash","Iron Wave"],"picked":"Perfected Strike","floor":7},{"not_picked":["Clothesline","Shockwave"],"picked":"Cleave","floor":10},{"not_picked":["Warcry","Infernal Blade"],"picked":"Pommel Strike","floor":12},{"not_picked":["Demon Form","Offering"],"picked":"Limit Break","floor":16},{"not_picked":["Wild Strike","Thunderclap+1"],"picked":"Cleave+1","floor":18},{"not_picked":["Infernal Blade","Power Through"],"picked":"Twin Strike","floor":22},{"not_picked":["Iron Wave","Burning Pact+1"],"picked":"Twin Strike+1","floor":23},{"not_picked":["Twin Strike","Thunderclap"],"picked":"Whirlwind+1","floor":25},{"not_picked":["Twin Strike","Metallicize+1"],"picked":"Shrug It Off+1","floor":27},{"not_picked":["Warcry+1","Carnage"],"picked":"Clash","floor":29},{"not_picked":["Brutality","Thunderclap+1"],"picked":"True Grit+1","floor":30},{"not_picked":["Exhume","Demon Form"],"picked":"Impervious","floor":33},{"not_picked":["Wild Strike","Thunderclap+1"],"picked":"Perfected Strike+1","floor":35},{"not_picked":["Anger+1","Thunderclap"],"picked":"Headbutt+1","floor":36},{"not_picked":["Second Wind+1","Thunderclap"],"picked":"Armaments+1","floor":39},{"not_picked":["Warcry","True Grit+1"],"picked":"Perfected Strike+1","floor":41},{"not_picked":["Burning Pact","Warcry+1"],"picked":"Clash","floor":42},{"not_picked":["Clothesline","Havoc"],"picked":"Pommel Strike","floor":46},{"not_picked":["Impervious","Dual Wield"],"picked":"Shrug It Off+1","floor":47}],"player_experience":439111,"relics_obtained":[{"floor":3,"key":"HornCleat"},{"floor":9,"key":"Akabeko"},{"floor":25,"key":"Strawberry"},{"floor":26,"key":"Bottled Flame"},{"floor":27,"key":"Toy Ornithopter"},{"floor":31,"key":"Self Forming Clay"},{"floor":41,"key":"Gambling Chip"},{"floor":43,"key":"Dead Branch"}],"event_choices":[{"damage_healed":0,"gold_gain":0,"player_choice":"Box","damage_taken":0,"relics_obtained":["StoneCalendar"],"max_hp_gain":0,"max_hp_loss":0,"event_name":"Big Fish","floor":2,"gold_loss":0,"cards_obtained":["Regret"]},{"damage_healed":0,"gold_gain":0,"player_choice":"Entered Light","damage_taken":17,"max_hp_gain":0,"max_hp_loss":0,"event_name":"Shining Light","floor":8,"gold_loss":0,"cards_upgraded":["Strike_R","Strike_R"]},{"damage_healed":0,"gold_gain":0,"player_choice":"Upgraded","damage_taken":0,"max_hp_gain":0,"max_hp_loss":0,"event_name":"Upgrade Shrine","floor":11,"gold_loss":0,"cards_upgraded":["Perfected Strike"]},{"damage_healed":23,"gold_gain":0,"player_choice":"Healed","damage_taken":0,"max_hp_gain":0,"max_hp_loss":0,"event_name":"The Cleric","floor":14,"gold_loss":35},{"cards_removed":["Regret"],"damage_healed":0,"gold_gain":0,"player_choice":"Gave Gold","damage_taken":0,"max_hp_gain":0,"max_hp_loss":0,"event_name":"Beggar","floor":19,"gold_loss":75},{"damage_healed":0,"gold_gain":0,"player_choice":"Shed Blood","damage_taken":26,"max_hp_gain":5,"max_hp_loss":0,"event_name":"Forgotten Altar","floor":21,"gold_loss":0},{"damage_healed":0,"gold_gain":0,"player_choice":"Paid","damage_taken":0,"relics_obtained":["Red Mask"],"max_hp_gain":0,"max_hp_loss":0,"event_name":"Tomb of Lord Red Mask","floor":37,"gold_loss":160},{"damage_healed":31,"gold_gain":0,"player_choice":"Writhe","damage_taken":0,"max_hp_gain":0,"max_hp_loss":0,"event_name":"Winding Halls","floor":38,"gold_loss":0,"cards_obtained":["Writhe"]},{"damage_healed":0,"gold_gain":0,"player_choice":"Fight","damage_taken":0,"max_hp_gain":0,"max_hp_loss":0,"event_name":"MindBloom","floor":41,"gold_loss":0},{"damage_healed":0,"gold_gain":0,"player_choice":"Copied","damage_taken":0,"max_hp_gain":0,"max_hp_loss":0,"event_name":"Duplicator","floor":48,"gold_loss":0,"cards_obtained":["Limit Break"]}],"is_beta":false,"boss_relics":[{"not_picked":["Philosopher\u0027s Stone","Busted Crown"],"picked":"Cursed Key"},{"not_picked":["Fusion Hammer","Snecko Eye"],"picked":"Sozu"}],"items_purged_floors":[28,44],"is_endless":false,"potions_floor_spawned":[4,5,7,12,23,29,30,33,35,42,46],"ascension_level":9}}