{"host":"qwttrqaysb380yri","time":1608567496,"event":{"mods":["BaseMod","Custom Start","Minty Spire (QoL Compilation)","Permanent Neow","Puzzle Mod","Relic Stats","StSLib","The Cursed","The Hierophant"],"gold_per_floor":[110,129,144,161,161,190,200,232,285,285,285,285],"floor_reached":11,"playtime":433,"items_purged":[],"score":145,"play_id":"c8a1077e-bee3-42ef-ae53-794982f3eef6","local_time":"20201221171816","is_ascension_mode":true,"campfire_choices":[{"floor":10,"key":"REST"}],"circlet_count":0,"master_deck":["AscendersBane","Strike_G","Strike_G","Strike_G","Strike_G","Strike_G","Defend_G","Defend_G","Defend_G","Defend_G","Defend_G","Survivor","Neutralize","Storm of Steel","Blade Dance","Slice","Adrenaline","Acrobatics","Crippling Poison","Grand Finale"],"relics":["Ring of the Snake","Paper Crane","Singing Bowl","Pantograph","Toy Ornithopter"],"acts_visited":["Exordium"],"potions_floor_usage":[8,8],"damage_taken":[{"damage":6,"enemies":"Cultist","floor":1,"turns":3},{"damage":1,"enemies":"Small Slimes","floor":2,"turns":4},{"damage":0,"enemies":"2 Louse","floor":3,"turns":4},{"damage":0,"enemies":"Blue Slaver","floor":4,"turns":4},{"damage":22,"enemies":"Gremlin Nob","floor":6,"turns":4},{"damage":3,"enemies":"Red Slaver","floor":7,"turns":3},{"damage":22,"enemies":"3 Sentries","floor":8,"turns":12},{"damage":26,"enemies":"Lagavulin","floor":11,"turns":6}],"seed_played":"-2928822105902960038","potions_obtained":[{"floor":1,"key":"GamblersBrew"},{"floor":4,"key":"SpeedPotion"},{"floor":6,"key":"AttackPotion"},{"floor":7,"key":"Poison Potion"}],"is_trial":false,"path_per_floor":["M","M","M","M","T","E","M","E","T","R","E"],"character_chosen":"THE_SILENT","items_purchased":[],"campfire_rested":1,"item_purchase_floors":[],"current_hp_per_floor":[53,52,52,52,52,30,29,7,7,27,1,1],"gold":285,"neow_bonus":"ONE_RANDOM_RARE_CARD","is_daily":false,"chose_seed":false,"campfire_upgraded":0,"win_rate":0.0,"timestamp":1608567496,"path_taken":["M","?","M","M","?","E","M","E","T","R","E"],"items_purchased_type":[],"build_version":"2020-12-13","purchased_purges":0,"victory":false,"max_hp_per_floor":[66,66,66,66,66,66,68,68,68,68,68,68],"relic_stats":{"Singing Bowl":2,"counters":[8,40],"Pantograph":0,"obtain_stats":[{"Singing Bowl":6,"Pantograph":8,"Paper Crane":5,"Toy Ornithopter":9,"Ring of the Snake":0},{"Singing Bowl":5,"Pantograph":7,"Paper Crane":4,"Toy Ornithopter":7,"Ring of the Snake":0},{"Singing Bowl":19,"Pantograph":34,"Paper Crane":15,"Toy Ornithopter":34,"Ring of the Snake":0}],"Toy Ornithopter":0,"Ring of the Snake":[16]},"card_choices":[{"not_picked":["Backstab","Dagger Spray"],"picked":"Blade Dance","floor":1},{"not_picked":["Riddle With Holes","Deflect"],"picked":"Slice","floor":2},{"not_picked":["Cloak And Dagger","Distraction"],"picked":"Adrenaline","floor":3},{"not_picked":["Dagger Throw","Expertise"],"picked":"Acrobatics","floor":4},{"not_picked":["Deflect","Dodge and Roll"],"picked":"Crippling Poison","floor":6},{"not_picked":["Footwork","Heel Hook","Slice"],"picked":"Singing Bowl","floor":7},{"not_picked":["PiercingWail","Flechettes"],"picked":"Grand Finale","floor":8}],"player_experience":1923272,"relics_obtained":[{"floor":5,"key":"Paper Crane"},{"floor":6,"key":"Singing Bowl"},{"floor":8,"key":"Pantograph"},{"floor":9,"key":"Toy Ornithopter"}],"event_choices":[],"is_beta":false,"boss_relics":[],"items_purged_floors":[],"is_endless":false,"potions_floor_spawned":[1,4,6,7],"killed_by":"Lagavulin","ascension_level":14}}