{"host":"1pcwcurc8qazgtt6","time":1608541011,"event":{"mods":["AchievementEnabler","BaseMod","BetterRewards","Colored Map","Curses Come First","Hubris","Lobotomy","Minty Spire (QoL Compilation)","StSLib","The Blue Laboratory","The Hierophant"],"gold_per_floor":[112,151,151,151,182,182,222,75,75,150,150,165,204,204,204,194,194],"floor_reached":16,"playtime":1056,"items_purged":[],"score":92,"play_id":"d91add14-fcd9-490f-a0ad-c26d2febc553","local_time":"20201221025651","is_ascension_mode":false,"campfire_choices":[{"data":"hierophant:Endure","floor":6,"key":"SMITH"},{"floor":11,"key":"REST"},{"data":"hierophant:Punish","floor":15,"key":"SMITH"}],"circlet_count":0,"master_deck":["hierophant:Strike_Hierophant","hierophant:Strike_Hierophant","hierophant:Strike_Hierophant","hierophant:Strike_Hierophant","hierophant:Punish+1","hierophant:Defend_Hierophant","hierophant:Defend_Hierophant","hierophant:Defend_Hierophant","hierophant:Defend_Hierophant","hierophant:ChurchCoffers+1","hierophant:SecretStash","hierophant:Endure+1","hierophant:TollTheBells","hierophant:Patience","hierophant:RepressedViolence","hierophant:Smite"],"relics":["hierophant:PropheticMaskRelic","hubris:OldNail","Dead Branch","CaptainsWheel","hubris:Towel","hubris:DeckOfHolding","Bottled Flame"],"acts_visited":["Exordium"],"potions_floor_usage":[16,16],"damage_taken":[{"damage":2,"enemies":"Small Slimes","floor":1,"turns":3},{"damage":3,"enemies":"2 Louse","floor":2,"turns":2},{"damage":3,"enemies":"Jaw Worm","floor":5,"turns":5},{"damage":16,"enemies":"Large Slime","floor":7,"turns":8},{"damage":0,"enemies":"3 Louse","floor":12,"turns":1},{"damage":0,"enemies":"Blue Slaver","floor":13,"turns":4},{"damage":27,"enemies":"Hexaghost","floor":16,"turns":11}],"seed_played":"8404714916474433752","potions_obtained":[{"floor":7,"key":"blueLaboratory:LouseDecoction"},{"floor":12,"key":"Strength Potion"}],"is_trial":false,"path_per_floor":["M","M","?","?","M","R","M","$","T","?","R","M","M","T","R","B"],"character_chosen":"HIEROPHANT","items_purchased":["hubris:OldNail","hierophant:TollTheBells","hierophant:Patience"],"campfire_rested":1,"item_purchase_floors":[0,8,8],"current_hp_per_floor":[38,35,35,35,32,32,16,16,16,5,27,27,27,27,27,0,0],"gold":194,"neow_bonus":"","is_daily":false,"chose_seed":false,"campfire_upgraded":2,"win_rate":0.0,"timestamp":1608541011,"path_taken":["M","M","?","?","M","R","M","?","T","?","R","M","?","?","R","BOSS"],"items_purchased_type":["Relic","Card","Card"],"build_version":"2020-12-13","purchased_purges":0,"victory":false,"max_hp_per_floor":[75,75,75,75,75,75,75,75,75,75,75,75,75,75,75,75,75],"card_choices":[{"not_picked":["hierophant:Exaltation","hierophant:ThreeLashes"],"picked":"hierophant:SecretStash","floor":1},{"not_picked":["hierophant:Purify","hierophant:Rebuild","hierophant:Martyrdom"],"picked":"SKIP","floor":2},{"not_picked":["hierophant:Zeal","hierophant:Encroach"],"picked":"hierophant:Endure","floor":5},{"not_picked":["hierophant:EyeForCoin","hierophant:PassingBell","hierophant:CursedGold"],"picked":"SKIP","floor":7},{"not_picked":["hierophant:Mercenaries","hierophant:AuricShield"],"picked":"hierophant:RepressedViolence","floor":12},{"not_picked":["hierophant:Flagellation","hierophant:TollTheBells"],"picked":"hierophant:Smite","floor":13}],"player_experience":163612,"relics_obtained":[{"floor":9,"key":"hubris:DeckOfHolding"},{"floor":14,"key":"Bottled Flame"}],"event_choices":[{"damage_healed":0,"gold_gain":75,"player_choice":"Gather Gold","damage_taken":11,"max_hp_gain":0,"max_hp_loss":0,"event_name":"World of Goop","floor":10,"gold_loss":0}],"is_beta":false,"boss_relics":[],"items_purged_floors":[],"is_endless":false,"potions_floor_spawned":[7,12],"killed_by":"Hexaghost","ascension_level":0}}