{"host":"3c27c697js19kaoo","time":1608538793,"event":{"mods":["ATMod(∞¢Ë™Mod)","Aspiration","BaseMod","CapriCore","Dota2Spire","Hermit","Minty Spire (QoL Compilation)","Quick Restart","Remilia£®¿Ÿ√◊¿Ú—«£©","Replay The Spire","Robot Space Explorer","Spicy Shops","StSLib","The Alterego","The Cursed","The Runesmith","The Servant 0.9.4","Youmu£®ªÍ∆«—˝√Œ£©","vexMod","°æ“≈ŒÔø®≈∆°øREMEMod"],"gold_per_floor":[117,131,131,131,141,174,174,203,203,235,246,246,246],"floor_reached":12,"playtime":428,"items_purged":[],"score":108,"play_id":"9ed19592-631a-4900-80c5-f75c84f80527","local_time":"20201221161953","is_ascension_mode":true,"campfire_choices":[{"data":"Apotheosis","floor":7,"key":"SMITH"}],"circlet_count":0,"master_deck":["Strike_B","Strike_B","Strike_B","Strike_B","Defend_B","Defend_B","Defend_B","Defend_B","Zap","Dualcast","AT_ThunderBolt","Apotheosis+1","White Noise","Redo","Beam Cell","Sweeping Beam","ReplayTheSpireMod:GoodbyeWorld","Hologram","Rebound","AT_StudyProgram","Ball Lightning","Ball Lightning","Defragment"],"relics":["Cracked Core","REME_ComplimentaryCards","AT_ATBox","NeowsBlessing","Replay:Bottled Flurry","AT_SunfireAegis","Shovel","Dota2Spire:Desolator"],"acts_visited":["Exordium"],"potions_floor_usage":[12],"damage_taken":[{"damage":0,"enemies":"Small Slimes","floor":1,"turns":1},{"damage":0,"enemies":"2 Louse","floor":2,"turns":1},{"damage":0,"enemies":"Jaw Worm","floor":5,"turns":1},{"damage":25,"enemies":"3 Sentries","floor":6,"turns":7},{"damage":8,"enemies":"Gremlin Nob","floor":8,"turns":4},{"damage":26,"enemies":"Lagavulin","floor":10,"turns":5},{"damage":0,"enemies":"Exordium Wildlife","floor":11,"turns":3},{"damage":18,"enemies":"3 Sentries","floor":12,"turns":2}],"seed_played":"-6841730275058656702","potions_obtained":[{"floor":6,"key":"Dexterity Potion"},{"floor":10,"key":"Languid Potion"},{"floor":11,"key":"SkillPotion"}],"is_trial":false,"path_per_floor":["M","M","?","?","M","E","R","E","T","E","M","E"],"character_chosen":"DEFECT","items_purchased":[],"campfire_rested":0,"item_purchase_floors":[],"current_hp_per_floor":[75,75,75,75,75,50,50,42,42,16,16,0,0],"gold":246,"neow_bonus":"THREE_ENEMY_KILL","is_daily":false,"chose_seed":false,"campfire_upgraded":1,"win_rate":0.0,"timestamp":1608538793,"path_taken":["M","M","?","?","M","E","R","E","T","E","M","E"],"items_purchased_type":[],"build_version":"2020-12-13","purchased_purges":0,"victory":false,"max_hp_per_floor":[75,75,75,75,75,75,75,75,75,75,75,75,75],"card_choices":[{"not_picked":["Turbo","Coolheaded"],"picked":"White Noise","floor":1},{"not_picked":["Rebound","Stack"],"picked":"Redo","floor":2},{"not_picked":["White Noise","Redo"],"picked":"AT_StudyProgram","floor":5},{"not_picked":["BasicCrystalCard","Chaos"],"picked":"Ball Lightning","floor":6},{"not_picked":["Sweeping Beam","Go for the Eyes"],"picked":"Ball Lightning","floor":8},{"not_picked":["Steam","Panic Button"],"picked":"Defragment","floor":10},{"not_picked":["Capacitor","Reinforced Body","REME_SelfUpgrade"],"picked":"SKIP","floor":11}],"player_experience":167226,"relics_obtained":[{"floor":6,"key":"Replay:Bottled Flurry"},{"floor":8,"key":"AT_SunfireAegis"},{"floor":9,"key":"Shovel"},{"floor":10,"key":"Dota2Spire:Desolator"}],"event_choices":[{"damage_healed":0,"gold_gain":0,"player_choice":"Leave","damage_taken":0,"max_hp_gain":0,"max_hp_loss":0,"event_name":"The Cleric","floor":3,"gold_loss":0}],"is_beta":false,"boss_relics":[],"items_purged_floors":[],"is_endless":false,"potions_floor_spawned":[6,10,11],"killed_by":"3 Sentries","ascension_level":2}}