{"host":"cvi30shpqg1ukvbr","time":1608562268,"event":{"mods":["Act Like it!","BaseMod","Better Altar","Better Match","Better Note","Better Sensory Stone","Better Skull","Better Third Choice","Conspire","GifTheSpireLib","Hubris","Infinite Spire","Minty Spire (QoL Compilation)","Relic Stats","Replay The Spire","Shop Mod","Spicy Shops","StSLib","Stuff the Spire"],"gold_per_floor":[109,120,130,150,166,197,197,214,241,267,285,312,12,31,31,128,128,142,161,161,86,12,12,42,62,113,113,113,141,141,141,141],"floor_reached":31,"playtime":2826,"items_purged":[],"score":301,"play_id":"2a45c953-b8b8-4b98-8d3b-5dbafcb9dc8d","local_time":"20201221235108","is_ascension_mode":true,"campfire_choices":[{"data":"Rage","floor":7,"key":"SMITH"},{"floor":15,"key":"RECALL"},{"data":"Berserk","floor":23,"key":"SMITH"},{"data":"Feel No Pain","floor":27,"key":"SMITH"}],"circlet_count":0,"master_deck":["Strike_R","Strike_R","Strike_R","Strike_R","Strike_R+1","Defend_R","Defend_R","Defend_R","Defend_R","Bash","Hemogenesis","Evolve","Wild Strike+1","Pummel","Spot Weakness","Rage+1","Blood for Blood","Twin Strike","Power Through","ReplayTheSpireMod:Strike From Hell","conspire:HitWhereItHurts","Berserk+1","Whirlwind","True Grit","Replay:BasicMightCard+1","True Grit+1","Feel No Pain+1","Cleave+1","ReplayTheSpireMod:Strike From Hell","Sever Soul","Writhe"],"relics":["Burning Blood","hubris:DisguiseKit","Whetstone","Strawberry","hubris:ToyBattleship","Lee\u0027s Waffle","Blood Vial","Mark of Pain","hubris:Zylophone","Nunchaku","Blue Candle","Replay:Kaleidoscope"],"acts_visited":["Exordium","TheCity"],"potions_floor_usage":[6,10,16,24,25,25,25,25,29,31],"damage_taken":[{"damage":6,"enemies":"Cultist","floor":1,"turns":3},{"damage":2,"enemies":"conspire:RoseBush","floor":2,"turns":4},{"damage":7,"enemies":"Small Slimes","floor":3,"turns":4},{"damage":10,"enemies":"Looter","floor":4,"turns":3},{"damage":16,"enemies":"Lots of Slimes","floor":5,"turns":5},{"damage":12,"enemies":"3 Sentries","floor":6,"turns":7},{"damage":0,"enemies":"3 Louse","floor":8,"turns":2},{"damage":27,"enemies":"Gremlin Nob","floor":10,"turns":5},{"damage":0,"enemies":"Exordium Thugs","floor":11,"turns":4},{"damage":3,"enemies":"2 Fungi Beasts","floor":14,"turns":4},{"damage":47,"enemies":"Fading Forest","floor":16,"turns":11},{"damage":23,"enemies":"Shell Parasite","floor":18,"turns":5},{"damage":15,"enemies":"Chosen","floor":19,"turns":4},{"damage":45,"enemies":"Book of Stabbing","floor":24,"turns":6},{"damage":34,"enemies":"Centurion and Healer","floor":25,"turns":13},{"damage":11,"enemies":"Replay:Snechameleon","floor":29,"turns":8},{"damage":42,"enemies":"3 Cultists","floor":31,"turns":4}],"seed_played":"-7958390442490662485","potions_obtained":[{"floor":1,"key":"Flashbang"},{"floor":5,"key":"Fire Potion"},{"floor":8,"key":"SkillPotion"},{"floor":14,"key":"Explosive Potion"},{"floor":16,"key":"LifebloodPotion"},{"floor":18,"key":"Milkshake"},{"floor":20,"key":"EntropicBrew"},{"floor":24,"key":"Energy Potion"},{"floor":29,"key":"FearPotion"}],"is_trial":false,"path_per_floor":["M","M","M","M","M","E","R","M","T","E","M","T","$","M","R","B",null,"M","M","?","?","$","R","E","M","T","R","?","E","?","M"],"character_chosen":"IRONCLAD","items_purchased":["Lee\u0027s Waffle","Blood Vial","Feel No Pain"],"campfire_rested":0,"item_purchase_floors":[13,13,22],"current_hp_per_floor":[80,80,79,75,70,64,64,70,70,56,62,62,94,94,94,63,94,82,75,75,75,75,75,43,40,40,40,40,37,37,0,0],"gold":141,"neow_bonus":"ONE_RANDOM_RARE_CARD","is_daily":false,"chose_seed":false,"campfire_upgraded":3,"win_rate":0.0,"timestamp":1608562268,"path_taken":["M","M","M","M","M","E","R","M","T","E","M","?","$","M","R","BOSS","M","M","?","?","$","R","E","M","T","R","?","E","?","?"],"items_purchased_type":["Relic","Relic","Card"],"build_version":"2020-12-13","purchased_purges":0,"victory":false,"max_hp_per_floor":[80,80,80,80,80,80,80,80,80,87,87,87,94,94,94,94,94,94,94,94,94,94,94,94,94,94,94,94,94,94,94,94],"relic_stats":{"Blood Vial":10,"Lee\u0027s Waffle":32,"Nunchaku":[1],"counters":[17,92],"Blue Candle":[0],"Whetstone":["Strike_R","Wild Strike"],"obtain_stats":[{"Blood Vial":13,"hubris:Zylophone":24,"hubris:DisguiseKit":6,"Lee\u0027s Waffle":13,"Nunchaku":26,"Strawberry":10,"Blue Candle":29,"Mark of Pain":17,"hubris:ToyBattleship":12,"Whetstone":9,"Replay:Kaleidoscope":30,"Burning Blood":0},{"Blood Vial":9,"hubris:Zylophone":14,"hubris:DisguiseKit":6,"Lee\u0027s Waffle":9,"Nunchaku":15,"Strawberry":8,"Blue Candle":16,"Mark of Pain":11,"hubris:ToyBattleship":9,"Whetstone":7,"Replay:Kaleidoscope":16,"Burning Blood":0},{"Blood Vial":37,"hubris:Zylophone":67,"hubris:DisguiseKit":26,"Lee\u0027s Waffle":37,"Nunchaku":80,"Strawberry":33,"Blue Candle":88,"Mark of Pain":52,"hubris:ToyBattleship":37,"Whetstone":28,"Replay:Kaleidoscope":88,"Burning Blood":0}],"Burning Blood":89},"card_choices":[{"not_picked":["ReplayTheSpireMod:Strike From Hell","Shockwave"],"picked":"Evolve","floor":1},{"not_picked":["hubris:CleavingFinish","Iron Wave"],"picked":"Wild Strike","floor":2},{"not_picked":["Seeing Red","Clash"],"picked":"Pummel","floor":3},{"not_picked":["ReplayTheSpireMod:Stacked","StuffTheSpire:Incineration"],"picked":"Spot Weakness","floor":4},{"not_picked":["Heavy Blade","Clothesline"],"picked":"Rage","floor":5},{"not_picked":["Sever Soul","Cleave"],"picked":"Blood for Blood","floor":6},{"not_picked":["Iron Wave","Warcry","EmptyBody"],"picked":"Twin Strike","floor":8},{"not_picked":["Clothesline","ReplayTheSpireMod:Corrosion Curse","Nirvana"],"picked":"Power Through","floor":10},{"not_picked":["StuffTheSpire:RockThrow","Anger","Prostrate"],"picked":"ReplayTheSpireMod:Strike From Hell","floor":11},{"not_picked":["Pommel Strike","Havoc","MentalFortress"],"picked":"conspire:HitWhereItHurts","floor":14},{"not_picked":["Demonic Infusion","Corruption","DeusExMachina"],"picked":"Berserk","floor":16},{"not_picked":["Body Slam","Havoc","WindmillStrike"],"picked":"Whirlwind","floor":18},{"not_picked":["Flex","hubris:ReadiedAction+1","Worship"],"picked":"True Grit","floor":19},{"not_picked":["Deep Breath+1","Survey Options+1","Purity+1"],"picked":"Replay:BasicMightCard+1","floor":21},{"not_picked":["Cleave+1","Warcry+1","Run Through+1"],"picked":"True Grit+1","floor":21},{"not_picked":["Replay:Undeath\u0027s Touch","conspire:Purge","Prostrate"],"picked":"Cleave+1","floor":24},{"not_picked":["Replay:Undeath\u0027s Touch+1","Iron Wave","CutThroughFate"],"picked":"ReplayTheSpireMod:Strike From Hell","floor":25},{"not_picked":["Replay:Undeath\u0027s Touch","ReplayReversal","CutThroughFate"],"picked":"Sever Soul","floor":29}],"player_experience":1764859,"relics_obtained":[{"floor":6,"key":"hubris:DisguiseKit"},{"floor":9,"key":"Whetstone"},{"floor":10,"key":"Strawberry"},{"floor":12,"key":"hubris:ToyBattleship"},{"floor":24,"key":"hubris:Zylophone"},{"floor":26,"key":"Nunchaku"},{"floor":29,"key":"Blue Candle"}],"event_choices":[{"damage_healed":0,"gold_gain":0,"player_choice":"Got Potions","damage_taken":0,"max_hp_gain":0,"max_hp_loss":0,"event_name":"Lab","floor":20,"gold_loss":0},{"damage_healed":0,"gold_gain":0,"player_choice":"2","damage_taken":0,"max_hp_gain":0,"max_hp_loss":0,"event_name":"betterMatch:BetterMatch","floor":21,"gold_loss":0,"cards_obtained":["betterMatch:ColorlessUncommonCard","betterMatch:CommonCard"]},{"damage_healed":0,"gold_gain":0,"player_choice":"Ignored","damage_taken":0,"max_hp_gain":0,"max_hp_loss":0,"event_name":"N\u0027loth","floor":28,"gold_loss":0},{"damage_healed":0,"gold_gain":0,"player_choice":"Opened","damage_taken":0,"relics_obtained":["Replay:Kaleidoscope"],"max_hp_gain":0,"max_hp_loss":0,"event_name":"The Mausoleum","floor":30,"gold_loss":0,"cards_obtained":["Writhe"]}],"is_beta":false,"boss_relics":[{"not_picked":["conspire:SpecialSausage","Replay:Wanted Poster"],"picked":"Mark of Pain"}],"items_purged_floors":[],"is_endless":false,"potions_floor_spawned":[1,5,8,14,16,18,24,29],"killed_by":"3 Cultists","ascension_level":1}}