{"host":"cc187","time":1608564594,"event":{"mods":["AchievementEnabler","BaseMod","Bestiary","Colored Map","Colored Powertips","Highlight Path","Keyboard Shortcuts","Minty Spire (QoL Compilation)","Quick Restart","Rare Cards Sparkle","Relic Stats","StSLib","SuperFastMode","Synergy Search","ojb\u0027s Info Mod"],"gold_per_floor":[115,95,20,30,30,62,81,107,152,152,93,128,43,68,68,155,182,146,33,59,59,59,59,59,59],"floor_reached":24,"playtime":978,"items_purged":["Strike_G"],"score":450,"play_id":"72d82756-3ab6-4dbb-b43f-73f5e243f9dc","local_time":"20201221152954","is_ascension_mode":true,"campfire_choices":[{"floor":10,"key":"REST"},{"data":"Terror","floor":15,"key":"SMITH"},{"floor":23,"key":"REST"}],"circlet_count":0,"master_deck":["AscendersBane","Strike_G","Defend_G","Defend_G","Defend_G","Defend_G","Survivor","Neutralize","Skewer","Terror+1","Tactician","Dagger Throw","Dagger Spray","Predator","Swift Strike","Deflect","Wraith Form v2","Skewer+1","Outmaneuver+1","Leg Sweep+1","Dagger Spray+1","Calculated Gamble","Dash","Calculated Gamble"],"relics":["Ring of the Snake","NeowsBlessing","Darkstone Periapt","Boot","Nunchaku","CeramicFish","Astrolabe"],"acts_visited":["Exordium","TheCity"],"potions_floor_usage":[8,12,16,16,24],"damage_taken":[{"damage":0,"enemies":"2 Louse","floor":1,"turns":1},{"damage":0,"enemies":"Cultist","floor":4,"turns":1},{"damage":0,"enemies":"Gremlin Nob","floor":6,"turns":1},{"damage":13,"enemies":"Small Slimes","floor":7,"turns":6},{"damage":18,"enemies":"Lagavulin","floor":8,"turns":8},{"damage":25,"enemies":"3 Sentries","floor":12,"turns":7},{"damage":1,"enemies":"Looter","floor":14,"turns":2},{"damage":35,"enemies":"The Guardian","floor":16,"turns":12},{"damage":27,"enemies":"2 Thieves","floor":18,"turns":5},{"damage":24,"enemies":"Shell Parasite","floor":20,"turns":6},{"damage":29,"enemies":"Book of Stabbing","floor":24,"turns":4}],"seed_played":"7763575750245507308","potions_obtained":[{"floor":1,"key":"FearPotion"},{"floor":2,"key":"EssenceOfSteel"},{"floor":6,"key":"DistilledChaos"},{"floor":8,"key":"SteroidPotion"},{"floor":14,"key":"Regen Potion"},{"floor":18,"key":"Strength Potion"}],"is_trial":false,"path_per_floor":["M","?","$","M","?","E","M","E","T","R","$","E","$","M","R","B",null,"M","$","M","?","?","R","E"],"character_chosen":"THE_SILENT","items_purchased":["Dagger Spray","Swift Strike","Calculated Gamble","Dash"],"campfire_rested":2,"item_purchase_floors":[11,13,19,19],"current_hp_per_floor":[59,59,59,59,64,64,51,33,33,54,54,29,29,28,28,8,55,28,28,4,4,4,25,0,0],"gold":59,"neow_bonus":"THREE_ENEMY_KILL","is_daily":false,"chose_seed":false,"campfire_upgraded":1,"win_rate":0.0,"timestamp":1608564594,"path_taken":["M","?","?","M","?","E","M","E","T","R","$","E","$","M","R","BOSS","M","$","M","?","?","R","E"],"items_purchased_type":["Card","Card","Card","Card"],"build_version":"2020-12-18","purchased_purges":1,"victory":false,"max_hp_per_floor":[66,66,66,66,71,71,71,71,71,71,71,71,71,71,71,71,71,71,71,71,71,71,71,71,71],"relic_stats":{"Darkstone Periapt":0,"Nunchaku":[6],"counters":[11,53],"CeramicFish":99,"Astrolabe":["Skewer","Outmaneuver","Leg Sweep"],"Boot":[36],"obtain_stats":[{"Darkstone Periapt":6,"Nunchaku":9,"NeowsBlessing":0,"CeramicFish":12,"Astrolabe":17,"Boot":8,"Ring of the Snake":0},{"Darkstone Periapt":3,"Nunchaku":5,"NeowsBlessing":0,"CeramicFish":6,"Astrolabe":8,"Boot":5,"Ring of the Snake":0},{"Darkstone Periapt":3,"Nunchaku":17,"NeowsBlessing":0,"CeramicFish":24,"Astrolabe":38,"Boot":17,"Ring of the Snake":0}],"Ring of the Snake":[22]},"card_choices":[{"not_picked":["Dash","All Out Attack"],"picked":"Skewer","floor":1},{"not_picked":["Blur","Outmaneuver"],"picked":"Terror","floor":4},{"not_picked":["Bullet Time","Dash"],"picked":"Tactician","floor":6},{"not_picked":["Sucker Punch","Outmaneuver"],"picked":"Dagger Throw","floor":7},{"not_picked":["Setup","Caltrops","Quick Slash"],"picked":"SKIP","floor":8},{"not_picked":["Caltrops","Masterful Stab"],"picked":"Predator","floor":12},{"not_picked":["Choke","Cloak And Dagger"],"picked":"Deflect","floor":14},{"not_picked":["Malaise","Glass Knife"],"picked":"Wraith Form v2","floor":16},{"not_picked":["PiercingWail","Deadly Poison"],"picked":"Dagger Spray+1","floor":18},{"not_picked":["Sucker Punch","Deflect"],"picked":"Calculated Gamble","floor":20}],"player_experience":831574,"relics_obtained":[{"floor":6,"key":"Darkstone Periapt"},{"floor":8,"key":"Boot"},{"floor":9,"key":"Nunchaku"},{"floor":12,"key":"CeramicFish"}],"event_choices":[{"damage_healed":0,"gold_gain":0,"player_choice":"Bought 1 Potion","damage_taken":0,"max_hp_gain":0,"max_hp_loss":0,"event_name":"The Woman in Blue","floor":2,"gold_loss":0},{"damage_healed":0,"gold_gain":0,"player_choice":"Donut","damage_taken":0,"max_hp_gain":5,"max_hp_loss":0,"event_name":"Big Fish","floor":5,"gold_loss":0},{"cards_removed":["Strike_G"],"damage_healed":0,"gold_gain":0,"player_choice":"Purged","damage_taken":0,"max_hp_gain":0,"max_hp_loss":0,"event_name":"Purifier","floor":22,"gold_loss":0}],"is_beta":true,"boss_relics":[{"not_picked":["Coffee Dripper","Sozu"],"picked":"Astrolabe"}],"items_purged_floors":[3],"is_endless":false,"potions_floor_spawned":[1,6,8,14,18],"killed_by":"Book of Stabbing","ascension_level":18}}