{"host":"ktoxvvst1mwxww91","time":1608567618,"event":{"mods":["BaseMod","Hermit","Minty Spire (QoL Compilation)","StSLib","The Hierophant","The Mystic","The Necromancer"],"gold_per_floor":[118,118,118,143,161,161,195,195,195,195,44,44,67,67,67,192,192,208,208,108,126,126,165,165,12,39,62,103,103,117,137,137,267,267,282,301,301,316,416,451,451,474,474,518,538,538,135,156,156,156],"floor_reached":51,"playtime":1540,"items_purged":["Decay","Rampage"],"score":895,"play_id":"951c505e-8252-4d03-a4f4-ca72d7045b07","local_time":"20201221172018","daily_mods":["SealedDeck"],"is_ascension_mode":false,"campfire_choices":[{"data":"Evolve","floor":6,"key":"SMITH"},{"data":"Fire Breathing","floor":8,"key":"SMITH"},{"data":"Feel No Pain","floor":10,"key":"SMITH"},{"data":"Fire Breathing","floor":12,"key":"SMITH"},{"data":"Metallicize","floor":15,"key":"SMITH"},{"data":"Barricade","floor":24,"key":"SMITH"},{"data":"Metallicize","floor":29,"key":"SMITH"},{"data":"Fire Breathing","floor":32,"key":"SMITH"},{"data":"Juggernaut","floor":41,"key":"SMITH"},{"floor":46,"key":"REST"},{"data":"Metallicize","floor":49,"key":"SMITH"}],"circlet_count":0,"master_deck":["Power Through","Sever Soul+1","Reckless Charge","Reckless Charge","Power Through","Metallicize+1","Metallicize+1","Fire Breathing+1","Evolve+1","Disarm+1","Wild Strike+1","Feel No Pain+1","Fire Breathing+1","Shrug It Off","Barricade+1","Ghostly Armor","Reckless Charge+1","Shrug It Off+1","Decay","Fire Breathing+1","Juggernaut+1","True Grit+1","Pain","Second Wind+1","Metallicize+1","Disarm"],"relics":["Burning Blood","Golden Idol","Champion Belt","Du-Vu Doll","StoneCalendar","Cursed Key","MutagenicStrength","Blood Vial","Whetstone","Bag of Preparation","Letter Opener","Black Star","Turnip","Oddly Smooth Stone","InkBottle","Thread and Needle","Mummified Hand","Orichalcum","Boot"],"acts_visited":["Exordium","TheCity","TheBeyond"],"potions_floor_usage":[5,38,38,47],"damage_taken":[{"damage":0,"enemies":"2 Louse","floor":1,"turns":2},{"damage":0,"enemies":"Cultist","floor":4,"turns":3},{"damage":0,"enemies":"Jaw Worm","floor":5,"turns":3},{"damage":0,"enemies":"Gremlin Nob","floor":7,"turns":4},{"damage":7,"enemies":"Looter","floor":13,"turns":3},{"damage":7,"enemies":"The Guardian","floor":16,"turns":7},{"damage":12,"enemies":"Spheric Guardian","floor":18,"turns":5},{"damage":0,"enemies":"3 Byrds","floor":21,"turns":4},{"damage":0,"enemies":"Gremlin Leader","floor":23,"turns":5},{"damage":4,"enemies":"Snake Plant","floor":27,"turns":3},{"damage":18,"enemies":"Book of Stabbing","floor":28,"turns":5},{"damage":0,"enemies":"Chosen and Byrds","floor":30,"turns":4},{"damage":4,"enemies":"3 Cultists","floor":31,"turns":4},{"damage":0,"enemies":"Collector","floor":33,"turns":5},{"damage":12,"enemies":"3 Shapes","floor":35,"turns":3},{"damage":3,"enemies":"Orb Walker","floor":36,"turns":3},{"damage":0,"enemies":"Transient","floor":38,"turns":5},{"damage":22,"enemies":"Nemesis","floor":40,"turns":5},{"damage":2,"enemies":"Maw","floor":42,"turns":5},{"damage":47,"enemies":"Reptomancer","floor":44,"turns":4},{"damage":3,"enemies":"3 Darklings","floor":45,"turns":4},{"damage":0,"enemies":"Sphere and 2 Shapes","floor":48,"turns":3},{"damage":3,"enemies":"Time Eater","floor":50,"turns":6}],"seed_played":"-6552472523753243689","potions_obtained":[{"floor":5,"key":"Fruit Juice"},{"floor":7,"key":"Energy Potion"},{"floor":18,"key":"SkillPotion"},{"floor":27,"key":"Fire Potion"},{"floor":38,"key":"FearPotion"},{"floor":42,"key":"Fire Potion"},{"floor":48,"key":"SkillPotion"}],"is_trial":true,"path_per_floor":["M","?","?","M","M","R","E","R","T","R","$","R","M","T","R","B",null,"M","?","$","M","?","E","R","$","T","M","E","R","M","M","R","B",null,"M","M","?","M","?","E","R","M","T","E","M","R","$","M","R","B",null],"character_chosen":"IRONCLAD","items_purchased":["Fire Breathing","Whetstone","Orichalcum","Fruit Juice","Boot"],"campfire_rested":1,"item_purchase_floors":[11,25,47,47,47],"current_hp_per_floor":[80,74,74,74,79,79,79,79,79,79,79,79,78,78,78,77,79,73,73,73,79,79,79,79,79,79,79,67,67,75,79,79,79,79,73,78,78,79,79,63,63,69,69,30,35,58,63,71,71,76],"gold":156,"neow_bonus":"","is_daily":false,"chose_seed":false,"campfire_upgraded":10,"win_rate":0.0,"timestamp":1608567618,"path_taken":["M","?","?","?","M","R","E","R","T","R","$","R","M","?","R","BOSS","M","?","$","M","?","E","R","$","T","M","E","R","M","M","R","BOSS","M","M","?","?","?","E","R","M","T","E","?","R","?","M","R","BOSS"],"items_purchased_type":["Card","Relic","Relic","Potion","Relic"],"build_version":"2020-12-13","purchased_purges":2,"victory":true,"max_hp_per_floor":[80,74,74,74,79,79,79,79,79,79,79,79,79,79,79,79,79,79,79,79,79,79,79,79,79,79,79,79,79,79,79,79,79,79,79,79,79,79,79,79,79,79,79,79,79,79,84,84,84,84],"card_choices":[{"not_picked":["Dropkick","True Grit"],"picked":"Evolve","floor":1},{"not_picked":["Blood for Blood","Twin Strike"],"picked":"Disarm","floor":4},{"not_picked":["Perfected Strike","Warcry"],"picked":"Wild Strike","floor":5},{"not_picked":["Heavy Blade","Cleave"],"picked":"Feel No Pain","floor":7},{"not_picked":["Headbutt","Reckless Charge"],"picked":"Shrug It Off","floor":13},{"not_picked":["Bludgeon","Impervious"],"picked":"Barricade","floor":16},{"not_picked":["Bloodletting","Heavy Blade"],"picked":"Ghostly Armor","floor":18},{"not_picked":["Rage","Uppercut"],"picked":"Reckless Charge+1","floor":21},{"not_picked":["Inflame","Sword Boomerang"],"picked":"Shrug It Off+1","floor":23},{"not_picked":["Sentinel","Spot Weakness","Thunderclap"],"picked":"SKIP","floor":27},{"not_picked":["Blood for Blood","Armaments+1","Iron Wave"],"picked":"SKIP","floor":28},{"not_picked":["Limit Break","Anger","Evolve"],"picked":"SKIP","floor":30},{"not_picked":["Sword Boomerang","Pommel Strike"],"picked":"Fire Breathing","floor":31},{"not_picked":["Corruption","Brutality"],"picked":"Juggernaut","floor":33},{"not_picked":["Sentinel+1","Warcry+1"],"picked":"True Grit+1","floor":35},{"not_picked":["Sword Boomerang+1","Sentinel","Blood for Blood+1"],"picked":"SKIP","floor":36},{"not_picked":["Thunderclap+1","Burning Pact+1","Inflame"],"picked":"SKIP","floor":38},{"not_picked":["Offering","Armaments","Battle Trance+1"],"picked":"SKIP","floor":40},{"not_picked":["Armaments+1","Anger+1","Searing Blow"],"picked":"SKIP","floor":42},{"not_picked":["Perfected Strike+1","Uppercut+1"],"picked":"Second Wind+1","floor":44},{"not_picked":["Pommel Strike","Headbutt+1"],"picked":"Metallicize","floor":45},{"not_picked":["Inflame","Anger"],"picked":"Disarm","floor":48}],"player_experience":906984,"relics_obtained":[{"floor":7,"key":"Champion Belt"},{"floor":9,"key":"Du-Vu Doll"},{"floor":14,"key":"StoneCalendar"},{"floor":23,"key":"Blood Vial"},{"floor":26,"key":"Bag of Preparation"},{"floor":28,"key":"Letter Opener"},{"floor":40,"key":"Turnip"},{"floor":40,"key":"Oddly Smooth Stone"},{"floor":43,"key":"InkBottle"},{"floor":44,"key":"Thread and Needle"},{"floor":44,"key":"Mummified Hand"}],"event_choices":[{"damage_healed":0,"gold_gain":0,"player_choice":"Lose Max HP","damage_taken":0,"relics_obtained":["Golden Idol"],"max_hp_gain":0,"max_hp_loss":6,"event_name":"Golden Idol","floor":2,"gold_loss":0},{"damage_healed":0,"gold_gain":0,"player_choice":"Cursed","damage_taken":0,"max_hp_gain":0,"max_hp_loss":0,"event_name":"Wheel of Change","floor":3,"gold_loss":0,"cards_obtained":["Decay"]},{"damage_healed":0,"gold_gain":0,"player_choice":"Inject Mutagens","damage_taken":0,"relics_obtained":["MutagenicStrength"],"max_hp_gain":0,"max_hp_loss":0,"event_name":"Drug Dealer","floor":19,"gold_loss":0},{"cards_removed":["Headbutt"],"damage_healed":0,"gold_gain":0,"player_choice":"Elegance","damage_taken":0,"max_hp_gain":0,"max_hp_loss":0,"event_name":"Back to Basics","floor":22,"gold_loss":0},{"damage_healed":0,"gold_gain":0,"player_choice":"Upgraded","damage_taken":0,"max_hp_gain":0,"max_hp_loss":0,"event_name":"Upgrade Shrine","floor":37,"gold_loss":0,"cards_upgraded":["Disarm"]},{"damage_healed":0,"gold_gain":100,"player_choice":"Pray","damage_taken":0,"max_hp_gain":0,"max_hp_loss":0,"event_name":"Golden Shrine","floor":39,"gold_loss":0}],"is_beta":false,"boss_relics":[{"not_picked":["Philosopher\u0027s Stone","Sozu"],"picked":"Cursed Key"},{"not_picked":["Fusion Hammer","SacredBark"],"picked":"Black Star"}],"items_purged_floors":[11,20],"is_endless":false,"potions_floor_spawned":[5,7,18,27,28,36,38,42,48],"ascension_level":0}}