{"host":"baymyijz6sxaqj5s","time":1608550937,"event":{"mods":["AchievementEnabler","BaseMod","Colored Map","Colored Powertips","DeckTracker","KOR Keyword Fix","Keyboard Shortcuts","Minty Spire (QoL Compilation)","StSLib","SuperFastMode"],"gold_per_floor":[114,128,139,19,31,31,56,56,110,130,155,155,155,155,155,260,260,270,280,310,310,310],"floor_reached":21,"playtime":678,"items_purged":["Strike_R"],"score":179,"play_id":"1f3ab3a7-062c-455f-ad4c-7863f36dc633","local_time":"20201221204217","is_ascension_mode":false,"campfire_choices":[{"data":"Body Slam","floor":6,"key":"SMITH"},{"floor":13,"key":"REST"},{"data":"Barricade","floor":15,"key":"SMITH"}],"circlet_count":0,"master_deck":["Strike_R","Strike_R","Strike_R","Strike_R","Defend_R","Defend_R","Defend_R","Defend_R","Bash","Barricade+1","Cleave","Shrug It Off","Body Slam+1","Impervious","Thunderclap","Ghostly Armor","Offering","Heavy Blade"],"relics":["Burning Blood","MealTicket","Nunchaku","Regal Pillow","FaceOfCleric","SlaversCollar","Red Mask"],"acts_visited":["Exordium","TheCity"],"potions_floor_usage":[11,11,11,19,19,19,20,20],"damage_taken":[{"damage":1,"enemies":"Cultist","floor":1,"turns":4},{"damage":3,"enemies":"Small Slimes","floor":2,"turns":3},{"damage":11,"enemies":"Jaw Worm","floor":3,"turns":4},{"damage":9,"enemies":"2 Fungi Beasts","floor":5,"turns":4},{"damage":6,"enemies":"3 Louse","floor":10,"turns":3},{"damage":20,"enemies":"Gremlin Nob","floor":11,"turns":6},{"damage":25,"enemies":"The Guardian","floor":16,"turns":18},{"damage":7,"enemies":"Shell Parasite","floor":18,"turns":7},{"damage":32,"enemies":"2 Thieves","floor":19,"turns":4},{"damage":39,"enemies":"Masked Bandits","floor":20,"turns":6},{"damage":23,"enemies":"Sentry and Sphere","floor":21,"turns":7}],"seed_played":"2766227011074369672","potions_obtained":[{"floor":1,"key":"AttackPotion"},{"floor":3,"key":"AttackPotion"},{"floor":5,"key":"GamblersBrew"},{"floor":11,"key":"LiquidBronze"},{"floor":18,"key":"EntropicBrew"}],"is_trial":false,"path_per_floor":["M","M","M","$","M","R","T","?","T","M","E","?","R","?","R","B",null,"M","M","?","M"],"character_chosen":"IRONCLAD","items_purchased":["Body Slam"],"campfire_rested":1,"item_purchase_floors":[4],"current_hp_per_floor":[80,80,75,75,72,72,72,72,72,72,58,58,80,80,80,62,81,81,56,24,1,1],"gold":310,"neow_bonus":"ONE_RANDOM_RARE_CARD","is_daily":false,"chose_seed":false,"campfire_upgraded":2,"win_rate":0.0,"timestamp":1608550937,"path_taken":["M","M","M","$","?","R","?","?","T","M","E","?","R","?","R","BOSS","M","M","?","M"],"items_purchased_type":["Card"],"build_version":"2020-12-13","purchased_purges":1,"victory":false,"max_hp_per_floor":[80,80,80,80,80,80,80,80,80,80,80,80,80,80,80,81,81,82,83,84,84,84],"card_choices":[{"not_picked":["Disarm","Reckless Charge"],"picked":"Cleave","floor":1},{"not_picked":["Clash","Twin Strike"],"picked":"Shrug It Off","floor":2},{"not_picked":["Cleave","Dark Embrace","Clash"],"picked":"SKIP","floor":3},{"not_picked":["Power Through","Flex"],"picked":"Impervious","floor":5},{"not_picked":["Perfected Strike","Heavy Blade"],"picked":"Thunderclap","floor":10},{"not_picked":["Headbutt","Body Slam"],"picked":"Ghostly Armor","floor":11},{"not_picked":["Double Tap","Limit Break"],"picked":"Offering","floor":16},{"not_picked":["Iron Wave","Shrug It Off+1","Dual Wield"],"picked":"SKIP","floor":18},{"not_picked":["Perfected Strike","Cleave","Pummel"],"picked":"SKIP","floor":19},{"not_picked":["Cleave+1","Exhume"],"picked":"Heavy Blade","floor":20}],"player_experience":165177,"relics_obtained":[{"floor":7,"key":"MealTicket"},{"floor":9,"key":"Nunchaku"},{"floor":11,"key":"Regal Pillow"},{"floor":20,"key":"Red Mask"}],"event_choices":[{"damage_healed":0,"gold_gain":0,"player_choice":"Ignored","damage_taken":0,"max_hp_gain":0,"max_hp_loss":0,"event_name":"Golden Idol","floor":8,"gold_loss":0},{"damage_healed":0,"gold_gain":0,"player_choice":"Ignored","damage_taken":0,"max_hp_gain":0,"max_hp_loss":0,"event_name":"Liars Game","floor":12,"gold_loss":0},{"damage_healed":0,"gold_gain":0,"player_choice":"Trade","damage_taken":0,"relics_obtained":["FaceOfCleric"],"max_hp_gain":0,"max_hp_loss":0,"event_name":"FaceTrader","floor":14,"gold_loss":0},{"damage_healed":0,"gold_gain":0,"player_choice":"Fought Bandits","damage_taken":0,"max_hp_gain":0,"max_hp_loss":0,"event_name":"Masked Bandits","floor":20,"gold_loss":0}],"is_beta":false,"boss_relics":[{"not_picked":["Fusion Hammer","Snecko Eye"],"picked":"SlaversCollar"}],"items_purged_floors":[4],"is_endless":false,"potions_floor_spawned":[1,3,5,11,18],"killed_by":"Sentry and Sphere","ascension_level":0}}