{"host":"wcdwdpnxbe04tinu","time":1608536502,"event":{"mods":["BaseMod","Downfall","Minty Spire (QoL Compilation)","Relic Sorter","StSLib"],"gold_per_floor":[99,99,99,99,99,128,128,53,153,187,187,201,301,130,143,241,241,166,266,266,5,5,0,24,36,36,66,66,172,172,185,198,301,301,301,319,319,333,385,385,385,139,64,89,89,105,9,26,43,43,43,75,5,5,5],"floor_reached":56,"playtime":3584,"items_purged":["Writhe"],"score":1545,"play_id":"1e824f63-586b-4500-886f-5a7e71b480f7","local_time":"20201221014142","is_ascension_mode":false,"campfire_choices":[{"floor":1.0,"key":"RECALL"},{"data":"champ:PerfectedStrike","floor":8.0,"key":"SMITH"},{"data":"champ:Duel","floor":18.0,"key":"SMITH"},{"data":"champ:BringItOn","floor":20.0,"key":"SMITH"},{"data":"champ:GutPunch","floor":26.0,"key":"SMITH"},{"data":"Trip","floor":35,"key":"SMITH"},{"data":"champ:EnragedBash","floor":37,"key":"SMITH"},{"data":"champ:CrookedStrike","floor":40,"key":"SMITH"},{"data":"Mayhem","floor":43,"key":"SMITH"},{"data":"champ:FocusedBerserking","floor":54,"key":"SMITH"}],"circlet_count":0,"master_deck":["champ:Strike","champ:Strike","champ:Strike","champ:Defend","champ:Defend","champ:Defend","champ:Defend","champ:Execute","champ:PerfectedStrike+1","champ:RecklessLeap","champ:FlashCut","champ:BringItOn+1","champ:Duel+1","champ:CrookedStrike+1","champ:GutPunch+1","champ:Backstep+1","champ:EnragedBash+1","Trip+1","champ:Encircle","champ:SwordThrow","champ:FlashCut+1","Mayhem+1","champ:FanOfKnives","champ:Lariat+1","champ:FocusedBerserking+1"],"relics":["champ:ChampionCrown","downfall:HeartsMalice","Boot","Bronze Scales","downfall:HeartBlessingRed","Art of War","WristBlade","Empty Cage","downfall:HeartBlessingGreen","StoneCalendar","Bottled Lightning","champ:GladiatorsBookOfMartialProwess","PreservedInsect","Potion Belt","champ:BerserkersGuideToSlaughter","Pen Nib","Philosopher\u0027s Stone","TungstenRod","downfall:HeartBlessingBlue","Juzu Bracelet","Red Mask","downfall:RedIOUUpgrade","champ:SpectersHand"],"acts_visited":["Exordium","TheCity","TheBeyond","TheEnding"],"potions_floor_usage":[36,39,47,55,55,55],"damage_taken":[{"damage":0.0,"enemies":"Jaw Worm","floor":2.0,"turns":1.0},{"damage":0.0,"enemies":"Cultist","floor":3.0,"turns":1.0},{"damage":0.0,"enemies":"Small Slimes","floor":5.0,"turns":1.0},{"damage":35.0,"enemies":"Lagavulin","floor":6.0,"turns":5.0},{"damage":32.0,"enemies":"3 Sentries","floor":10.0,"turns":5.0},{"damage":2.0,"enemies":"3 Louse","floor":12.0,"turns":3.0},{"damage":39.0,"enemies":"3 Louse","floor":13.0,"turns":5.0},{"damage":20.0,"enemies":"downfall:FleeingMerchant","floor":14.0,"turns":4.0},{"damage":15.0,"enemies":"Large Slime","floor":15.0,"turns":4.0},{"damage":36.0,"enemies":"downfall:Silent","floor":16.0,"turns":7.0},{"damage":50.0,"enemies":"downfall:CharBossIronclad","floor":19.0,"turns":6.0},{"damage":6.0,"enemies":"downfall:FleeingMerchant","floor":21.0,"turns":4.0},{"damage":15.0,"enemies":"downfall:FleeingMerchant","floor":23.0,"turns":4.0},{"damage":0.0,"enemies":"3 Byrds","floor":25.0,"turns":3.0},{"damage":53.0,"enemies":"Gremlin Leader","floor":27.0,"turns":7.0},{"damage":12.0,"enemies":"downfall:FleeingMerchant","floor":29.0,"turns":4.0},{"damage":24,"enemies":"Centurion and Healer","floor":31,"turns":5},{"damage":12,"enemies":"Chosen and Byrds","floor":32,"turns":4},{"damage":36,"enemies":"downfall:Defect","floor":33,"turns":8},{"damage":42,"enemies":"3 Darklings","floor":36,"turns":7},{"damage":16,"enemies":"3 Shapes","floor":38,"turns":3},{"damage":34,"enemies":"2 Orb Walkers","floor":39,"turns":4},{"damage":4,"enemies":"Nemesis","floor":44,"turns":1},{"damage":32,"enemies":"3 Darklings","floor":46,"turns":4},{"damage":1,"enemies":"Spire Growth","floor":48,"turns":3},{"damage":18,"enemies":"Sphere and 2 Shapes","floor":49,"turns":5},{"damage":0,"enemies":"downfall:Watcher","floor":50,"turns":5},{"damage":129,"enemies":"downfall:CharBossMerchant","floor":52,"turns":9},{"damage":115,"enemies":"downfall:NeowBoss","floor":55,"turns":17}],"seed_played":"-1777516835539893690","potions_obtained":[{"floor":6.0,"key":"PowerPotion"},{"floor":10.0,"key":"Weak Potion"},{"floor":13.0,"key":"SmokeBomb"},{"floor":16.0,"key":"sneckomod:MuddlingPotion"},{"floor":25.0,"key":"BlessingOfTheForge"},{"floor":27.0,"key":"EssenceOfSteel"},{"floor":33,"key":"AttackPotion"},{"floor":38,"key":"GamblersBrew"},{"floor":46,"key":"BlessingOfTheForge"},{"floor":49,"key":"PowerPotion"},{"floor":52,"key":"AttackPotion"}],"is_trial":false,"path_per_floor":["R","M","M","?","M","E","T","R","?","E","?","M","?","$","M","B",null,"R","?","R","$","?","$","T","M","R","E","?","$","?","M","M","B",null,"R","M","R","M","?","R","T","$","R","E","?","M","$","M","M","B",null,"E","$","R","B",null],"character_chosen":"THE_CHAMP","items_purchased":["champ:CrookedStrike","Fruit Juice","Oddly Smooth Stone","FairyPotion","champ:BerserkersGuideToSlaughter","Trip","Mayhem","Fruit Juice","champ:FocusedBerserking"],"campfire_rested":0,"item_purchase_floors":[14,14,21,21,29,29,42,47,53],"current_hp_per_floor":[90,90,90,90,90,75,75,75,75,58,58,56,32,37,37,16,95,95,65,65,65,65,65,65,65,65,33,33,26,26,24,34,25,95,95,69,69,80,63,63,63,63,73,84,84,77,82,94,93,97,110,89,89,89,104],"gold":5,"neow_bonus":"THREE_ENEMY_KILL","is_daily":false,"chose_seed":false,"campfire_upgraded":9,"win_rate":0.0,"timestamp":1608536502,"path_taken":["R","M","M","?","?","E","T","R","?","E","?","?","?","$","M","BOSS","R","?","R","$","?","?","T","?","R","E","?","$","?","M","M","BOSS","R","M","R","M","?","R","T","$","R","E","?","M","$","M","M","BOSS","E","$","R","BOSS"],"items_purchased_type":["Card","Potion","Relic","Potion","Relic","Card","Card","Potion","Card"],"build_version":"2020-12-13","purchased_purges":1,"victory":true,"max_hp_per_floor":[90,90,90,90,90,90,90,90,90,90,90,90,90,95,95,95,95,95,95,95,95,95,95,95,95,95,95,95,95,95,95,95,95,95,95,95,95,95,95,95,95,95,105,105,105,105,110,110,110,110,110,110,110,110,110],"card_choices":[{"not_picked":["champ:Backstep","champ:AdrenalArmor"],"picked":"champ:PerfectedStrike","floor":2.0},{"not_picked":["champ:DefensiveShout","champ:CalledShot"],"picked":"champ:RecklessLeap","floor":3.0},{"not_picked":["champ:BerserkerStyle","champ:BladeFlurry"],"picked":"champ:FlashCut","floor":5.0},{"not_picked":["champ:FanOfKnives","champ:Control","champ:GladiatorsShout"],"picked":"SKIP","floor":6.0},{"not_picked":["champ:FightOn","champ:SwordSigil","champ:BerserkerStyle"],"picked":"SKIP","floor":10.0},{"not_picked":["champ:Aggression","champ:BerserkersShout"],"picked":"champ:BringItOn","floor":12.0},{"not_picked":["champ:Encircle","champ:Circumvent"],"picked":"champ:Duel","floor":14.0},{"not_picked":["champ:DefensiveShout","champ:FlashCut"],"picked":"champ:GutPunch","floor":15.0},{"not_picked":["champ:CrookedStrike","champ:SwordSigil"],"picked":"champ:Backstep+1","floor":19.0},{"not_picked":["champ:PerfectedStrike","champ:EndlessRage","champ:Haymaker"],"picked":"SKIP","floor":21.0},{"not_picked":["champ:ShieldSigil","champ:ShieldWall+1","champ:ViciousMockery"],"picked":"SKIP","floor":23.0},{"not_picked":["champ:IronFortress","champ:FightOn","champ:DefensiveShout"],"picked":"SKIP","floor":25.0},{"not_picked":["champ:CrookedStrike","champ:Backstep"],"picked":"champ:EnragedBash","floor":27.0},{"not_picked":["champ:StanceDance","champ:ViciousMockery","champ:PerfectedStrike"],"picked":"SKIP","floor":31},{"not_picked":["champ:Aggression","champ:EnragedBash"],"picked":"champ:Encircle","floor":32},{"not_picked":["champ:HoldFirm","champ:MurderStrike"],"picked":"champ:SwordThrow","floor":33},{"not_picked":["champ:EnGarde","champ:FightOn"],"picked":"champ:FlashCut+1","floor":36},{"not_picked":["champ:DeathBlow+1","champ:Circumvent"],"picked":"champ:FightOn","floor":38},{"not_picked":["champ:BerserkersShout+1","champ:Shatter"],"picked":"champ:DeathBlow","floor":39},{"not_picked":["champ:GladiatorsShout","champ:FaceSlap+1"],"picked":"champ:FanOfKnives","floor":44},{"not_picked":["champ:BladeFlurry+1","champ:Devastate"],"picked":"champ:Lariat+1","floor":46},{"not_picked":["champ:Haymaker","champ:Backstep+1","champ:Balance+1"],"picked":"SKIP","floor":48},{"not_picked":["champ:PerfectedStrike","champ:GladiatorsShout+1","champ:HeartStrike"],"picked":"SKIP","floor":49},{"not_picked":["champ:Lariat","champ:CrookedStrike","champ:FaceSlap"],"picked":"SKIP","floor":52}],"player_experience":527209,"relics_obtained":[{"floor":6.0,"key":"Boot"},{"floor":7.0,"key":"Bronze Scales"},{"floor":10.0,"key":"Art of War"},{"floor":13.0,"key":"WristBlade"},{"floor":19.0,"key":"StoneCalendar"},{"floor":19.0,"key":"Bottled Lightning"},{"floor":24.0,"key":"PreservedInsect"},{"floor":27.0,"key":"Potion Belt"},{"floor":39,"key":"TungstenRod"},{"floor":44,"key":"Juzu Bracelet"},{"floor":52,"key":"champ:SpectersHand"}],"event_choices":[{"damage_healed":0.0,"max_hp_gain":0.0,"max_hp_loss":0.0,"gold_gain":0.0,"event_name":"NoteForYourself","player_choice":"Ignored","floor":4.0,"gold_loss":0.0,"damage_taken":0.0},{"damage_healed":0,"gold_gain":0,"player_choice":"Fight","damage_taken":0,"max_hp_gain":0,"max_hp_loss":0,"event_name":"Mysterious Sphere","floor":39,"gold_loss":0}],"is_beta":false,"boss_relics":[{"not_picked":["Runic Pyramid","Tiny House"],"picked":"Empty Cage"},{"not_picked":["SlaversCollar","Cursed Key"],"picked":"Philosopher\u0027s Stone"}],"items_purged_floors":[42],"is_endless":false,"potions_floor_spawned":[6,10,13,16,25,27,33,38,46,49,52],"ascension_level":0}}