{"host":"c5ucz4hafm6sui6t","time":1608541584,"event":{"mods":["Act Like it!","BaseMod","Downfall","Friendly Minions","Gensokyo","Hallownest","Hermit","Hubris","Minty Spire (QoL Compilation)","Reimu（博丽灵梦）","Replay The Spire","RumiaBox-露米娅的神秘盒子","Shop Mod","StSLib","The Servant 0.9.4","[IsaacMod]以撒尖塔","【功能Mod】混沌之环修复补丁"],"gold_per_floor":[212,212,212,228,243,274,274,301,382,393,423,423,464,491,491,585,585,643,643,701,592,592,592,592,592,669,728,728,799,809,863,863,863,863],"floor_reached":33,"playtime":2049,"items_purged":["Poor:ReiMu","Looming Evil","Strike_G"],"score":475,"play_id":"118f3367-8a1d-4186-9ed2-9470f32443e3","local_time":"20201221170624","is_ascension_mode":true,"campfire_choices":[{"floor":15.0,"key":"REST"},{"floor":23.0,"key":"RECALL"}],"circlet_count":0,"master_deck":["Strike_G+1","Strike_G","Strike_G","Strike_G","Defend_G","Defend_G","Defend_G","Defend_G","Defend_G","Survivor","Neutralize","Blade Dance+1","Prepared","Predator","Blade Dance","Dagger Throw","Alleviate","Calculated Gamble","Burst","AbeCurse","Underhanded Strike+1","Adrenaline","Slice","BottledTime","PendulumOfEternity","ShiftingGears","hubris:DuctTapeCard","Cloak And Dagger+1","expansioncontent:DecasProtection","Hidden Blade"],"relics":["HushsDoor","SteamSale","Replay:Wanted Poster","Baka","Bag of Preparation","YidongShenshe:ReiMu","Tiny Chest","hubris:DisguiseKit","SatanicBible","Ring of Fury","ReplayTheSpireMod:Ring of Challenge","Abe\u0027s Treasure","GuppysTail","Shovel","Membership Card","HowToJump","Ancient Tea Set","MerchantsRug","Replay:Rubber Ducky","hubris:DuctTape","Replay:Bottled Flurry","Centennial Puzzle","Potion Belt","hubris:HerbalPaste","PlanX","Blue Doll"],"acts_visited":["Exordium","TheCity"],"potions_floor_usage":[31,31],"damage_taken":[{"damage":2.0,"enemies":"Cultist","floor":1.0,"turns":5.0},{"damage":0.0,"enemies":"Small Slimes","floor":4.0,"turns":3.0},{"damage":4.0,"enemies":"2 Louse","floor":5.0,"turns":3.0},{"damage":48.0,"enemies":"Lagavulin","floor":6.0,"turns":6.0},{"damage":0.0,"enemies":"Gremlin Nob","floor":8.0,"turns":2.0},{"damage":0.0,"enemies":"Exordium Thugs","floor":10.0,"turns":4.0},{"damage":10.0,"enemies":"Lagavulin","floor":11.0,"turns":5.0},{"damage":5.0,"enemies":"Large Slime","floor":13.0,"turns":3.0},{"damage":0.0,"enemies":"Slime Boss","floor":16.0,"turns":4.0},{"damage":0.0,"enemies":"Chosen","floor":18.0,"turns":2.0},{"damage":10.0,"enemies":"3 Byrds","floor":20.0,"turns":2.0},{"damage":29.0,"enemies":"Book of Stabbing","floor":26.0,"turns":4.0},{"damage":0.0,"enemies":"Centurion and Healer","floor":27.0,"turns":2.0},{"damage":2.0,"enemies":"Replay:Snechameleon","floor":29.0,"turns":2.0},{"damage":2.0,"enemies":"3 Cultists","floor":30.0,"turns":4.0},{"damage":10,"enemies":"Chosen and Byrds","floor":31,"turns":3}],"seed_played":"-31281056689394160","potions_obtained":[{"floor":4.0,"key":"Swift Potion"},{"floor":8.0,"key":"ColorlessPotion"},{"floor":16.0,"key":"SmokeBomb"},{"floor":18.0,"key":"BlessingOfTheForge"},{"floor":29.0,"key":"champ:CounterPotion"},{"floor":30.0,"key":"SpeedPotion"},{"floor":31,"key":"SkillPotion"}],"is_trial":false,"path_per_floor":["M","?","?","M","M","E","?","E","T","M","E","?","M","T","R","B",null,"M","T","M","$","?","R","PTL","PTL","E","M","T","E","M","M","$","?"],"character_chosen":"THE_SILENT","items_purchased":["GuppysTail","Adrenaline","Membership Card","HowToJump","Ancient Tea Set","EntropicBrew","MerchantsRug","SpeedPotion","Slice","hubris:HerbalPaste","PlanX","Blue Doll","expansioncontent:DecasProtection","Explosive Potion","FearPotion","Reflective Coating","Hidden Blade"],"campfire_rested":1,"item_purchase_floors":[17,21,21,21,21,21,21,21,21,32,32,32,32,32,32,32,32],"current_hp_per_floor":[68,68,68,68,64,16,16,16,16,24,14,14,9,9,30,30,55,55,55,45,45,45,45,45,45,16,16,16,14,21,11,11,0,0],"gold":863,"neow_bonus":"BOSS_RELIC","is_daily":false,"chose_seed":false,"campfire_upgraded":0,"win_rate":0.0,"timestamp":1608541584,"path_taken":["M","?","?","M","?","E","?","E","T","M","E","?","?","?","R","BOSS","M","?","M","$","?","R","PTL","PTL","E","M","T","E","?","M","$","?"],"items_purchased_type":["Relic","Card","Relic","Relic","Relic","Potion","Relic","Potion","Card","Relic","Relic","Relic","Card","Potion","Potion","Potion","Card"],"build_version":"2020-12-13","purchased_purges":3,"victory":false,"max_hp_per_floor":[70,70,70,70,70,70,70,70,70,70,70,70,70,70,70,70,55,55,55,55,55,55,55,55,55,55,55,55,55,64,64,64,64,64],"card_choices":[{"not_picked":[],"picked":"Bomb","floor":0.0},{"not_picked":["Acrobatics","Backflip"],"picked":"Blade Dance","floor":1.0},{"not_picked":["Deadly Poison","Underhanded Strike"],"picked":"Prepared","floor":4.0},{"not_picked":["Predator","Flechettes","Dagger Spray"],"picked":"SKIP","floor":5.0},{"not_picked":["Flechettes","Dagger Spray"],"picked":"Predator","floor":5.0},{"not_picked":["Prepared","All Out Attack"],"picked":"Blade Dance","floor":6.0},{"not_picked":["Hidden Blade","Dagger Spray"],"picked":"hubris:Sniper","floor":8.0},{"not_picked":["Terror","Noxious Fumes","Snipe"],"picked":"Dagger Throw","floor":10.0},{"not_picked":["hubris:Sniper","Bane","ReplayTheSpireMod:The Works"],"picked":"Alleviate","floor":11.0},{"not_picked":["Cloak And Dagger","Hidden Blade","KillingDoll"],"picked":"Calculated Gamble","floor":13.0},{"not_picked":["Grand Finale","Malaise","KillingDoll"],"picked":"Burst","floor":16.0},{"not_picked":["Bouncing Flask","Reflex+1","Rewind"],"picked":"Underhanded Strike+1","floor":18.0},{"not_picked":["Prepared","Calculated Gamble+1","InstantArmor"],"picked":"hubris:Sniper+1","floor":20.0},{"not_picked":["Bullet Time","hubris:Sniper","Sucker Punch","DoubleEdge"],"picked":"SKIP","floor":26.0},{"not_picked":["Deflect+1","Prepared+1","Deadly Poison"],"picked":"BottledTime","floor":27.0},{"not_picked":["Terror","Underhanded Strike","Dodge and Roll"],"picked":"PendulumOfEternity","floor":29.0},{"not_picked":["Dodge and Roll","PiercingWail+1","Hidden Blade"],"picked":"ShiftingGears","floor":30.0},{"not_picked":["Catalyst","Well Laid Plans","Alleviate"],"picked":"Cloak And Dagger+1","floor":31}],"player_experience":77952,"relics_obtained":[{"floor":1.0,"key":"Baka"},{"floor":6.0,"key":"Bag of Preparation"},{"floor":8.0,"key":"Tiny Chest"},{"floor":9.0,"key":"hubris:DisguiseKit"},{"floor":11.0,"key":"SatanicBible"},{"floor":12.0,"key":"Ring of Fury"},{"floor":12.0,"key":"ReplayTheSpireMod:Ring of Challenge"},{"floor":19.0,"key":"Shovel"},{"floor":26.0,"key":"Replay:Rubber Ducky"},{"floor":26.0,"key":"hubris:DuctTape"},{"floor":28.0,"key":"Replay:Bottled Flurry"},{"floor":29.0,"key":"Centennial Puzzle"},{"floor":31,"key":"Potion Belt"}],"event_choices":[{"damage_healed":0.0,"max_hp_gain":0.0,"max_hp_loss":0.0,"gold_gain":0.0,"event_name":"Accursed Blacksmith","player_choice":"Forge","floor":2.0,"gold_loss":0.0,"damage_taken":0.0,"cards_upgraded":["Blade Dance"]},{"damage_healed":0.0,"max_hp_gain":0.0,"max_hp_loss":0.0,"gold_gain":0.0,"event_name":"yidonshenshe","player_choice":"带走神社","floor":7.0,"gold_loss":0.0,"damage_taken":0.0,"relics_obtained":["YidongShenshe:ReiMu"],"cards_obtained":["Poor:ReiMu"]}],"is_beta":false,"boss_relics":[{"not_picked":["hubris:Stopwatch","Pandora\u0027s Box"],"picked":"Abe\u0027s Treasure"},{"not_picked":[]}],"items_purged_floors":[17,21,32],"is_endless":false,"potions_floor_spawned":[4,8,16,18,29,30,31],"ascension_level":1}}