{"host":"vumwfieg2b2mnrfl","time":1608589970,"event":{"mods":["AchievementEnabler","BaseMod","Minty Spire (QoL Compilation)","Rare Cards Sparkle","Relic Stats"],"gold_per_floor":[118,118,393,413,363,51,86,86,111,111,129,159,172,188,188,283,283,295,313,345,345,345,345,378,391,441,441,441,191,116,144,144,242,242,258,258,258,272,494,494,512,512,585,618,637,687,707,405,405,405,405],"floor_reached":50,"playtime":1868,"items_purged":["Defend_R"],"score":862,"play_id":"671fdf7c-c316-4de8-a90e-8eac9d4c677d","local_time":"20201221163250","is_ascension_mode":true,"campfire_choices":[{"data":"Armaments","floor":8,"key":"SMITH"},{"data":"Bash","floor":10,"key":"SMITH"},{"data":"Battle Trance","floor":15,"key":"SMITH"},{"floor":23,"key":"REST"},{"data":"Demon Form","floor":28,"key":"SMITH"},{"data":"Flame Barrier","floor":32,"key":"SMITH"},{"data":"Juggernaut","floor":40,"key":"SMITH"},{"floor":49,"key":"RECALL"}],"circlet_count":0,"master_deck":["AscendersBane","Strike_R","Strike_R","Strike_R","Strike_R","Defend_R","Defend_R","Defend_R","Bash+1","Battle Trance+1","Armaments+1","Bludgeon","Flame Barrier+1","Headbutt","Evolve","Demon Form+1","Armaments+1","Shrug It Off","Reaper","Armaments+1","Juggernaut+1","Headbutt+1","Whirlwind+1","Parasite","Pummel+1"],"relics":["Burning Blood","NeowsBlessing","HandDrill","Darkstone Periapt","Red Skull","Regal Pillow","Snecko Eye","Red Mask","StrikeDummy","Lantern","Blood Vial","Molten Egg 2","Happy Flower","Sozu","Bronze Scales","StoneCalendar","PreservedInsect"],"acts_visited":["Exordium","TheCity","TheBeyond"],"potions_floor_usage":[24,25,33,44,50],"damage_taken":[{"damage":0,"enemies":"Small Slimes","floor":1,"turns":1},{"damage":0,"enemies":"Jaw Worm","floor":4,"turns":1},{"damage":0,"enemies":"Lagavulin","floor":7,"turns":1},{"damage":0,"enemies":"Cultist","floor":11,"turns":2},{"damage":16,"enemies":"Gremlin Nob","floor":12,"turns":4},{"damage":3,"enemies":"Blue Slaver","floor":13,"turns":3},{"damage":6,"enemies":"Exordium Thugs","floor":14,"turns":4},{"damage":44,"enemies":"Slime Boss","floor":16,"turns":12},{"damage":34,"enemies":"3 Byrds","floor":18,"turns":4},{"damage":0,"enemies":"Chosen","floor":19,"turns":4},{"damage":40,"enemies":"Masked Bandits","floor":20,"turns":5},{"damage":26,"enemies":"Book of Stabbing","floor":24,"turns":4},{"damage":5,"enemies":"3 Cultists","floor":25,"turns":4},{"damage":21,"enemies":"Gremlin Leader","floor":31,"turns":5},{"damage":106,"enemies":"Collector","floor":33,"turns":8},{"damage":1,"enemies":"3 Shapes","floor":35,"turns":5},{"damage":0,"enemies":"Orb Walker","floor":38,"turns":2},{"damage":37,"enemies":"Maw","floor":41,"turns":7},{"damage":81,"enemies":"Nemesis","floor":44,"turns":9},{"damage":20,"enemies":"4 Shapes","floor":45,"turns":6},{"damage":1,"enemies":"Mind Bloom Boss Battle","floor":46,"turns":7},{"damage":45,"enemies":"Writhing Mass","floor":47,"turns":4},{"damage":54,"enemies":"Donu and Deca","floor":50,"turns":4}],"seed_played":"4275396010841870433","potions_obtained":[{"floor":7,"key":"SteroidPotion"},{"floor":11,"key":"Regen Potion"},{"floor":12,"key":"Explosive Potion"},{"floor":19,"key":"LiquidBronze"},{"floor":24,"key":"Swift Potion"},{"floor":33,"key":"Strength Potion"}],"is_trial":false,"path_per_floor":["M","?","?","M","?","$","E","R","T","R","M","E","M","M","R","B",null,"M","M","?","T","?","R","E","M","T","$","R","$","?","E","R","B",null,"M","?","$","M","?","R","M","?","T","E","M","?","M","$","R","B"],"character_chosen":"IRONCLAD","items_purchased":["HandDrill","Bludgeon","Molten Egg 2","PreservedInsect","Pummel+1"],"campfire_rested":1,"item_purchase_floors":[6,6,29,48,48],"current_hp_per_floor":[78,78,78,80,80,80,80,80,80,80,80,70,73,73,73,35,69,41,47,13,13,13,52,48,57,57,57,57,57,57,80,80,35,69,80,80,80,80,80,80,77,77,77,9,25,71,40,40,40,0,0],"gold":405,"neow_bonus":"THREE_ENEMY_KILL","is_daily":false,"chose_seed":false,"campfire_upgraded":6,"win_rate":0.0,"timestamp":1608589970,"path_taken":["M","?","?","?","?","?","E","R","T","R","M","E","M","M","R","BOSS","M","M","?","?","?","R","E","M","T","$","R","$","?","E","R","BOSS","M","?","$","?","?","R","M","?","T","E","?","?","M","?","R","BOSS"],"items_purchased_type":["Relic","Card","Relic","Relic","Card"],"build_version":"2020-12-13","purchased_purges":1,"victory":false,"max_hp_per_floor":[80,80,80,80,80,80,80,80,80,80,80,80,80,80,80,80,80,80,80,80,80,80,80,80,80,80,80,80,80,80,80,80,80,80,80,80,80,80,80,80,80,80,80,80,80,80,86,86,86,86,86],"relic_stats":{"Darkstone Periapt":6,"Regal Pillow":15,"Happy Flower":[17],"counters":[23,106],"StoneCalendar":[0],"PreservedInsect":0,"Burning Blood":100,"Blood Vial":14,"Sozu":1,"Bronze Scales":[66],"Snecko Eye":[145,124,157,127],"HandDrill":[26],"obtain_stats":[{"Darkstone Periapt":7,"Regal Pillow":12,"Lantern":24,"NeowsBlessing":0,"Happy Flower":31,"StoneCalendar":46,"PreservedInsect":48,"Burning Blood":0,"Blood Vial":26,"Sozu":34,"Bronze Scales":44,"Snecko Eye":17,"Molten Egg 2":29,"HandDrill":6,"Red Mask":20,"StrikeDummy":21,"Red Skull":9},{"Darkstone Periapt":3,"Regal Pillow":5,"Lantern":12,"NeowsBlessing":0,"Happy Flower":14,"StoneCalendar":21,"PreservedInsect":22,"Burning Blood":0,"Blood Vial":13,"Sozu":15,"Bronze Scales":19,"Snecko Eye":8,"Molten Egg 2":13,"HandDrill":2,"Red Mask":11,"StrikeDummy":11,"Red Skull":3},{"Darkstone Periapt":3,"Regal Pillow":9,"Lantern":45,"NeowsBlessing":0,"Happy Flower":54,"StoneCalendar":98,"PreservedInsect":102,"Burning Blood":0,"Blood Vial":49,"Sozu":62,"Bronze Scales":85,"Snecko Eye":28,"Molten Egg 2":49,"HandDrill":2,"Red Mask":41,"StrikeDummy":41,"Red Skull":3}]},"card_choices":[{"not_picked":["Havoc","Heavy Blade"],"picked":"Battle Trance","floor":1},{"not_picked":["Dual Wield","Power Through"],"picked":"Armaments","floor":4},{"not_picked":["Double Tap","Searing Blow"],"picked":"Flame Barrier","floor":7},{"not_picked":["Seeing Red","Flex","Intimidate"],"picked":"SKIP","floor":11},{"not_picked":["Whirlwind","Rampage"],"picked":"Headbutt","floor":12},{"not_picked":["Second Wind","Flex","Body Slam"],"picked":"SKIP","floor":13},{"not_picked":["Heavy Blade","Wild Strike"],"picked":"Evolve","floor":14},{"not_picked":["Berserk","Bludgeon"],"picked":"Demon Form","floor":16},{"not_picked":["Reckless Charge","Sword Boomerang"],"picked":"Armaments+1","floor":18},{"not_picked":["Havoc","Wild Strike"],"picked":"Shrug It Off","floor":19},{"not_picked":["Bloodletting","True Grit+1"],"picked":"Reaper","floor":20},{"not_picked":["Pommel Strike","Infernal Blade"],"picked":"Warcry","floor":24},{"not_picked":["Cleave","Infernal Blade","Rage"],"picked":"SKIP","floor":25},{"not_picked":["Spot Weakness+1","Reckless Charge+1"],"picked":"Armaments+1","floor":31},{"not_picked":["Berserk","Offering"],"picked":"Juggernaut","floor":33},{"not_picked":["Sentinel+1","Inflame+1","Body Slam+1"],"picked":"SKIP","floor":35},{"not_picked":["True Grit+1","Bloodletting+1","Fire Breathing+1"],"picked":"SKIP","floor":38},{"not_picked":["Wild Strike+1","Havoc","Warcry"],"picked":"SKIP","floor":41},{"not_picked":["Heavy Blade+1","Twin Strike+1"],"picked":"Headbutt+1","floor":44},{"not_picked":["Warcry","Bloodletting+1","Dropkick+1"],"picked":"SKIP","floor":45},{"not_picked":["Combust","Clash+1"],"picked":"Whirlwind+1","floor":46},{"not_picked":["Sever Soul+1","Anger+1","Armaments+1"],"picked":"SKIP","floor":47}],"player_experience":277988,"relics_obtained":[{"floor":7,"key":"Darkstone Periapt"},{"floor":9,"key":"Red Skull"},{"floor":12,"key":"Regal Pillow"},{"floor":20,"key":"Red Mask"},{"floor":21,"key":"StrikeDummy"},{"floor":24,"key":"Lantern"},{"floor":26,"key":"Blood Vial"},{"floor":31,"key":"Happy Flower"},{"floor":44,"key":"Bronze Scales"},{"floor":46,"key":"StoneCalendar"}],"event_choices":[{"damage_healed":0,"gold_gain":0,"player_choice":"Ignored","damage_taken":0,"max_hp_gain":0,"max_hp_loss":0,"event_name":"Golden Wing","floor":2,"gold_loss":0},{"damage_healed":0,"gold_gain":275,"player_choice":"Desecrate","damage_taken":0,"max_hp_gain":0,"max_hp_loss":0,"event_name":"Golden Shrine","floor":3,"gold_loss":0,"cards_obtained":["Regret"]},{"cards_removed":["Regret"],"damage_healed":0,"gold_gain":0,"player_choice":"Card Removal","damage_taken":0,"max_hp_gain":0,"max_hp_loss":0,"event_name":"The Cleric","floor":5,"gold_loss":50},{"damage_healed":0,"gold_gain":0,"player_choice":"Fought Bandits","damage_taken":0,"max_hp_gain":0,"max_hp_loss":0,"event_name":"Masked Bandits","floor":20,"gold_loss":0},{"damage_healed":0,"gold_gain":0,"player_choice":"Ignored","damage_taken":0,"max_hp_gain":0,"max_hp_loss":0,"event_name":"Ghosts","floor":22,"gold_loss":0},{"cards_removed":["Strike_R"],"damage_healed":0,"gold_gain":0,"player_choice":"Gave Gold","damage_taken":0,"max_hp_gain":0,"max_hp_loss":0,"event_name":"Beggar","floor":30,"gold_loss":75},{"cards_removed":["Warcry"],"damage_healed":0,"gold_gain":0,"player_choice":"Purged","damage_taken":0,"max_hp_gain":0,"max_hp_loss":0,"event_name":"Purifier","floor":36,"gold_loss":0},{"damage_healed":0,"gold_gain":222,"player_choice":"Wore Mask","damage_taken":0,"max_hp_gain":0,"max_hp_loss":0,"event_name":"Tomb of Lord Red Mask","floor":39,"gold_loss":0},{"damage_healed":0,"gold_gain":0,"player_choice":"Bought 0 Potions","damage_taken":0,"max_hp_gain":0,"max_hp_loss":0,"event_name":"The Woman in Blue","floor":42,"gold_loss":0},{"damage_healed":0,"gold_gain":0,"player_choice":"Fight","damage_taken":0,"max_hp_gain":0,"max_hp_loss":0,"event_name":"MindBloom","floor":46,"gold_loss":0}],"is_beta":false,"boss_relics":[{"not_picked":["Velvet Choker","Tiny House"],"picked":"Snecko Eye"},{"not_picked":["Philosopher\u0027s Stone","Mark of Pain"],"picked":"Sozu"}],"items_purged_floors":[48],"is_endless":false,"potions_floor_spawned":[7,11,12,19,20,24,33,41],"killed_by":"Donu and Deca","ascension_level":10}}