{"host":"fo1pcjb7ykmk7tjo","time":1608552772,"event":{"mods":["BaseMod","Colored Map","Downfall","Hermit","Hubris","Infinite Spire","Marisa????????","Minty Spire (QoL Compilation)","Replay The Spire","StSLib","The Disciple","The Servant 0.9.4"],"gold_per_floor":[13,25,25,35,35,35,50,50,127,168,188,188,188,219,219,357,357],"floor_reached":16,"playtime":736,"items_purged":[],"score":152,"play_id":"8170d7ae-57cc-41c5-95c9-83620ab22262","local_time":"20201221131252","is_ascension_mode":false,"campfire_choices":[{"data":"hermit:Covet","floor":6,"key":"SMITH"},{"data":"hermit:Scavenge","floor":8,"key":"SMITH"},{"data":"hermit:Reprieve","floor":12,"key":"SMITH"},{"data":"hermit:BigShot","floor":15,"key":"SMITH"}],"circlet_count":0,"master_deck":["hermit:Strike_Hermit","hermit:Strike_Hermit","hermit:Strike_Hermit","hermit:Strike_Hermit","hermit:Defend_Hermit","hermit:Defend_Hermit","hermit:Defend_Hermit","hermit:Defend_Hermit","hermit:Snapshot","hermit:Covet+1","hermit:Dive+1","Injury","hermit:Scavenge+1","hermit:Reprieve+1","hermit:BigShot+1"],"relics":["hermit:Momento","hermit:CharredGlove","Golden Idol","Pear","Eternal Feather","infinitespire:Satchel"],"acts_visited":["Exordium"],"potions_floor_usage":[16],"damage_taken":[{"damage":1,"enemies":"Cultist","floor":1,"turns":4},{"damage":0,"enemies":"2 Louse","floor":2,"turns":2},{"damage":0,"enemies":"Jaw Worm","floor":4,"turns":4},{"damage":2,"enemies":"Exordium Thugs","floor":7,"turns":5},{"damage":4,"enemies":"3 Sentries","floor":10,"turns":13},{"damage":8,"enemies":"2 Fungi Beasts","floor":11,"turns":4},{"damage":3,"enemies":"3 Louse","floor":14,"turns":4},{"damage":45,"enemies":"Fading Forest","floor":16,"turns":11}],"seed_played":"3581582573865589855","potions_obtained":[{"floor":1,"key":"SpeedPotion"},{"floor":2,"key":"Venom Potion"},{"floor":10,"key":"Block Potion"}],"is_trial":false,"path_per_floor":["M","M","?","M","?","R","M","R","T","E","M","R","T","M","R","B"],"character_chosen":"HERMIT","items_purchased":[],"campfire_rested":0,"item_purchase_floors":[],"current_hp_per_floor":[74,74,74,74,74,74,72,72,82,78,70,76,76,73,82,41,41],"gold":357,"neow_bonus":"ONE_RARE_RELIC","is_daily":false,"chose_seed":false,"campfire_upgraded":4,"win_rate":0.0,"timestamp":1608552772,"path_taken":["M","M","?","M","?","R","M","R","T","E","M","R","?","?","R","BOSS"],"items_purchased_type":[],"build_version":"2020-12-13","purchased_purges":0,"victory":false,"max_hp_per_floor":[75,75,75,75,75,75,75,75,85,85,85,85,85,85,85,85,85],"card_choices":[{"not_picked":["hermit:Coalescence","hermit:GoldenBullet"],"picked":"hermit:Dive","floor":1},{"not_picked":["hermit:Headshot","hermit:Vantage","hermit:LuckOfTheDraw"],"picked":"SKIP","floor":2},{"not_picked":["hermit:Deadeye","hermit:FullyLoaded","hermit:TakeAim"],"picked":"SKIP","floor":4},{"not_picked":["hermit:Misfire","hermit:Glare"],"picked":"hermit:Scavenge","floor":7},{"not_picked":["hermit:Virtue","hermit:HeroicBravado"],"picked":"hermit:Reprieve","floor":10},{"not_picked":["hermit:Quickdraw","hermit:EyeOfTheStorm","hermit:ItchyTrigger"],"picked":"SKIP","floor":11},{"not_picked":["hermit:Coalescence","hermit:DeadMansHand"],"picked":"hermit:BigShot","floor":14}],"player_experience":169596,"relics_obtained":[{"floor":9,"key":"Pear"},{"floor":10,"key":"Eternal Feather"},{"floor":13,"key":"infinitespire:Satchel"}],"event_choices":[{"damage_healed":0,"gold_gain":0,"player_choice":"Take Wound","damage_taken":0,"relics_obtained":["Golden Idol"],"max_hp_gain":0,"max_hp_loss":0,"event_name":"Golden Idol","floor":5,"gold_loss":0,"cards_obtained":["Injury"]}],"is_beta":false,"boss_relics":[],"items_purged_floors":[],"is_endless":false,"potions_floor_spawned":[1,2,10,14],"killed_by":"Fading Forest","ascension_level":0}}