{"host":"sav7uxregyirlf69","time":1608538223,"event":{"mods":["AchievementEnabler","BaseMod","Colored Map","DeckTracker","Keyboard Shortcuts","Minty Spire (QoL Compilation)","READ ME - Guardian Mod","StSLib","SuperFastMode"],"gold_per_floor":[114,130,130,130,148,148,167,181,181,217,115,130,30,45,45,45,45],"floor_reached":16,"playtime":359,"items_purged":["Strike_R","Defend_R"],"score":156,"play_id":"5b6b79e2-2a5f-4ba3-8939-055a342b31a3","local_time":"20201221171023","is_ascension_mode":true,"campfire_choices":[{"data":"Infernal Blade","floor":6,"key":"SMITH"},{"data":"Clothesline","floor":15,"key":"SMITH"}],"circlet_count":0,"master_deck":["AscendersBane","Strike_R","Strike_R","Strike_R","Strike_R","Defend_R","Defend_R","Defend_R","Bash","Burning Pact","Infernal Blade+1","Clothesline+1","Sword Boomerang","Shrug It Off+1","Shrug It Off+1","Shrug It Off+1","Entrench+1"],"relics":["Burning Blood","Golden Idol","Toxic Egg 2","Mummified Hand"],"acts_visited":["Exordium"],"potions_floor_usage":[10,16,16],"damage_taken":[{"damage":7,"enemies":"2 Louse","floor":1,"turns":4},{"damage":2,"enemies":"Small Slimes","floor":2,"turns":7},{"damage":24,"enemies":"Jaw Worm","floor":5,"turns":5},{"damage":4,"enemies":"2 Fungi Beasts","floor":7,"turns":4},{"damage":0,"enemies":"3 Louse","floor":8,"turns":3},{"damage":35,"enemies":"3 Sentries","floor":10,"turns":9},{"damage":1,"enemies":"Looter","floor":12,"turns":4},{"damage":0,"enemies":"Red Slaver","floor":14,"turns":6},{"damage":48,"enemies":"The Guardian","floor":16,"turns":12}],"seed_played":"2735312410705459932","potions_obtained":[{"floor":1,"key":"LiquidMemories"},{"floor":10,"key":"DuplicationPotion"},{"floor":12,"key":"ColorlessPotion"}],"is_trial":false,"path_per_floor":["M","M","?","?","M","R","M","M","T","E","$","M","$","M","R","B"],"character_chosen":"IRONCLAD","items_purchased":["Shrug It Off+1"],"campfire_rested":0,"item_purchase_floors":[11],"current_hp_per_floor":[79,83,61,61,43,43,45,51,51,22,22,27,27,33,33,0,0],"gold":45,"neow_bonus":"TEN_PERCENT_HP_BONUS","is_daily":false,"chose_seed":false,"campfire_upgraded":2,"win_rate":0.0,"timestamp":1608538223,"path_taken":["M","M","?","?","M","R","M","M","T","E","?","M","$","M","R","BOSS"],"items_purchased_type":["Card"],"build_version":"2020-12-13","purchased_purges":2,"victory":false,"max_hp_per_floor":[88,88,88,88,88,88,88,88,88,88,88,88,88,88,88,88,88],"card_choices":[{"not_picked":["Clothesline","Heavy Blade"],"picked":"Burning Pact","floor":1},{"not_picked":["Second Wind","Dark Embrace","Heavy Blade"],"picked":"SKIP","floor":2},{"not_picked":["Rage","Entrench"],"picked":"Infernal Blade","floor":5},{"not_picked":["Sever Soul","Warcry"],"picked":"Clothesline","floor":7},{"not_picked":["Clothesline","Perfected Strike"],"picked":"Sword Boomerang","floor":8},{"not_picked":["Flex+1","Havoc+1"],"picked":"Shrug It Off+1","floor":10},{"not_picked":["Warcry+1","Headbutt"],"picked":"Shrug It Off+1","floor":12},{"not_picked":["Searing Blow","Dark Embrace"],"picked":"Entrench+1","floor":14}],"player_experience":977861,"relics_obtained":[{"floor":9,"key":"Toxic Egg 2"},{"floor":10,"key":"Mummified Hand"}],"event_choices":[{"damage_healed":0,"gold_gain":0,"player_choice":"Take Damage","damage_taken":22,"relics_obtained":["Golden Idol"],"max_hp_gain":0,"max_hp_loss":0,"event_name":"Golden Idol","floor":3,"gold_loss":0},{"damage_healed":0,"gold_gain":0,"player_choice":"Ignored","damage_taken":0,"max_hp_gain":0,"max_hp_loss":0,"event_name":"Liars Game","floor":4,"gold_loss":0}],"is_beta":false,"boss_relics":[],"items_purged_floors":[11,13],"is_endless":false,"potions_floor_spawned":[1,10,12],"killed_by":"The Guardian","ascension_level":10}}