{"host":"7o30bgpqouqblh42","time":1608577480,"event":{"mods":["AchievementEnabler","Aspiration","BaseMod","Colored Map","Downfall","Highlight Path","Hubris","Minty Spire (QoL Compilation)","StSLib","SuperFastMode"],"gold_per_floor":[99,99,99,125,143,68,68,68,68,94,41,53,328,346,356,356,356,356],"floor_reached":16,"playtime":823,"items_purged":[],"score":158,"play_id":"a0f89342-01ab-4a77-8aa2-bf397aafbc29","local_time":"20201221140440","is_ascension_mode":false,"campfire_choices":[{"floor":1,"key":"RECALL"},{"data":"Guardian:ConstructionForm","floor":6,"key":"SMITH"},{"data":"Guardian:TwinSlam","floor":9,"key":"SMITH"}],"circlet_count":0,"master_deck":["Guardian:Strike_Guardian","Guardian:Strike_Guardian","Guardian:Strike_Guardian","Guardian:Strike_Guardian","Guardian:Defend_Guardian","Guardian:Defend_Guardian","Guardian:Defend_Guardian","Guardian:Defend_Guardian","Guardian:CurlUp","Guardian:TwinSlam+1","Guardian:Reroute","Guardian:TemporalShield","Guardian:ShieldCharger+1","Guardian:ConstructionForm+1","Guardian:Gem_Crimson","Guardian:Gem_Yellow","Guardian:DonusPower","Regret","Guardian:FierceBash","Guardian:DecasProtection"],"relics":["Guardian:ModeShifter","downfall:HeartsMalice","Centennial Puzzle","downfall:HeartBlessingRed","WingedGreaves"],"acts_visited":["Exordium"],"potions_floor_usage":[],"damage_taken":[{"damage":0,"enemies":"Jaw Worm","floor":2,"turns":1},{"damage":0,"enemies":"Cultist","floor":3,"turns":1},{"damage":0,"enemies":"Lagavulin","floor":4,"turns":1},{"damage":6,"enemies":"2 Louse","floor":5,"turns":2},{"damage":0,"enemies":"Gremlin Nob","floor":10,"turns":4},{"damage":3,"enemies":"downfall:FleeingMerchant","floor":11,"turns":4},{"damage":0,"enemies":"Blue Slaver","floor":12,"turns":2},{"damage":8,"enemies":"Exordium Wildlife","floor":14,"turns":4},{"damage":17,"enemies":"Exordium Thugs","floor":15,"turns":6},{"damage":48,"enemies":"downfall:Defect","floor":16,"turns":5}],"seed_played":"-4312035553913688916","potions_obtained":[{"floor":12,"key":"EssenceOfSteel"},{"floor":14,"key":"LiquidMemories"},{"floor":15,"key":"SpeedPotion"}],"is_trial":false,"path_per_floor":["R","M","M","E","M","R","T","?","R","E","$","M","?","M","M","B"],"character_chosen":"GUARDIAN","items_purchased":["Guardian:DonusPower"],"campfire_rested":0,"item_purchase_floors":[11],"current_hp_per_floor":[80,80,80,80,74,74,74,74,74,74,71,71,71,63,46,0,0,0],"gold":356,"neow_bonus":"THREE_ENEMY_KILL","is_daily":false,"chose_seed":false,"campfire_upgraded":2,"win_rate":0.0,"timestamp":1608577480,"path_taken":["R","M","M","E","M","R","T","?","R","E","$","M","?","?","M","BOSS"],"items_purchased_type":["Card"],"build_version":"2020-12-13","purchased_purges":0,"victory":false,"max_hp_per_floor":[80,80,80,80,80,80,80,80,80,80,80,80,80,80,80,80,80,80],"card_choices":[{"not_picked":["Guardian:Suspension","Guardian:CrystalBeam"],"picked":"Guardian:Reroute","floor":2},{"not_picked":["Guardian:Planning","Guardian:CrystalBeam"],"picked":"Guardian:TemporalShield","floor":3},{"not_picked":["Guardian:Recover","Guardian:FloatingOrbs"],"picked":"Guardian:ShieldCharger","floor":4},{"not_picked":["Guardian:TemporalShield","Guardian:PrismaticBarrier"],"picked":"Guardian:ConstructionForm","floor":5},{"not_picked":["Guardian:Gem_Purple","Guardian:BronzeArmor"],"picked":"Guardian:Gem_Crimson","floor":10},{"not_picked":["Guardian:DecasProtection","Guardian:Gem_Cyan"],"picked":"Guardian:Gem_Yellow","floor":11},{"not_picked":["Guardian:Gem_Cyan","Guardian:WalkerClaw","Guardian:PrismaticBeam"],"picked":"SKIP","floor":12},{"not_picked":["Guardian:Planning","Guardian:PiercingHide"],"picked":"Guardian:FierceBash","floor":14},{"not_picked":["Guardian:PrimingBeam","Guardian:TemporalShield"],"picked":"Guardian:DecasProtection","floor":15}],"player_experience":81714,"relics_obtained":[{"floor":4,"key":"Centennial Puzzle"},{"floor":10,"key":"WingedGreaves"}],"event_choices":[],"is_beta":false,"boss_relics":[],"items_purged_floors":[],"is_endless":false,"potions_floor_spawned":[12,14,15],"killed_by":"downfall:Defect","ascension_level":0}}