{"host":"8by3m8mve9y2rhh4","time":1608591423,"event":{"mods":["BaseMod","Minty Spire (QoL Compilation)","Quick Restart"],"gold_per_floor":[111,111,36,36,49,84,84,117,142,142,158,171,190,206,206,309,359,370,382,400,415,7,7,42,42,116,146,146,163,163,179,179,275,275,286,286,298,9,29,29,61,75,98,140,162,174,219,246,258,270,282,294,35,63,63,63],"floor_reached":55,"playtime":2919,"items_purged":["Pain","Strike_R","Strike_R","Strike_R"],"score":900,"play_id":"585eb8fe-81ab-4ee9-a1b7-459716dfee97","local_time":"20201221225703","is_ascension_mode":true,"campfire_choices":[{"floor":10,"key":"RECALL"},{"floor":15,"key":"REST"},{"floor":23,"key":"REST"},{"floor":25,"key":"REST"},{"floor":28,"key":"REST"},{"data":"Barricade","floor":30,"key":"SMITH"},{"floor":32,"key":"REST"},{"floor":40,"key":"REST"},{"floor":46,"key":"REST"},{"floor":49,"key":"REST"},{"floor":52,"key":"REST"}],"circlet_count":0,"master_deck":["Strike_R","Strike_R","Defend_R","Defend_R","Defend_R+1","Defend_R","Bash","Cleave","Twin Strike","Cleave","True Grit","Feed","Twin Strike","Iron Wave","Shrug It Off","Pummel","Pummel","Barricade+1","Uppercut","Thunderclap+1","Sword Boomerang","Demon Form","Cleave","Disarm+1","Sword Boomerang","Thunderclap+1","Reaper","Panacea","Metallicize","Rage","Rage","Impervious","Sentinel+1","Flame Barrier+1","Heavy Blade","Body Slam+1","Spot Weakness+1"],"relics":["Burning Blood","WarpedTongs","Bag of Marbles","Shuriken","Tiny House","Anchor","Mercury Hourglass","Matryoshka","Bottled Lightning","Fusion Hammer","Juzu Bracelet","MawBank","Pen Nib","Smiling Mask","PreservedInsect","Bag of Preparation","Happy Flower"],"acts_visited":["Exordium","TheCity","TheBeyond","TheEnding"],"potions_floor_usage":[8,16,16,18,21,24,33,33,35,41,44,44,44,50,55,55],"damage_taken":[{"damage":10,"enemies":"Jaw Worm","floor":1,"turns":5},{"damage":6,"enemies":"Cultist","floor":5,"turns":3},{"damage":30,"enemies":"3 Sentries","floor":6,"turns":7},{"damage":16,"enemies":"Gremlin Nob","floor":8,"turns":4},{"damage":0,"enemies":"Small Slimes","floor":11,"turns":2},{"damage":2,"enemies":"Blue Slaver","floor":12,"turns":3},{"damage":6,"enemies":"Large Slime","floor":13,"turns":4},{"damage":0,"enemies":"Lots of Slimes","floor":14,"turns":1},{"damage":60,"enemies":"Hexaghost","floor":16,"turns":7},{"damage":16,"enemies":"Spheric Guardian","floor":18,"turns":4},{"damage":23,"enemies":"2 Thieves","floor":19,"turns":3},{"damage":45,"enemies":"Chosen and Byrds","floor":20,"turns":7},{"damage":16,"enemies":"Centurion and Healer","floor":21,"turns":8},{"damage":24,"enemies":"Slavers","floor":24,"turns":6},{"damage":43,"enemies":"Book of Stabbing","floor":27,"turns":8},{"damage":7,"enemies":"Shelled Parasite and Fungi","floor":29,"turns":5},{"damage":6,"enemies":"Snake Plant","floor":31,"turns":6},{"damage":15,"enemies":"Automaton","floor":33,"turns":9},{"damage":0,"enemies":"Orb Walker","floor":35,"turns":1},{"damage":20,"enemies":"3 Shapes","floor":37,"turns":8},{"damage":5,"enemies":"Jaw Worm Horde","floor":39,"turns":3},{"damage":6,"enemies":"Nemesis","floor":41,"turns":9},{"damage":9,"enemies":"Maw","floor":42,"turns":8},{"damage":17,"enemies":"Reptomancer","floor":44,"turns":6},{"damage":20,"enemies":"Transient","floor":45,"turns":5},{"damage":38,"enemies":"Giant Head","floor":47,"turns":8},{"damage":42,"enemies":"Spire Growth","floor":48,"turns":5},{"damage":37,"enemies":"Time Eater","floor":50,"turns":14},{"damage":45,"enemies":"Shield and Spear","floor":54,"turns":5},{"damage":100,"enemies":"The Heart","floor":55,"turns":9}],"seed_played":"6069586495329873560","potions_obtained":[{"floor":1,"key":"SpeedPotion"},{"floor":6,"key":"Block Potion"},{"floor":8,"key":"SteroidPotion"},{"floor":11,"key":"FearPotion"},{"floor":14,"key":"BlessingOfTheForge"},{"floor":17,"key":"Regen Potion"},{"floor":20,"key":"Dexterity Potion"},{"floor":27,"key":"EssenceOfSteel"},{"floor":29,"key":"LiquidMemories"},{"floor":31,"key":"BlessingOfTheForge"},{"floor":33,"key":"SteroidPotion"},{"floor":39,"key":"Weak Potion"},{"floor":42,"key":"Dexterity Potion"},{"floor":45,"key":"BloodPotion"},{"floor":47,"key":"SkillPotion"}],"is_trial":false,"path_per_floor":["M","?","$","$","M","E","?","E","T","R","M","M","M","M","R","B",null,"M","M","M","M","$","R","E","R","T","E","R","M","R","M","R","B",null,"M","?","M","$","M","R","E","M","T","E","M","R","E","M","R","B",null,"R","$","E","B"],"character_chosen":"IRONCLAD","items_purchased":["Demon Form","Anchor","Cleave","Metallicize","Rage","PowerPotion","Bag of Preparation","DuplicationPotion"],"campfire_rested":9,"item_purchase_floors":[22,22,22,38,38,38,53,53],"current_hp_per_floor":[76,76,76,76,76,52,52,42,42,42,48,55,55,64,86,32,91,81,67,32,41,41,71,53,83,83,50,81,80,80,80,106,97,106,106,106,92,92,93,106,106,103,103,92,78,106,89,60,91,72,106,106,106,67,0,0],"gold":63,"neow_bonus":"THREE_CARDS","is_daily":false,"chose_seed":false,"campfire_upgraded":1,"win_rate":0.0,"timestamp":1608591423,"path_taken":["M","?","?","$","?","E","?","E","T","R","M","M","M","M","R","BOSS","M","M","M","?","$","R","E","R","T","E","R","M","R","?","R","BOSS","M","?","M","$","M","R","E","M","T","E","M","R","E","M","R","BOSS","R","$","E","BOSS"],"items_purchased_type":["Card","Relic","Card","Card","Card","Potion","Relic","Potion"],"build_version":"2020-12-13","purchased_purges":4,"victory":false,"max_hp_per_floor":[80,80,80,80,80,80,80,80,80,80,80,83,83,86,86,86,91,91,94,98,102,102,102,102,102,102,106,106,106,106,106,106,106,106,106,106,106,106,106,106,106,106,106,106,106,106,106,106,106,106,106,106,106,106,106,106],"card_choices":[{"not_picked":["Searing Blow","Twin Strike"],"picked":"Cleave","floor":0},{"not_picked":["Rupture","Anger","Sentinel"],"picked":"SKIP","floor":1},{"not_picked":["Pommel Strike","Anger"],"picked":"Twin Strike","floor":5},{"not_picked":["Hemokinesis","Havoc"],"picked":"Cleave","floor":6},{"not_picked":["Clash","Power Through"],"picked":"Twin Strike","floor":8},{"not_picked":["Flame Barrier","Thunderclap"],"picked":"Iron Wave","floor":11},{"not_picked":["Rupture","Wild Strike"],"picked":"Shrug It Off","floor":12},{"not_picked":["Flame Barrier","Twin Strike"],"picked":"Pummel","floor":13},{"not_picked":["Intimidate","Reckless Charge"],"picked":"Pummel","floor":14},{"not_picked":["Feed","Impervious"],"picked":"Barricade","floor":16},{"not_picked":["Perfected Strike","Pommel Strike","Anger+1"],"picked":"SKIP","floor":18},{"not_picked":["Perfected Strike","Shrug It Off+1"],"picked":"Uppercut","floor":19},{"not_picked":["Heavy Blade","Twin Strike+1"],"picked":"Thunderclap+1","floor":20},{"not_picked":["Clothesline","Anger"],"picked":"Sword Boomerang","floor":21},{"not_picked":["Sentinel","Perfected Strike"],"picked":"Disarm+1","floor":24},{"not_picked":["Headbutt","Heavy Blade"],"picked":"Sword Boomerang","floor":27},{"not_picked":["Flex","Rampage"],"picked":"Thunderclap+1","floor":29},{"not_picked":["True Grit","Infernal Blade","Clothesline"],"picked":"SKIP","floor":31},{"not_picked":["Double Tap","Bludgeon"],"picked":"Reaper","floor":33},{"not_picked":["Clothesline+1","Havoc","Headbutt+1"],"picked":"SKIP","floor":35},{"not_picked":["Magnetism","Swift Strike"],"picked":"Panacea","floor":36},{"not_picked":["Evolve+1","Clash","Cleave"],"picked":"SKIP","floor":37},{"not_picked":["Hemokinesis","Iron Wave+1"],"picked":"Rage","floor":39},{"not_picked":["Seeing Red","Wild Strike+1"],"picked":"Impervious","floor":41},{"not_picked":["Flex","Headbutt+1"],"picked":"Sentinel+1","floor":42},{"not_picked":["Clothesline+1","Corruption"],"picked":"Flame Barrier+1","floor":44},{"not_picked":["Perfected Strike","Sword Boomerang"],"picked":"Heavy Blade","floor":45},{"not_picked":["Exhume","Wild Strike"],"picked":"Body Slam+1","floor":47},{"not_picked":["Dropkick+1","Disarm"],"picked":"Spot Weakness+1","floor":48},{"not_picked":["Pommel Strike+1","Ghostly Armor","Perfected Strike+1"],"picked":"SKIP","floor":54}],"player_experience":583167,"relics_obtained":[{"floor":6,"key":"Bag of Marbles"},{"floor":8,"key":"Shuriken"},{"floor":24,"key":"Mercury Hourglass"},{"floor":26,"key":"Matryoshka"},{"floor":27,"key":"Bottled Lightning"},{"floor":41,"key":"Juzu Bracelet"},{"floor":43,"key":"MawBank"},{"floor":43,"key":"Pen Nib"},{"floor":44,"key":"Smiling Mask"},{"floor":47,"key":"PreservedInsect"},{"floor":54,"key":"Happy Flower"}],"event_choices":[{"damage_healed":0,"gold_gain":0,"player_choice":"Rummage","damage_taken":0,"relics_obtained":["WarpedTongs"],"max_hp_gain":0,"max_hp_loss":0,"event_name":"Accursed Blacksmith","floor":2,"gold_loss":0,"cards_obtained":["Pain"]},{"damage_healed":0,"gold_gain":0,"player_choice":"2 cards matched","damage_taken":0,"max_hp_gain":0,"max_hp_loss":0,"event_name":"Match and Keep!","floor":7,"gold_loss":0,"cards_obtained":["True Grit","Feed"]},{"damage_healed":0,"gold_gain":0,"player_choice":"Memory 1","damage_taken":0,"max_hp_gain":0,"max_hp_loss":0,"event_name":"SensoryStone","floor":36,"gold_loss":0}],"is_beta":false,"boss_relics":[{"not_picked":["SacredBark","Busted Crown"],"picked":"Tiny House"},{"not_picked":["Mark of Pain","Runic Cube"],"picked":"Fusion Hammer"}],"items_purged_floors":[3,22,38,53],"is_endless":false,"potions_floor_spawned":[1,6,8,11,14,20,27,29,31,33,39,42,45,47],"killed_by":"The Heart","ascension_level":1}}