{"host":"4nqeo0vu1vuav7gg","time":1608572003,"event":{"mods":["AchievementEnabler","BaseMod","Block Reminder","Colored Map","Colored Powertips","Highlight Path","Minty Spire (QoL Compilation)","Quick Restart","Rare Cards Sparkle","Relic Relevance Reorder","StSLib"],"gold_per_floor":[117,17,17,17,29,29,58,58,85,85,97,111,144,160,160,238,238,252,252,267,267,284,284,302,302,351,384,384,398,398,411,411,411,411],"floor_reached":33,"playtime":1205,"items_purged":[],"score":554,"play_id":"1fefa9db-27b9-4ddc-a1f4-4c62c63b39da","local_time":"20201221183323","is_ascension_mode":true,"campfire_choices":[{"data":"Genetic Algorithm","floor":6.0,"key":"SMITH"},{"data":"Blizzard","floor":10.0,"key":"SMITH"},{"floor":15.0,"key":"REST"},{"floor":23.0,"key":"REST"},{"data":"Gash","floor":25.0,"key":"SMITH"},{"floor":30.0,"key":"REST"},{"floor":32.0,"key":"REST"}],"circlet_count":0,"master_deck":["AscendersBane","Strike_B","Strike_B","Strike_B","Strike_B","Defend_B","Defend_B","Defend_B","Defend_B","Zap","Dualcast","Genetic Algorithm+1","Gash","Ball Lightning","Chill","Blizzard+1","Doom and Gloom","Gash+1","Capacitor","Gash","Electrodynamics","Glacier","Double Energy","Gash","Seek","Force Field"],"relics":["Cracked Core","Bird Faced Urn","Orichalcum","Sozu","NeowsBlessing","Bag of Marbles","Anchor","Darkstone Periapt","The Courier","Tiny Chest"],"acts_visited":["Exordium","TheCity"],"potions_floor_usage":[],"damage_taken":[{"damage":0.0,"enemies":"2 Louse","floor":1.0,"turns":1.0},{"damage":0.0,"enemies":"Jaw Worm","floor":5.0,"turns":1.0},{"damage":0.0,"enemies":"3 Sentries","floor":7.0,"turns":1.0},{"damage":0.0,"enemies":"Cultist","floor":11.0,"turns":2.0},{"damage":8.0,"enemies":"Looter","floor":12.0,"turns":2.0},{"damage":27.0,"enemies":"Lagavulin","floor":13.0,"turns":7.0},{"damage":4.0,"enemies":"Lots of Slimes","floor":14.0,"turns":3.0},{"damage":43.0,"enemies":"Hexaghost","floor":16.0,"turns":10.0},{"damage":13.0,"enemies":"Chosen","floor":18.0,"turns":4.0},{"damage":7.0,"enemies":"Shell Parasite","floor":20.0,"turns":6.0},{"damage":12.0,"enemies":"Centurion and Healer","floor":22.0,"turns":6.0},{"damage":0.0,"enemies":"3 Cultists","floor":24.0,"turns":4.0},{"damage":31.0,"enemies":"Gremlin Leader","floor":27.0,"turns":7.0},{"damage":13.0,"enemies":"Snake Plant","floor":29.0,"turns":5.0},{"damage":6.0,"enemies":"Sentry and Sphere","floor":31.0,"turns":5.0},{"damage":74,"enemies":"Champ","floor":33,"turns":10}],"seed_played":"4435082803050468050","potions_obtained":[{"floor":1.0,"key":"Regen Potion"},{"floor":11.0,"key":"LiquidBronze"},{"floor":14.0,"key":"DistilledChaos"}],"is_trial":false,"path_per_floor":["M","$","?","$","M","R","E","?","T","R","M","M","E","M","R","B",null,"M","?","M","?","M","R","M","R","T","E","T","M","R","M","R","B"],"character_chosen":"DEFECT","items_purchased":["Genetic Algorithm","Gash"],"campfire_rested":4,"item_purchase_floors":[2,2],"current_hp_per_floor":[64,64,64,64,64,64,64,64,64,64,64,56,38,34,55,12,56,43,43,36,36,24,45,45,45,45,14,14,3,24,22,43,0,0],"gold":411,"neow_bonus":"THREE_ENEMY_KILL","is_daily":false,"chose_seed":false,"campfire_upgraded":3,"win_rate":0.0,"timestamp":1608572003,"path_taken":["M","$","?","$","M","R","E","?","T","R","M","?","E","M","R","BOSS","M","?","?","?","M","R","M","R","T","E","?","M","R","M","R","BOSS"],"items_purchased_type":["Card","Card"],"build_version":"2020-12-13","purchased_purges":0,"victory":false,"max_hp_per_floor":[71,71,71,71,71,71,71,71,71,71,71,71,71,71,71,71,71,71,71,71,71,71,71,71,71,71,71,71,71,71,71,71,71,71],"card_choices":[{"not_picked":["Consume","Scrape"],"picked":"Steam","floor":1.0},{"not_picked":["Leap","Gash"],"picked":"Ball Lightning","floor":5.0},{"not_picked":["Core Surge","Redo"],"picked":"Chill","floor":7.0},{"not_picked":["Chaos","Rebound"],"picked":"Doom and Gloom","floor":11.0},{"not_picked":["Streamline","Leap"],"picked":"Gash","floor":12.0},{"not_picked":["BootSequence","Blizzard"],"picked":"Capacitor","floor":13.0},{"not_picked":["Coolheaded","Static Discharge"],"picked":"Gash","floor":14.0},{"not_picked":["Hyperbeam","Meteor Strike"],"picked":"Electrodynamics","floor":16.0},{"not_picked":["Steam","Rebound"],"picked":"Glacier","floor":18.0},{"not_picked":["Go for the Eyes","Steam"],"picked":"Double Energy","floor":20.0},{"not_picked":["Beam Cell","Static Discharge"],"picked":"Gash","floor":22.0},{"not_picked":["Aggregate","Darkness"],"picked":"Seek","floor":24.0},{"not_picked":["Leap","Fusion"],"picked":"Force Field","floor":27.0},{"not_picked":["Rip and Tear","Redo","Steam Power"],"picked":"SKIP","floor":29.0},{"not_picked":["Blizzard","Ball Lightning","Reinforced Body"],"picked":"SKIP","floor":31.0}],"player_experience":972951,"relics_obtained":[{"floor":7.0,"key":"The Courier"},{"floor":9.0,"key":"Orichalcum"},{"floor":13.0,"key":"Tiny Chest"},{"floor":26.0,"key":"Anchor"},{"floor":27.0,"key":"Darkstone Periapt"},{"floor":28.0,"key":"Bird Faced Urn"}],"event_choices":[{"damage_healed":0.0,"max_hp_gain":0.0,"max_hp_loss":0.0,"gold_gain":0.0,"event_name":"Big Fish","player_choice":"Box","floor":3.0,"gold_loss":0.0,"damage_taken":0.0,"relics_obtained":["Bag of Marbles"],"cards_obtained":["Regret"]},{"damage_healed":0.0,"max_hp_gain":0.0,"max_hp_loss":0.0,"gold_gain":0.0,"cards_transformed":["Steam"],"event_name":"Transmorgrifier","player_choice":"Transformed","floor":8.0,"gold_loss":0.0,"damage_taken":0.0,"cards_obtained":["Blizzard"]},{"cards_removed":["Regret"],"damage_healed":0.0,"max_hp_gain":0.0,"max_hp_loss":0.0,"gold_gain":0.0,"event_name":"Fountain of Cleansing","player_choice":"Removed Curses","floor":19.0,"gold_loss":0.0,"damage_taken":0.0},{"damage_healed":0.0,"max_hp_gain":0.0,"max_hp_loss":0.0,"gold_gain":0.0,"event_name":"Ghosts","player_choice":"Ignored","floor":21.0,"gold_loss":0.0,"damage_taken":0.0}],"is_beta":false,"boss_relics":[{"not_picked":["Fusion Hammer","Snecko Eye"],"picked":"Sozu"}],"items_purged_floors":[],"is_endless":false,"potions_floor_spawned":[1,11,14,20,24,27,31],"killed_by":"Champ","ascension_level":15}}