{"host":"owox7x4ngjt9htcc","time":1608528381,"event":{"mods":["BaseMod","Colored Map","DeckTracker","Keyboard Shortcuts","Minty Spire (QoL Compilation)","SuperFastMode"],"gold_per_floor":[144,189,234,279,324,426,438,495,507,519,621,728,830,887,899,1211,1223,1280,449,494,539,584,584,674,674,699,848,938,988,644,689,689,989,989,1034,247,248,11,56,146,191,241,266,366,416,461,551,601,601,601],"floor_reached":51,"playtime":1227,"items_purged":["Brutality","Bludgeon"],"score":1094,"play_id":"aeed317e-8455-4419-9dbd-409a6819a9a9","local_time":"20201221142621","daily_mods":["Shiny","Vintage","Midas"],"is_ascension_mode":false,"campfire_choices":[{"floor":10.0,"key":"REST"},{"floor":15.0,"key":"REST"},{"floor":23.0,"key":"REST"},{"floor":25.0,"key":"REST"},{"floor":32.0,"key":"REST"},{"floor":49,"key":"REST"}],"circlet_count":0,"master_deck":["Double Tap","Demon Form","Feed","Limit Break","Corruption","Barricade","Fiend Fire","Berserk","Impervious+1","Juggernaut","Reaper","Exhume","Offering","Immolate","Dark Embrace","Seeing Red+1","Inflame","Shrug It Off","Pummel","Body Slam+1","Clash+1","Inflame+1","Clash+1","Clothesline+1","Entrench+1","Juggernaut+1","Inflame+1","Body Slam+1","Heavy Blade+1","Seeing Red+1","Burning Pact+1","Madness+1","Iron Wave+1","Feel No Pain+1","Body Slam+1","Pommel Strike+1","Finesse+1","Limit Break+1","Shrug It Off+1","Madness+1","Madness+1","Panacea+1","Armaments+1"],"relics":["Burning Blood","Bottled Flame","Pen Nib","Tiny Chest","Singing Bowl","MawBank","StoneCalendar","SsserpentHead","Anchor","Bag of Preparation","Torii","PreservedInsect","Bronze Scales","Juzu Bracelet","Black Star","Ornamental Fan","Letter Opener","Molten Egg 2","Strange Spoon","Paper Frog","Frozen Egg 2","MealTicket","Toxic Egg 2","Mummified Hand","Art of War","Strawberry","Regal Pillow","Mercury Hourglass","DollysMirror","Meat on the Bone","Philosopher\u0027s Stone","Omamori","Oddly Smooth Stone","Happy Flower","Orichalcum","Charon\u0027s Ashes","Centennial Puzzle","War Paint","Vajra","Prayer Wheel","Bottled Lightning","White Beast Statue","Gremlin Horn"],"acts_visited":["Exordium","TheCity","TheBeyond"],"potions_floor_usage":[50,50],"damage_taken":[{"damage":6.0,"enemies":"Jaw Worm","floor":1.0,"turns":3.0},{"damage":6.0,"enemies":"Cultist","floor":2.0,"turns":1.0},{"damage":0.0,"enemies":"Small Slimes","floor":3.0,"turns":1.0},{"damage":26.0,"enemies":"Exordium Thugs","floor":4.0,"turns":3.0},{"damage":10.0,"enemies":"Looter","floor":5.0,"turns":2.0},{"damage":0.0,"enemies":"3 Sentries","floor":6.0,"turns":1.0},{"damage":15.0,"enemies":"2 Fungi Beasts","floor":8.0,"turns":2.0},{"damage":34.0,"enemies":"Gremlin Nob","floor":11.0,"turns":5.0},{"damage":7.0,"enemies":"3 Louse","floor":12.0,"turns":5.0},{"damage":10.0,"enemies":"Lagavulin","floor":13.0,"turns":5.0},{"damage":9.0,"enemies":"Red Slaver","floor":14.0,"turns":3.0},{"damage":15.0,"enemies":"Slime Boss","floor":16.0,"turns":7.0},{"damage":28.0,"enemies":"Shell Parasite","floor":18.0,"turns":4.0},{"damage":16.0,"enemies":"Spheric Guardian","floor":20.0,"turns":3.0},{"damage":0.0,"enemies":"Snake Plant","floor":21.0,"turns":4.0},{"damage":21.0,"enemies":"Centurion and Healer","floor":22.0,"turns":4.0},{"damage":28.0,"enemies":"Book of Stabbing","floor":24.0,"turns":4.0},{"damage":6.0,"enemies":"Slavers","floor":28.0,"turns":1.0},{"damage":6.0,"enemies":"3 Cultists","floor":31.0,"turns":2.0},{"damage":12.0,"enemies":"Champ","floor":33.0,"turns":5.0},{"damage":27.0,"enemies":"3 Darklings","floor":35.0,"turns":4.0},{"damage":0.0,"enemies":"Orb Walker","floor":39.0,"turns":2.0},{"damage":0.0,"enemies":"Giant Head","floor":40.0,"turns":5.0},{"damage":1.0,"enemies":"Spire Growth","floor":41.0,"turns":3.0},{"damage":6.0,"enemies":"Mind Bloom Boss Battle","floor":44.0,"turns":2.0},{"damage":0,"enemies":"4 Shapes","floor":46,"turns":2},{"damage":6,"enemies":"Reptomancer","floor":47,"turns":1},{"damage":96,"enemies":"Time Eater","floor":50,"turns":6}],"seed_played":"7329645460642280970","potions_obtained":[{"floor":1.0,"key":"Energy Potion"},{"floor":2.0,"key":"FearPotion"},{"floor":3.0,"key":"ColorlessPotion"},{"floor":11.0,"key":"SkillPotion"},{"floor":12.0,"key":"BloodPotion"},{"floor":18.0,"key":"FearPotion"},{"floor":24.0,"key":"FairyPotion"},{"floor":44,"key":"Strength Potion"}],"is_trial":false,"path_per_floor":["M","M","M","M","M","E","?","M","T","R","E","M","E","M","R","B",null,"M","$","M","M","M","R","E","R","T","?","E","T","$","M","R","B",null,"M","$","$","$","M","E","M","?","T","?","?","M","E","?","R","B",null],"character_chosen":"IRONCLAD","items_purchased":["Letter Opener","Shrug It Off","Pummel","Molten Egg 2","Strange Spoon","Inflame+1","DollysMirror","Clothesline+1","Entrench+1","Inflame+1","Body Slam+1","Heavy Blade+1","Oddly Smooth Stone","Happy Flower","Seeing Red+1","Burning Pact+1","Madness+1","Iron Wave+1","Feel No Pain+1","Body Slam+1","Pommel Strike+1","Finesse+1"],"campfire_rested":6,"item_purchase_floors":[19,19,19,19,19,30,30,30,30,36,36,36,36,36,36,36,36,37,38,38,38,38],"current_hp_per_floor":[83,86,89,72,68,74,74,66,66,92,64,73,80,77,101,103,103,84,84,74,80,105,106,95,109,109,109,116,116,116,116,116,114,116,116,116,116,116,116,116,119,119,119,119,111,117,117,117,121,67],"gold":601,"neow_bonus":"","is_daily":true,"chose_seed":false,"campfire_upgraded":0,"win_rate":0.0,"timestamp":1608528381,"path_taken":["M","M","M","M","M","E","?","M","T","R","E","?","E","M","R","BOSS","M","$","M","M","M","R","E","R","T","?","E","?","$","M","R","BOSS","M","$","?","$","M","E","M","?","T","?","?","M","E","?","R","BOSS"],"items_purchased_type":["Relic","Card","Card","Relic","Relic","Card","Relic","Card","Card","Card","Card","Card","Relic","Relic","Card","Card","Card","Card","Card","Card","Card","Card"],"build_version":"2020-12-13","purchased_purges":2,"victory":true,"max_hp_per_floor":[83,86,89,92,92,92,92,92,92,92,92,98,101,101,101,103,103,106,106,106,106,106,106,109,109,109,109,116,116,116,116,116,116,116,116,116,116,116,116,116,119,119,119,119,121,121,121,121,121,121],"card_choices":[{"not_picked":["Uppercut","Inflame"],"picked":"Dark Embrace","floor":6.0},{"not_picked":["Clothesline","Sentinel"],"picked":"Seeing Red","floor":11.0},{"not_picked":["Twin Strike","Wild Strike"],"picked":"Inflame","floor":13.0},{"not_picked":["Exhume","Fiend Fire","Bludgeon"],"picked":"Singing Bowl","floor":16.0},{"not_picked":["Reckless Charge+1","Thunderclap+1"],"picked":"Body Slam+1","floor":24.0},{"not_picked":["Havoc+1","Rage+1"],"picked":"Clash+1","floor":28.0},{"not_picked":["Corruption+1","Fiend Fire+1"],"picked":"Juggernaut+1","floor":33.0},{"not_picked":["Whirlwind+1","Reckless Charge+1"],"picked":"Limit Break+1","floor":40.0},{"not_picked":["Blind+1","Enlightenment+1"],"picked":"Madness+1","floor":45},{"not_picked":["Good Instincts+1","Secret Technique+1","Secret Weapon+1"],"picked":"Singing Bowl","floor":45},{"not_picked":["Blind+1","Trip+1"],"picked":"Panacea+1","floor":45},{"not_picked":["Pommel Strike+1","Carnage+1"],"picked":"Armaments+1","floor":47}],"player_experience":847201,"relics_obtained":[{"floor":1.0,"key":"Bottled Flame"},{"floor":2.0,"key":"Pen Nib"},{"floor":3.0,"key":"Tiny Chest"},{"floor":4.0,"key":"Singing Bowl"},{"floor":5.0,"key":"MawBank"},{"floor":6.0,"key":"StoneCalendar"},{"floor":8.0,"key":"Anchor"},{"floor":9.0,"key":"Bag of Preparation"},{"floor":11.0,"key":"Torii"},{"floor":12.0,"key":"PreservedInsect"},{"floor":13.0,"key":"Bronze Scales"},{"floor":14.0,"key":"Juzu Bracelet"},{"floor":18.0,"key":"Ornamental Fan"},{"floor":20.0,"key":"Paper Frog"},{"floor":21.0,"key":"Frozen Egg 2"},{"floor":22.0,"key":"MealTicket"},{"floor":24.0,"key":"Toxic Egg 2"},{"floor":24.0,"key":"Mummified Hand"},{"floor":26.0,"key":"Art of War"},{"floor":28.0,"key":"Strawberry"},{"floor":28.0,"key":"Regal Pillow"},{"floor":29.0,"key":"Mercury Hourglass"},{"floor":31.0,"key":"Meat on the Bone"},{"floor":35.0,"key":"Omamori"},{"floor":39.0,"key":"Orichalcum"},{"floor":40.0,"key":"Charon\u0027s Ashes"},{"floor":40.0,"key":"Centennial Puzzle"},{"floor":41.0,"key":"War Paint"},{"floor":43.0,"key":"Vajra"},{"floor":44,"key":"Prayer Wheel"},{"floor":44,"key":"Bottled Lightning"},{"floor":47,"key":"White Beast Statue"},{"floor":47,"key":"Gremlin Horn"}],"event_choices":[{"damage_healed":0.0,"max_hp_gain":0.0,"max_hp_loss":0.0,"gold_gain":0.0,"event_name":"FaceTrader","player_choice":"Trade","floor":7.0,"gold_loss":0.0,"damage_taken":0.0,"relics_obtained":["SsserpentHead"]},{"damage_healed":0.0,"max_hp_gain":0.0,"max_hp_loss":0.0,"gold_gain":99.0,"event_name":"Nest","player_choice":"Stole From Cult","floor":27.0,"gold_loss":0.0,"damage_taken":0.0},{"damage_healed":0.0,"max_hp_gain":0.0,"max_hp_loss":0.0,"gold_gain":0.0,"event_name":"Match and Keep!","player_choice":"3 cards matched","floor":42.0,"gold_loss":0.0,"damage_taken":0.0,"cards_obtained":["Shrug It Off","Madness","Doubt"]},{"damage_healed":0.0,"max_hp_gain":0.0,"max_hp_loss":0.0,"gold_gain":0.0,"event_name":"MindBloom","player_choice":"Fight","floor":44.0,"gold_loss":0.0,"damage_taken":0.0},{"damage_healed":0,"gold_gain":0,"player_choice":"Memory 3","damage_taken":10,"max_hp_gain":0,"max_hp_loss":0,"event_name":"SensoryStone","floor":45,"gold_loss":0},{"damage_healed":0,"gold_gain":0,"player_choice":"Bought 0 Potions","damage_taken":0,"max_hp_gain":0,"max_hp_loss":0,"event_name":"The Woman in Blue","floor":48,"gold_loss":0}],"is_beta":false,"boss_relics":[{"not_picked":["Calling Bell","Runic Dome"],"picked":"Black Star"},{"not_picked":["Astrolabe","Runic Pyramid"],"picked":"Philosopher\u0027s Stone"}],"items_purged_floors":[19,36],"is_endless":false,"potions_floor_spawned":[1,2,3,11,12,18,24,33,44],"ascension_level":0}}