{"host":"agga6lej02o7kt08","time":1608572781,"event":{"mods":["Arknights The Spire","Aspiration","BaseMod","Better Third Choice","BetterRewards","Colored Map","Colored Powertips","Hubris","Minty Spire (QoL Compilation)","Replay The Spire","Spicy Shops","StSLib","¡¼?Úª?ø«¡½REMEMod"],"gold_per_floor":[128,128,160,160,160,205,105,159,159,195,247,247,284,319,319,444,444,501,530,585,585,638,713,713,767,767,767,821,821,851,481,481,598,598,660,660,700,700,755,808,855,855,855,855,929,696,766,823,823,919,919,919,1092,1101,1175],"floor_reached":56,"playtime":1693,"items_purged":["ats:Powerful Strike","ats:Powerful Strike","ats:Powerful Strike","ats:Defend Up","ats:Defend Up","ats:Armor Crushing Shot","ats:Defend Up+1"],"score":3552,"play_id":"74983ff2-4059-4628-a3e5-1352f12d4410","local_time":"20201222024621","is_ascension_mode":true,"campfire_choices":[{"data":"ats:Emotion Absorption","floor":12,"key":"SMITH"},{"data":"ats:Emotion Absorption","floor":15,"key":"SMITH"},{"floor":24,"key":"DIG"},{"floor":27,"key":"DIG"},{"floor":32,"key":"DIG"},{"floor":44,"key":"RECALL"},{"floor":49,"key":"DIG"}],"circlet_count":0,"master_deck":["AscendersBane","ats:Defend Up+1","ats:Emotion Absorption+1","ats:Emotion Absorption+1","ats:Very Hot Blade+1","ats:Echo Reverb+1","ats:Very Hot Blade+1","ats:Very Hot Blade+1","ats:Hook Shot+1","ats:Fate","REME_FirmDetermination"],"relics":["ats:Sanity","REME_ComplimentaryCards","Replay:Bottled Eggs","Shovel","aspiration:AnachronicSnailShell","FossilizedHelix","aspiration:SeaSaltIceCream","hubris:GlazedTorus","BargainBundle","Sling","Replay:Bandana","Prayer Wheel","ats:Arts","hubris:Spice","hubris:SlimyHat","ReplayTheSpireMod:Ninjato","Tiny Chest","aspiration:WatcherSkillbook","Red Mask","CeramicFish","Ornamental Fan","Bird Faced Urn","ReplayTheSpireMod:Lightbulb","ats:Rhine Circuitry","aspiration:Stabinomicon","HandDrill","Replay:Mystery Machine","TungstenRod","hubris:Stopwatch","Incense Burner","hubris:Towel","Golden Egg","aspiration:HiddenCompartment","War Paint","Singing Bowl","ats:Special","Replay:Baseball","ats:Originium","hubris:NiceRug","Blood Vial","ats:MaxSp3","ReplayTheSpireMod:ShopPack"],"acts_visited":["Exordium","TheCity","TheBeyond","TheEnding"],"potions_floor_usage":[16,55],"damage_taken":[{"damage":0,"enemies":"Small Slimes","floor":1,"turns":3},{"damage":0,"enemies":"Cultist","floor":3,"turns":2},{"damage":0,"enemies":"Lagavulin","floor":6,"turns":2},{"damage":0,"enemies":"Gremlin Nob","floor":8,"turns":1},{"damage":0,"enemies":"Jaw Worm","floor":10,"turns":2},{"damage":0,"enemies":"3 Sentries","floor":11,"turns":4},{"damage":0,"enemies":"Blue Slaver","floor":13,"turns":1},{"damage":0,"enemies":"2 Fungi Beasts","floor":14,"turns":1},{"damage":0,"enemies":"The Guardian","floor":16,"turns":1},{"damage":0,"enemies":"2 Thieves","floor":18,"turns":1},{"damage":0,"enemies":"Chosen","floor":19,"turns":2},{"damage":0,"enemies":"Masked Bandits","floor":20,"turns":2},{"damage":9,"enemies":"Slavers","floor":23,"turns":3},{"damage":0,"enemies":"Gremlin Leader","floor":25,"turns":2},{"damage":0,"enemies":"Book of Stabbing","floor":28,"turns":1},{"damage":0,"enemies":"Snecko","floor":30,"turns":1},{"damage":0,"enemies":"Champ","floor":33,"turns":1},{"damage":0,"enemies":"3 Darklings","floor":35,"turns":1},{"damage":0,"enemies":"3 Shapes","floor":37,"turns":2},{"damage":0,"enemies":"Transient","floor":39,"turns":2},{"damage":0,"enemies":"Nemesis","floor":40,"turns":1},{"damage":0,"enemies":"Giant Head","floor":45,"turns":1},{"damage":0,"enemies":"Reptomancer","floor":47,"turns":1},{"damage":0,"enemies":"Jaw Worm Horde","floor":48,"turns":1},{"damage":0,"enemies":"Awakened One","floor":50,"turns":2},{"damage":0,"enemies":"hubris:Merchant","floor":53,"turns":2},{"damage":0,"enemies":"The Heart","floor":55,"turns":3}],"seed_played":"-1818947598127548710","potions_obtained":[{"floor":13,"key":"BlessingOfTheForge"},{"floor":19,"key":"SmokeBomb"},{"floor":33,"key":"Ancient Potion"},{"floor":53,"key":"Elixir"}],"is_trial":false,"path_per_floor":["M","?","M","$","?","E","$","E","T","M","E","R","M","M","R","B",null,"M","M","?","?","T","E","R","E","T","R","E","?","M","$","R","B",null,"M","T","M","?","M","E","T","?","T","R","E","$","E","M","R","B",null,"R","$","E","B",null],"character_chosen":"DOCTOR_CLASS","items_purchased":["ats:Very Hot Blade","Replay:Bottled Eggs","aspiration:AnachronicSnailShell","aspiration:SeaSaltIceCream","ats:Echo Reverb","BargainBundle","Sling","Replay:Bandana","ats:Arts","hubris:SlimyHat","ats:Very Hot Blade","Elixir","ReplayTheSpireMod:Ninjato","HandDrill","Replay:Mystery Machine","ats:Special"],"campfire_rested":0,"item_purchase_floors":[0,0,0,0,0,0,0,0,0,0,0,0,4,31,31,46],"current_hp_per_floor":[31,31,31,3,3,3,3,3,3,3,3,3,3,3,3,3,61,61,61,61,38,38,29,29,31,31,31,31,26,28,28,28,28,71,73,73,77,77,81,83,83,83,83,83,87,87,89,93,101,101,101,101,91,95,95],"gold":1175,"neow_bonus":"","is_daily":false,"chose_seed":false,"campfire_upgraded":2,"win_rate":0.0,"timestamp":1608572781,"path_taken":["M","?","M","?","?","E","?","E","T","M","E","R","M","?","R","BOSS","M","M","?","?","?","E","R","E","T","R","E","?","M","$","R","BOSS","M","?","M","?","M","E","?","?","T","R","E","?","E","M","R","BOSS","R","$","E","BOSS"],"items_purchased_type":["Card","Relic","Relic","Relic","Card","Relic","Relic","Relic","Relic","Relic","Card","Potion","Relic","Relic","Relic","Relic"],"build_version":"2020-12-13","purchased_purges":7,"victory":true,"max_hp_per_floor":[80,80,80,80,80,80,80,80,80,80,80,80,80,80,80,80,80,80,80,80,85,85,85,85,85,85,85,85,85,85,85,85,85,85,85,85,85,85,85,85,85,85,85,85,87,87,89,93,101,101,101,101,91,95,95],"card_choices":[{"not_picked":["ats:Flexible Camouflage","ats:Assault Order","ats:Revitalization"],"picked":"SKIP","floor":1},{"not_picked":["ats:Thorns","ats:Flexible Camouflage","ats:Very Hot Blade"],"picked":"SKIP","floor":1},{"not_picked":["ats:Assault Order","ats:Thorns","ats:Poison Spread"],"picked":"SKIP","floor":3},{"not_picked":["ats:Support Order","ats:Blood Oath","ats:Consecutive Shot: Auto"],"picked":"SKIP","floor":3},{"not_picked":["ats:Flexible Camouflage","ats:Explosion Area Strengthen","ats:Thermite Blade"],"picked":"SKIP","floor":6},{"not_picked":["ats:Flexible Camouflage","ats:Explosion Area Strengthen","ats:Thermite Blade"],"picked":"SKIP","floor":6},{"not_picked":["ats:Flexible Camouflage","ats:Explosion Area Strengthen","ats:Thermite Blade"],"picked":"SKIP","floor":6},{"not_picked":["ats:Flexible Camouflage","ats:Explosion Area Strengthen","ats:Thermite Blade"],"picked":"SKIP","floor":6},{"not_picked":["ats:Shell Defense","ats:Assault Order","ats:Very Hot Blade"],"picked":"SKIP","floor":8},{"not_picked":["ats:Rapid Magazine","ats:Thorns","ats:Magnetic Hammer"],"picked":"SKIP","floor":10},{"not_picked":["ats:Cat Scratch","ats:Overload","ats:True Silver Slash"],"picked":"SKIP","floor":10},{"not_picked":["ats:Revitalization","ats:Cat Scratch","ats:Consecutive Shot: Auto"],"picked":"SKIP","floor":11},{"not_picked":["ats:Flexible Camouflage","ats:Revitalization","ats:Thermite Blade"],"picked":"SKIP","floor":13},{"not_picked":["ats:Support Order","ats:Very Hot Blade","ats:Rapid Magazine"],"picked":"SKIP","floor":13},{"not_picked":["ats:Poison Spread","ats:Explosion Area Strengthen","ats:Composite Medical Shells"],"picked":"SKIP","floor":14},{"not_picked":["ats:Consecutive Shot: Auto","ats:Shell Defense","ats:Sunburst"],"picked":"SKIP","floor":14},{"not_picked":["Replay:Anticipation+1","ats:Neurotoxin","EmptyBody","ats:Shell Defense"],"picked":"SKIP","floor":18},{"not_picked":["Meditate","ats:Very Hot Blade","Fasting2+1","ClearTheMind"],"picked":"SKIP","floor":18},{"not_picked":["Meditate","ats:Very Hot Blade","ClearTheMind"],"picked":"Fasting2+1","floor":18},{"not_picked":["Replay:Anticipation+1","ats:Neurotoxin","EmptyBody","ats:Shell Defense"],"picked":"SKIP","floor":18},{"not_picked":["ats:Rapid Magazine","Replay:AtTheReady","ats:Consecutive Shot: Auto","ats:Very Hot Blade"],"picked":"SKIP","floor":19},{"not_picked":["Pray+1","ats:Just Like an Apocalypse","ats:Assault Order","WheelKick"],"picked":"SKIP","floor":19},{"not_picked":["ForeignInfluence","ats:Revitalization","FollowUp","EmptyBody"],"picked":"SKIP","floor":23},{"not_picked":["WaveOfTheHand","ats:Composite Medical Shells","Replay:AllIn","FlurryOfBlows"],"picked":"SKIP","floor":25},{"not_picked":["JustLucky","Replay:Vibes+1","ats:Poison Spread","TalkToTheHand"],"picked":"SKIP","floor":28},{"not_picked":["Crescendo","Wallop","FollowUp","ats:Soul Rend"],"picked":"SKIP","floor":30},{"not_picked":["Halt+1","Evaluate","ats:Counter Healing Mode","SashWhip"],"picked":"SKIP","floor":30},{"not_picked":["Omniscience","Devotion","Replay:AllIn"],"picked":"ats:Fate","floor":33},{"not_picked":["Pray","Replay:BluntJabs+1","ats:Poison Spread+1","Replay:AtTheReady"],"picked":"SKIP","floor":35},{"not_picked":["ats:Encircling Forest","ats:Attack Strengthen+1","WindmillStrike","ats:Revitalization"],"picked":"SKIP","floor":35},{"not_picked":["ats:Revitalization","Halt","WreathOfFlame","BowlingBash"],"picked":"SKIP","floor":37},{"not_picked":["Swivel","ats:Composite Medical Shells","ats:Cat Scratch","DeceiveReality"],"picked":"SKIP","floor":37},{"not_picked":["REME_MusicOfDeath","ats:Flexible Camouflage","Replay:AtTheReady","PathToVictory"],"picked":"SKIP","floor":39},{"not_picked":["SashWhip+1","Replay:Anticipation","FollowUp","Nirvana+1"],"picked":"SKIP","floor":39},{"not_picked":["Replay:Hum","ats:Defend Order","DeceiveReality","Meditate"],"picked":"SKIP","floor":40},{"not_picked":["ats:Curse Doll","ats:Flexible Camouflage","ats:Nebulous Foxfire","InnerPeace"],"picked":"Singing Bowl","floor":45},{"not_picked":["BattleHymn","EmptyMind","ats:Cat Scratch+1","ForeignInfluence+1"],"picked":"Singing Bowl","floor":47},{"not_picked":["ats:Composite Medical Shells","ats:Shell Defense","Replay:Cycle","LikeWater"],"picked":"Singing Bowl","floor":48},{"not_picked":["Halt+1","BowlingBash","ats:Ignite+1","SignatureMove"],"picked":"Singing Bowl","floor":48},{"not_picked":["ats:True Silver Slash"],"picked":"Singing Bowl","floor":53},{"not_picked":["ats:Shell Defense"],"picked":"Singing Bowl","floor":53},{"not_picked":["WindmillStrike"],"picked":"Singing Bowl","floor":53},{"not_picked":["Swift Strike"],"picked":"Singing Bowl","floor":53},{"not_picked":["ats:Assault Order"],"picked":"Singing Bowl","floor":53},{"not_picked":["Adaptation"],"picked":"Singing Bowl","floor":53},{"not_picked":["Midas Touch"],"picked":"Singing Bowl","floor":53},{"not_picked":["Metamorphosis","Panache","Violence","REME_ProfessionalPlagiarism"],"picked":"Singing Bowl","floor":54},{"not_picked":["PanicButton","Jack Of All Trades","Dark Shackles"],"picked":"REME_FirmDetermination","floor":54},{"not_picked":["Replay:Parry","Dark Shackles","Mind Blast","Mayhem"],"picked":"Singing Bowl","floor":54}],"player_experience":807548,"relics_obtained":[{"floor":8,"key":"Tiny Chest"},{"floor":20,"key":"Red Mask"},{"floor":22,"key":"CeramicFish"},{"floor":23,"key":"Ornamental Fan"},{"floor":24,"key":"Bird Faced Urn"},{"floor":25,"key":"ReplayTheSpireMod:Lightbulb"},{"floor":27,"key":"ats:Rhine Circuitry"},{"floor":28,"key":"aspiration:Stabinomicon"},{"floor":32,"key":"TungstenRod"},{"floor":36,"key":"Incense Burner"},{"floor":40,"key":"Golden Egg"},{"floor":41,"key":"aspiration:HiddenCompartment"},{"floor":43,"key":"War Paint"},{"floor":45,"key":"Singing Bowl"},{"floor":47,"key":"Replay:Baseball"},{"floor":49,"key":"hubris:Spice"},{"floor":52,"key":"ats:Originium"},{"floor":53,"key":"Blood Vial"},{"floor":53,"key":"ats:MaxSp3"},{"floor":53,"key":"hubris:Spice"},{"floor":53,"key":"hubris:Spice"},{"floor":53,"key":"hubris:Spice"},{"floor":53,"key":"ReplayTheSpireMod:ShopPack"}],"event_choices":[{"damage_healed":0,"gold_gain":0,"cards_transformed":["ats:Defend Up"],"player_choice":"Transformed","damage_taken":0,"max_hp_gain":0,"max_hp_loss":0,"event_name":"Transmorgrifier","floor":2,"gold_loss":0,"cards_obtained":["ats:Hook Shot"]},{"damage_healed":0,"gold_gain":0,"player_choice":"Fought Bandits","damage_taken":0,"max_hp_gain":0,"max_hp_loss":0,"event_name":"Masked Bandits","floor":20,"gold_loss":0},{"damage_healed":0,"gold_gain":0,"player_choice":"Shed Blood","damage_taken":28,"max_hp_gain":5,"max_hp_loss":0,"event_name":"Forgotten Altar","floor":21,"gold_loss":0},{"damage_healed":0,"gold_gain":0,"player_choice":"Bought 0 Potions","damage_taken":0,"max_hp_gain":0,"max_hp_loss":0,"event_name":"The Woman in Blue","floor":29,"gold_loss":0},{"cards_removed":["Fasting2"],"damage_healed":0,"gold_gain":0,"player_choice":"Removed Power","damage_taken":0,"max_hp_gain":0,"max_hp_loss":0,"event_name":"Falling","floor":42,"gold_loss":0}],"is_beta":false,"boss_relics":[{"not_picked":["REME_DemonsWealth","Ectoplasm"],"picked":"aspiration:WatcherSkillbook"},{"not_picked":["hubris:Spice","Kintsugi"],"picked":"hubris:Stopwatch"}],"items_purged_floors":[0,4,4,7,31,46,53],"is_endless":false,"potions_floor_spawned":[11,13,14,19,23,30,33,37,45,47],"ascension_level":18}}