{"host":"zjc1tzo4ovig5lll","time":1608573058,"event":{"mods":["AchievementEnabler","Aspiration","BaseMod","Beaked The Cultist","Better Altar","Better Match","Better Note","Better Sensory Stone","Colored Map","Colored Powertips","Conspire","Energized Spire","Friendly Minions","GifTheSpireLib","Halation","Hermit","Hubris","Minty Spire (QoL Compilation)","Rare Cards Sparkle","Replay The Spire","Spikes Relics","StSLib","Stuff the Spire","The Bug Knight","The Construct","The Jungle","The Servant 0.9.4","everything is the same but u backflip on backflip","vexMod"],"gold_per_floor":[210,57,71,81,81,110,110,110,184,30,45,65,65,65,65,65,65],"floor_reached":16,"playtime":566,"items_purged":[],"score":100,"play_id":"fb9b2cfa-2d72-4c6c-b883-89fc18adedeb","local_time":"20201221195058","is_ascension_mode":false,"campfire_choices":[{"floor":8,"key":"REST"},{"floor":15,"key":"REST"}],"circlet_count":0,"master_deck":["Strike_B","Strike_B","Strike_B","Strike_B","Defend_B","Defend_B","Defend_B","Defend_B","Zap","Dualcast","Self Repair","BasicCrystalCard"],"relics":["Cracked Core","Happy Flower","Ancient Tea Set","Replay:Multitool","Singing Bowl","StuffTheSpire:SapphireSignet","Geode"],"acts_visited":["Exordium"],"potions_floor_usage":[6],"damage_taken":[{"damage":10,"enemies":"2 Louse","floor":1,"turns":3},{"damage":3,"enemies":"Jaw Worm","floor":3,"turns":3},{"damage":1,"enemies":"Cultist","floor":4,"turns":3},{"damage":44,"enemies":"3 Sentries","floor":6,"turns":9},{"damage":7,"enemies":"Blue Slaver","floor":11,"turns":3},{"damage":20,"enemies":"Exordium Wildlife","floor":12,"turns":5},{"damage":69,"enemies":"Fading Forest","floor":16,"turns":8}],"seed_played":"9057987155577048436","potions_obtained":[{"floor":4,"key":"Dexterity Potion"}],"is_trial":false,"path_per_floor":["M","$","M","M","?","E","T","R","T","$","M","M","?","$","R","B"],"character_chosen":"DEFECT","items_purchased":["Happy Flower","Geode"],"campfire_rested":2,"item_purchase_floors":[2,10],"current_hp_per_floor":[65,65,69,75,50,13,13,35,35,35,37,26,26,26,49,0,0],"gold":65,"neow_bonus":"HUNDRED_GOLD","is_daily":false,"chose_seed":false,"campfire_upgraded":0,"win_rate":0.0,"timestamp":1608573058,"path_taken":["M","$","M","M","?","E","?","R","T","$","M","?","?","$","R","BOSS"],"items_purchased_type":["Relic","Relic"],"build_version":"2020-12-13","purchased_purges":0,"victory":false,"max_hp_per_floor":[75,75,75,75,75,75,75,75,75,75,77,79,79,79,79,79,79],"card_choices":[{"not_picked":["Turbo","Force Field"],"picked":"Self Repair","floor":1},{"not_picked":["Stack","conspire:SharedLibrary"],"picked":"BasicCrystalCard","floor":3},{"not_picked":["Doom and Gloom","StuffTheSpire:Plugnplay","Auto Shields"],"picked":"SKIP","floor":4},{"not_picked":["Panic Button","Rebound","Static Discharge"],"picked":"SKIP","floor":6},{"not_picked":["Amplify","Fusion","Ball Lightning"],"picked":"Singing Bowl","floor":11},{"not_picked":["Ball Lightning","StuffTheSpire:Plugnplay","StuffTheSpire:LoadUp"],"picked":"Singing Bowl","floor":12}],"player_experience":568377,"relics_obtained":[{"floor":6,"key":"Replay:Multitool"},{"floor":7,"key":"Singing Bowl"},{"floor":9,"key":"StuffTheSpire:SapphireSignet"}],"event_choices":[{"damage_healed":0,"gold_gain":0,"player_choice":"Success","damage_taken":25,"relics_obtained":["Ancient Tea Set"],"max_hp_gain":0,"max_hp_loss":0,"event_name":"Scrap Ooze","floor":5,"gold_loss":0}],"is_beta":false,"boss_relics":[],"items_purged_floors":[],"is_endless":false,"potions_floor_spawned":[4,11,12],"killed_by":"Fading Forest","ascension_level":0}}