{"host":"njruw0b0uprlitpx","time":1608516987,"event":{"mods":["2.2 Compatiblity","BaseMod","Better Altar","Better Match","Better Note","Better Sensory Stone","Better Skull","Better Third Choice","Block Reminder","Colored Map","Colored Powertips","Downfall","Energized Spire","Jedi Mod","Keyboard Shortcuts","Minty Spire (QoL Compilation)","Quick Restart","Relic Stats","Replay The Spire","SacredBarkPlus","Spicy Shops","StSLib","SuperFastMode"],"gold_per_floor":[99,144,144,178,192,117,140,65,94,94,32,51,69,79,90,193,193,193,205,15,115,115,115],"floor_reached":22,"playtime":1306,"items_purged":[],"score":230,"play_id":"907fdccb-ea7c-439f-b303-b8341078b376","local_time":"20201220201627","is_ascension_mode":true,"campfire_choices":[{"floor":1,"key":"RECALL"},{"floor":6,"key":"REST"},{"data":"champ:StanceDance","floor":8,"key":"SMITH"},{"data":"champ:HeartStrike","floor":10,"key":"SMITH"},{"data":"champ:GladiatorStyle","floor":18,"key":"SMITH"}],"circlet_count":0,"master_deck":["champ:Strike","champ:Strike","champ:Strike","champ:Defend","champ:Defend","champ:Defend","champ:Defend","champ:Execute","champ:Taunt","champ:DancingMaster","champ:ArenaPreparation","champ:StanceDance+1","champ:BringItOn","champ:Lariat","champ:HeartStrike+1","champ:Control","champ:GladiatorStyle+1","champ:Haymaker","champ:BladeFlurry","champ:CrownThrow","champ:CheapShot","champ:PerfectedStrike","champ:DeathBlow","champ:FanOfKnives","champ:Backstep+1","champ:EnchantCrown","champ:GutPunch","champ:BladeFlurry","Decay","champ:Taunt","Deep Breath"],"relics":["champ:ChampionCrown","Question Card","Replay:Baseball","downfall:HeartBlessingRed","downfall:HeartBlessingBlue","Smiling Mask","energizedSpire:RedRose","Membership Card","downfall:GremlinSack"],"acts_visited":["Exordium","TheCity"],"potions_floor_usage":[16,20,20,22],"damage_taken":[{"damage":44,"enemies":"Gremlin Nob","floor":4,"turns":5},{"damage":22,"enemies":"Jaw Worm","floor":5,"turns":4},{"damage":29,"enemies":"3 Sentries","floor":9,"turns":10},{"damage":31,"enemies":"downfall:FleeingMerchant","floor":11,"turns":4},{"damage":0,"enemies":"2 Louse","floor":12,"turns":2},{"damage":5,"enemies":"Cultist","floor":13,"turns":3},{"damage":25,"enemies":"Gremlin Gang","floor":14,"turns":6},{"damage":14,"enemies":"Lots of Slimes","floor":15,"turns":4},{"damage":34,"enemies":"downfall:Watcher","floor":16,"turns":4},{"damage":22,"enemies":"Shell Parasite","floor":19,"turns":4},{"damage":40,"enemies":"downfall:FleeingMerchant","floor":20,"turns":5},{"damage":51,"enemies":"downfall:FleeingMerchant","floor":21,"turns":4},{"damage":51,"enemies":"Gremlin Leader","floor":22,"turns":4}],"seed_played":"6825770212809396142","potions_obtained":[{"floor":4,"key":"Milkshake"},{"floor":5,"key":"champ:OpenerPotion"},{"floor":16,"key":"Toxic Potion"},{"floor":19,"key":"FearPotion"},{"floor":21,"key":"LiquidMemories"}],"is_trial":false,"path_per_floor":["R","?","?","E","M","R","T","R","E","R","$","M","M","M","M","B",null,"R","M","$","?","E"],"character_chosen":"THE_CHAMP","items_purchased":["champ:Haymaker","Membership Card","champ:FanOfKnives"],"campfire_rested":1,"item_purchase_floors":[11,20,20],"current_hp_per_floor":[90,90,90,59,59,86,86,96,82,82,82,82,82,76,76,68,100,100,92,79,51,0,0],"gold":115,"neow_bonus":"ONE_RANDOM_RARE_CARD","is_daily":false,"chose_seed":false,"campfire_upgraded":3,"win_rate":0.0,"timestamp":1608516987,"path_taken":["R","?","?","E","?","R","T","R","E","R","$","M","?","?","M","BOSS","R","M","$","?","E"],"items_purchased_type":["Card","Relic","Card"],"build_version":"2020-12-13","purchased_purges":0,"victory":false,"max_hp_per_floor":[90,90,90,90,90,90,90,100,100,100,100,100,100,100,100,100,100,100,100,100,100,100,100],"relic_stats":{"counters":[13,59],"Question Card":12,"Smiling Mask":0,"obtain_stats":[{"energizedSpire:RedRose":17,"Replay:Baseball":4,"downfall:HeartBlessingRed":6,"downfall:GremlinSack":21,"downfall:HeartBlessingBlue":8,"champ:ChampionCrown":0,"Membership Card":20,"Question Card":2,"Smiling Mask":9},{"energizedSpire:RedRose":9,"Replay:Baseball":1,"downfall:HeartBlessingRed":2,"downfall:GremlinSack":12,"downfall:HeartBlessingBlue":2,"champ:ChampionCrown":0,"Membership Card":11,"Question Card":0,"Smiling Mask":3},{"energizedSpire:RedRose":42,"Replay:Baseball":5,"downfall:HeartBlessingRed":9,"downfall:GremlinSack":55,"downfall:HeartBlessingBlue":9,"champ:ChampionCrown":0,"Membership Card":51,"Question Card":0,"Smiling Mask":19}]},"card_choices":[{"not_picked":["champ:Riposte","champ:EnGarde"],"picked":"champ:ArenaPreparation","floor":2},{"not_picked":["champ:ViciousMockery","champ:EnGarde"],"picked":"champ:StanceDance","floor":2},{"not_picked":["champ:RisingSlash","champ:ShieldSigil","champ:TornadoPunch"],"picked":"champ:Lariat","floor":4},{"not_picked":["champ:CalledShot","champ:StanceDance","champ:BerserkersShout"],"picked":"champ:HeartStrike","floor":5},{"not_picked":["champ:Backstep","champ:FightOn","champ:Circumvent"],"picked":"champ:Control","floor":9},{"not_picked":["champ:Balance","champ:Duel","champ:BerserkersShout"],"picked":"champ:GladiatorStyle","floor":11},{"not_picked":["champ:Backstep","champ:SwordSigil","champ:ShieldSigil"],"picked":"champ:BladeFlurry","floor":12},{"not_picked":["champ:FalseCounter","champ:TornadoPunch","champ:Lariat","champ:BladeFlurry"],"picked":"SKIP","floor":13},{"not_picked":["champ:GutPunch","champ:StanceDance","champ:SwordSigil"],"picked":"champ:CrownThrow","floor":14},{"not_picked":["champ:TornadoPunch","champ:EnGarde","champ:FlashCut","champ:FocusedDefense"],"picked":"SKIP","floor":15},{"not_picked":["champ:EnchantSword","champ:HeavySlash","champ:ShieldSlam"],"picked":"champ:CheapShot","floor":16},{"not_picked":["champ:HeartStrike","champ:RageSigil","champ:BerserkerStyle"],"picked":"champ:PerfectedStrike","floor":19},{"not_picked":["champ:AdrenalArmor","champ:RageSigil","champ:TornadoPunch"],"picked":"champ:DeathBlow","floor":20},{"not_picked":["champ:FlashCut","champ:TornadoPunch+1","champ:BerserkersShout"],"picked":"champ:Backstep+1","floor":21}],"player_experience":1380259,"relics_obtained":[{"floor":2,"key":"Question Card"},{"floor":4,"key":"Replay:Baseball"},{"floor":9,"key":"Smiling Mask"},{"floor":21,"key":"downfall:GremlinSack"}],"event_choices":[{"damage_healed":0,"gold_gain":0,"cards_transformed":["champ:Strike"],"player_choice":"Transformed","damage_taken":0,"max_hp_gain":0,"max_hp_loss":0,"event_name":"Transmorgrifier","floor":3,"gold_loss":0,"cards_obtained":["champ:BringItOn"]}],"is_beta":false,"boss_relics":[{"not_picked":["Philosopher\u0027s Stone","energizedSpire:NeverEndingSparkler"],"picked":"energizedSpire:RedRose"}],"items_purged_floors":[],"is_endless":false,"potions_floor_spawned":[4,5,16,19,21],"killed_by":"Gremlin Leader","ascension_level":4}}