{"host":"avjwtc49fhlk6kym","time":1608583055,"event":{"mods":["AchievementEnabler","BaseMod","Better Match","Better Note","Better Third Choice","Colored Map","Colored Powertips","Displayed Cursed Tome","Highlight Path","Minty Spire (QoL Compilation)","Permanent Neow","Quick Restart","StSLib"],"gold_per_floor":[113,133,133,152,167,167,202,216,240,240,256,256,283,36,36,136,136,149,161,161,171,182,182,182,182,182,182,182,182],"floor_reached":28,"playtime":1238,"items_purged":[],"score":280,"play_id":"0c1d18a2-9bcf-4536-800c-8245a76f5553","local_time":"20201221153735","is_ascension_mode":false,"campfire_choices":[{"data":"WheelKick","floor":6.0,"key":"SMITH"},{"floor":10.0,"key":"REST"},{"floor":12.0,"key":"REST"},{"floor":15.0,"key":"REST"},{"data":"ForeignInfluence","floor":23,"key":"SMITH"},{"data":"CrushJoints","floor":25,"key":"SMITH"}],"circlet_count":0,"master_deck":["Strike_P","Strike_P","Strike_P","Strike_P","Defend_P","Defend_P","Eruption+1","Vigilance","Devotion+1","WheelKick+1","FlurryOfBlows+1","CutThroughFate","ForeignInfluence+1","Pray","LikeWater","Wireheading+1","LessonLearned","InnerPeace","CrushJoints+1","BowlingBash","InnerPeace"],"relics":["PureWater","The Courier","Juzu Bracelet","Sling","Empty Cage","Gambling Chip"],"acts_visited":["Exordium","TheCity"],"potions_floor_usage":[21,28],"damage_taken":[{"damage":0.0,"enemies":"Small Slimes","floor":1.0,"turns":4.0},{"damage":5.0,"enemies":"Cultist","floor":2.0,"turns":4.0},{"damage":1.0,"enemies":"2 Louse","floor":4.0,"turns":3.0},{"damage":24.0,"enemies":"Gremlin Gang","floor":5.0,"turns":4.0},{"damage":13.0,"enemies":"Lagavulin","floor":7.0,"turns":6.0},{"damage":16.0,"enemies":"Exordium Thugs","floor":8.0,"turns":6.0},{"damage":14.0,"enemies":"Exordium Wildlife","floor":11.0,"turns":3.0},{"damage":23.0,"enemies":"3 Sentries","floor":13.0,"turns":6.0},{"damage":0.0,"enemies":"Slime Boss","floor":16.0,"turns":4.0},{"damage":19.0,"enemies":"Shell Parasite","floor":18.0,"turns":5.0},{"damage":41.0,"enemies":"3 Byrds","floor":19.0,"turns":5.0},{"damage":9,"enemies":"Centurion and Healer","floor":21,"turns":4},{"damage":10,"enemies":"Snecko","floor":22,"turns":3},{"damage":28,"enemies":"Colosseum Slavers","floor":27,"turns":4},{"damage":29,"enemies":"Shelled Parasite and Fungi","floor":28,"turns":2}],"seed_played":"-2553005637081635953","potions_obtained":[{"floor":4.0,"key":"LiquidMemories"},{"floor":5.0,"key":"SpeedPotion"},{"floor":13.0,"key":"BottledMiracle"},{"floor":16.0,"key":"DuplicationPotion"},{"floor":19.0,"key":"Dexterity Potion"},{"floor":22,"key":"Explosive Potion"}],"is_trial":false,"path_per_floor":["M","M","?","M","M","R","E","M","T","R","M","R","E","$","R","B",null,"M","M","?","M","M","R","?","R","T","?","M"],"character_chosen":"WATCHER","items_purchased":["Sling","LikeWater","Wireheading"],"campfire_rested":3,"item_purchase_floors":[14,14,14],"current_hp_per_floor":[72,67,67,66,42,42,29,13,13,34,20,41,18,18,39,39,72,53,12,72,63,53,53,53,53,53,25,0,0],"gold":182,"neow_bonus":"ONE_RANDOM_RARE_CARD","is_daily":false,"chose_seed":false,"campfire_upgraded":3,"win_rate":0.0,"timestamp":1608583055,"path_taken":["M","M","?","M","M","R","E","M","T","R","M","R","E","?","R","BOSS","M","M","?","M","M","R","?","R","T","?","M"],"items_purchased_type":["Relic","Card","Card"],"build_version":"2020-12-13","purchased_purges":0,"victory":false,"max_hp_per_floor":[72,72,72,72,72,72,72,72,72,72,72,72,72,72,72,72,72,72,72,72,72,72,72,72,72,72,72,72,72],"card_choices":[{"not_picked":["EmptyFist","WreathOfFlame"],"picked":"WheelKick","floor":1.0},{"not_picked":["ClearTheMind","Crescendo","Weave"],"picked":"SKIP","floor":2.0},{"not_picked":["Vengeance","EmptyBody"],"picked":"WindmillStrike","floor":4.0},{"not_picked":["SpiritShield","Protect"],"picked":"FlurryOfBlows","floor":5.0},{"not_picked":["MentalFortress","Protect"],"picked":"CutThroughFate","floor":7.0},{"not_picked":["JustLucky","Sanctity"],"picked":"ForeignInfluence","floor":8.0},{"not_picked":["EmptyBody","WaveOfTheHand"],"picked":"Pray","floor":11.0},{"not_picked":["Alpha","EmptyFist","SashWhip"],"picked":"SKIP","floor":13.0},{"not_picked":["Scrawl","Omniscience"],"picked":"LessonLearned","floor":16.0},{"not_picked":["ThirdEye+1","Adaptation"],"picked":"InnerPeace","floor":18.0},{"not_picked":["MentalFortress","EmptyBody"],"picked":"CrushJoints","floor":19.0},{"not_picked":["EmptyFist","WreathOfFlame"],"picked":"BowlingBash","floor":21},{"not_picked":["Crescendo+1","Perseverance"],"picked":"InnerPeace","floor":22}],"player_experience":351284,"relics_obtained":[{"floor":7.0,"key":"The Courier"},{"floor":13.0,"key":"Juzu Bracelet"},{"floor":26,"key":"Gambling Chip"}],"event_choices":[{"damage_healed":0.0,"max_hp_gain":0.0,"max_hp_loss":0.0,"gold_gain":0.0,"event_name":"Accursed Blacksmith","player_choice":"Forge","floor":3.0,"gold_loss":0.0,"damage_taken":0.0,"cards_upgraded":["Eruption"]},{"cards_removed":["WindmillStrike"],"damage_healed":60.0,"max_hp_gain":0.0,"max_hp_loss":0.0,"gold_gain":0.0,"event_name":"Bonfire Elementals","player_choice":"Offered Uncommon","floor":20.0,"gold_loss":0.0,"damage_taken":0.0},{"cards_removed":["Strike_P"],"damage_healed":0,"gold_gain":0,"player_choice":"Give","damage_taken":0,"max_hp_gain":0,"max_hp_loss":0,"event_name":"betterNote:BetterNote","floor":24,"gold_loss":0,"cards_obtained":["Decay"]},{"damage_healed":0,"gold_gain":0,"player_choice":"Fight","damage_taken":0,"max_hp_gain":0,"max_hp_loss":0,"event_name":"Colosseum","floor":27,"gold_loss":0},{"damage_healed":0,"gold_gain":0,"player_choice":"Fled From Nobs","damage_taken":0,"max_hp_gain":0,"max_hp_loss":0,"event_name":"Colosseum","floor":27,"gold_loss":0}],"is_beta":false,"boss_relics":[{"not_picked":["Busted Crown","Runic Dome"],"picked":"Empty Cage"}],"items_purged_floors":[],"is_endless":false,"potions_floor_spawned":[4,5,13,16,19,22,27],"killed_by":"Shelled Parasite and Fungi","ascension_level":0}}