{"host":"uceopoba4zvqsgiy","time":1608510389,"event":{"mods":["Act Like it!","BaseMod","Better Skull","Better Third Choice","Elementarium","GifTheSpireLib","Hermit","Humility","Infinite Spire","Jorbs\u0027s Wanderer Trilogy","Marked Mod","Minty Spire (QoL Compilation)","Potionbrewer","Replay The Spire","Robot Space Explorer","Shade Mod","Spicy Shops","StSLib","Stuff the Spire","The Blue Laboratory","The Cursed","The Dragon Tamer","The Hierophant","The Judge","The Jungle","Wandering Minibosses"],"gold_per_floor":[110,110,121,23,33,67,84,84,84,149,149,174,187,187,187,290,340,355,355,355,355,366,366,366],"floor_reached":23,"playtime":1952,"items_purged":[],"score":209,"play_id":"6fdae10e-a3af-4363-8842-beecea5601b5","local_time":"20201221105629","is_ascension_mode":true,"campfire_choices":[{"floor":11,"key":"REST"},{"floor":15,"key":"REST"}],"circlet_count":0,"master_deck":["Strike_R","Strike_R","Strike_R+1","Strike_R","Defend_R","Defend_R","Defend_R","Defend_R","Bash","Rampage","Metallicize","Voices","Regret","StuffTheSpire:BloodClot","Juggernaut","Life Link","Metallicize","StuffTheSpire:BloodClot","Demon Form","Wild Strike","Demonic Infusion","CurseOfTheBell","Feel No Pain+1"],"relics":["Burning Blood","NeowsBlessing","ReplayTheSpireMod:CursedCoin","StuffTheSpire:DullRazor","Replay:WaspNest","Kunai","Quantum Egg","ReplayTheSpireMod:TigerMarble","Darkstone Periapt","Art of War","Tiny House","betterThird:NestCultRelic","Calling Bell","StuffTheSpire:Experiment12","StrikeDummy","Bird Faced Urn","SsserpentHead"],"acts_visited":["Exordium","TheCity"],"potions_floor_usage":[7,10,18,23],"damage_taken":[{"damage":0,"enemies":"2 Louse","floor":1,"turns":1},{"damage":0,"enemies":"Cultist","floor":3,"turns":1},{"damage":0,"enemies":"Small Slimes","floor":5,"turns":1},{"damage":45,"enemies":"3 Sentries","floor":6,"turns":6},{"damage":18,"enemies":"Exordium Wildlife","floor":7,"turns":6},{"damage":19,"enemies":"Lagavulin Event","floor":10,"turns":5},{"damage":8,"enemies":"Replay:BlueRogue","floor":12,"turns":7},{"damage":5,"enemies":"Looter","floor":13,"turns":3},{"damage":11,"enemies":"Hexaghost","floor":16,"turns":7},{"damage":29,"enemies":"Spheric Guardian","floor":18,"turns":6},{"damage":17,"enemies":"2 Thieves","floor":22,"turns":3},{"damage":61,"enemies":"Gremlin Leader","floor":23,"turns":3}],"seed_played":"5262154498859931865","potions_obtained":[{"floor":6,"key":"Explosive Potion"},{"floor":7,"key":"blueLaboratory:EnragingPotion"},{"floor":13,"key":"blueLaboratory:PolymorphPotion"},{"floor":16,"key":"potionbrewer:BarricadePotion"},{"floor":17,"key":"blueLaboratory:BubblePotion"},{"floor":22,"key":"blueLaboratory:FruitPunch"}],"is_trial":false,"path_per_floor":["M","?","M","$","M","E","M","T","T","?","R","E","M","?","R","B",null,"M","?","AVR","?","M","E"],"character_chosen":"IRONCLAD","items_purchased":["ReplayTheSpireMod:CursedCoin","StuffTheSpire:DullRazor","Replay:WaspNest"],"campfire_rested":2,"item_purchase_floors":[4,4,4],"current_hp_per_floor":[80,73,79,79,80,41,29,29,29,16,40,38,39,39,63,58,85,62,62,68,68,59,0,0],"gold":366,"neow_bonus":"THREE_ENEMY_KILL","is_daily":false,"chose_seed":false,"campfire_upgraded":0,"win_rate":0.0,"timestamp":1608510389,"path_taken":["M","?","M","$","M","E","M","?","T","?","R","E","?","?","R","BOSS","M","?","AVR","?","M","E"],"items_purchased_type":["Relic","Relic","Relic"],"build_version":"2020-12-13","purchased_purges":0,"victory":false,"max_hp_per_floor":[80,80,80,80,80,80,80,80,80,80,80,80,80,80,80,80,85,85,85,91,91,91,93,93],"card_choices":[{"not_picked":["Reckless Charge","Bloodletting"],"picked":"Rampage","floor":1},{"not_picked":["Sever Soul","Twin Strike"],"picked":"Metallicize","floor":3},{"not_picked":["Clash","True Grit"],"picked":"StuffTheSpire:BloodClot","floor":5},{"not_picked":["Rampage","Disarm"],"picked":"Juggernaut","floor":6},{"not_picked":["Shrug It Off","Dark Embrace"],"picked":"Life Link","floor":7},{"not_picked":["StuffTheSpire:RockThrow","Clothesline"],"picked":"Metallicize","floor":10},{"not_picked":["Heavy Blade","Second Wind","StuffTheSpire:Slingshot"],"picked":"SKIP","floor":12},{"not_picked":["Warcry","ReplayTheSpireMod:Stacked"],"picked":"StuffTheSpire:BloodClot","floor":13},{"not_picked":["Hemogenesis","Immolate"],"picked":"Demon Form","floor":16},{"not_picked":["Twin Strike","StuffTheSpire:RockThrow"],"picked":"Wild Strike","floor":17},{"not_picked":["Replay:Undeath\u0027s Touch","Inflame"],"picked":"Demonic Infusion","floor":18},{"not_picked":["Havoc","StuffTheSpire:RockThrow"],"picked":"Feel No Pain+1","floor":22}],"player_experience":1553431,"relics_obtained":[{"floor":6,"key":"Kunai"},{"floor":8,"key":"Quantum Egg"},{"floor":9,"key":"ReplayTheSpireMod:TigerMarble"},{"floor":12,"key":"Art of War"},{"floor":20,"key":"StuffTheSpire:Experiment12"},{"floor":20,"key":"StrikeDummy"},{"floor":20,"key":"Bird Faced Urn"}],"event_choices":[{"cards_removed":["Strike_R"],"damage_healed":0,"gold_gain":0,"player_choice":"Card Removal","damage_taken":7,"max_hp_gain":0,"max_hp_loss":0,"event_name":"Golden Wing","floor":2,"gold_loss":0},{"damage_healed":0,"gold_gain":30,"player_choice":"Searched \u00273\u0027 times","damage_taken":0,"relics_obtained":["Darkstone Periapt"],"max_hp_gain":0,"max_hp_loss":0,"event_name":"Dead Adventurer","floor":10,"gold_loss":0},{"damage_healed":0,"gold_gain":0,"player_choice":"Madness","damage_taken":0,"relics_obtained":["betterThird:NestCultRelic"],"max_hp_gain":0,"max_hp_loss":0,"event_name":"betterThird:BetterNest","floor":19,"gold_loss":0},{"damage_healed":0,"gold_gain":0,"player_choice":"Trade","damage_taken":0,"relics_obtained":["SsserpentHead"],"max_hp_gain":0,"max_hp_loss":0,"event_name":"FaceTrader","floor":21,"gold_loss":0}],"is_beta":false,"boss_relics":[{"not_picked":["Snecko Eye","ReplayTheSpireMod:DimensionalGlitch"],"picked":"Tiny House"}],"items_purged_floors":[],"is_endless":false,"potions_floor_spawned":[6,7,13,16,22],"killed_by":"Gremlin Leader","ascension_level":1}}