{"host":"hjw1ay65n7jm40lc","time":1608513136,"event":{"mods":["AchievementEnabler","BaseMod","Block Reminder","Colored Map","Colored Powertips","Downfall","Googly Eyes","Highlight Path","Minty Spire (QoL Compilation)","Quick Restart","Relic Stats","StSLib"],"gold_per_floor":[349,361,52,52,2,2,26,36,63,63,82,97,97,82,94,189,189,189,189,224,17,45,64,64,64,64,64],"floor_reached":26,"playtime":2607,"items_purged":["Slimebound:Strike_Slimebound","Writhe"],"score":254,"play_id":"f80136b8-31ac-42e6-b95e-c91de709a5fe","local_time":"20201220201216","is_ascension_mode":true,"campfire_choices":[{"data":"Slimebound:Split","floor":1,"key":"SMITH"},{"data":"Slimebound:LeechLife","floor":4,"key":"SMITH"},{"data":"Slimebound:Teamwork","floor":6,"key":"SMITH"},{"data":"Slimebound:Gluttony","floor":10,"key":"SMITH"},{"data":"Slimebound:SelfFormingGoo","floor":18,"key":"SMITH"},{"data":"Slimebound:Equalize","floor":25,"key":"SMITH"}],"circlet_count":0,"master_deck":["Slimebound:Strike_Slimebound","Slimebound:Strike_Slimebound","Slimebound:Tackle","Slimebound:Defend_Slimebound","Slimebound:Defend_Slimebound","Slimebound:Defend_Slimebound","Slimebound:Defend_Slimebound","Slimebound:Split+1","Slimebound:CorrosiveSpit","Slimebound:LivingWall","Slimebound:SlimeTap","Slimebound:Teamwork+1","Slimebound:LeechLife+1","Slimebound:Gluttony+1","Slimebound:LevelUp","Slimebound:SlimeBarrage","Slimebound:Equalize+1","Slimebound:SplitLeeching","Slimebound:SplitBruiser","Slimebound:SelfFormingGoo+1","Slimebound:Prepare+1","Slimebound:LevelUp","Slimebound:SplitBruiser+1","Slimebound:LevelUp","Slimebound:SlimeBrawl+1"],"relics":["Slimebound:AbsorbEndCombat","Lantern","Mercury Hourglass","Slimebound:TarBlob","Toxic Egg 2","Slimebound:MaxSlimesRelic","Calipers","Thread and Needle"],"acts_visited":["Exordium","TheCity"],"potions_floor_usage":[15,20,21,26],"damage_taken":[{"damage":8,"enemies":"Cultist","floor":2,"turns":3},{"damage":11,"enemies":"downfall:FleeingMerchant","floor":3,"turns":4},{"damage":16,"enemies":"downfall:FleeingMerchant","floor":5,"turns":4},{"damage":8,"enemies":"2 Louse","floor":8,"turns":2},{"damage":24,"enemies":"3 Sentries","floor":9,"turns":9},{"damage":19,"enemies":"Jaw Worm","floor":11,"turns":2},{"damage":10,"enemies":"Exordium Wildlife","floor":12,"turns":3},{"damage":16,"enemies":"downfall:FleeingMerchant","floor":14,"turns":4},{"damage":18,"enemies":"Exordium Thugs","floor":15,"turns":3},{"damage":44,"enemies":"downfall:Ironclad","floor":16,"turns":6},{"damage":61,"enemies":"Slavers","floor":20,"turns":5},{"damage":31,"enemies":"downfall:FleeingMerchant","floor":21,"turns":4},{"damage":45,"enemies":"Book of Stabbing","floor":22,"turns":6},{"damage":25,"enemies":"Shell Parasite","floor":23,"turns":3},{"damage":35,"enemies":"Slavers","floor":26,"turns":1}],"seed_played":"-3807967980380920471","potions_obtained":[{"floor":2,"key":"SpeedPotion"},{"floor":9,"key":"Guardian:BlockOnCardUsePotion"},{"floor":12,"key":"Slimebound:SlimyTonguePotion"},{"floor":16,"key":"hexamod:EctoCoolerPotion"},{"floor":22,"key":"BlessingOfTheForge"}],"is_trial":false,"path_per_floor":["R","M","$","R","$","R","T","M","E","R","M","M","?","$","M","B",null,"R","?","E","$","E","M","T","R","E"],"character_chosen":"SLIMEBOUND","items_purchased":["Slimebound:Teamwork","Slimebound:LeechLife","Slimebound:LevelUp","Slimebound:LevelUp","Slimebound:SplitBruiser+1"],"campfire_rested":0,"item_purchase_floors":[3,3,5,21,21],"current_hp_per_floor":[42,46,47,47,51,51,51,59,51,51,50,54,59,61,55,65,65,65,65,34,39,24,29,29,29,0,0],"gold":64,"neow_bonus":"TWO_FIFTY_GOLD","is_daily":false,"chose_seed":false,"campfire_upgraded":6,"win_rate":0.0,"timestamp":1608513136,"path_taken":["R","M","$","R","$","R","T","M","E","R","M","?","?","?","M","BOSS","R","?","E","$","E","M","T","R","E"],"items_purchased_type":["Card","Card","Card","Card","Card"],"build_version":"2020-12-13","purchased_purges":2,"victory":false,"max_hp_per_floor":[60,60,60,60,60,60,60,60,60,60,60,60,65,65,65,65,65,65,65,65,65,65,65,65,65,65,65],"relic_stats":{"counters":[15,56],"obtain_stats":[{"Lantern":7,"Slimebound:MaxSlimesRelic":20,"Calipers":22,"Thread and Needle":24,"Slimebound:AbsorbEndCombat":0,"Toxic Egg 2":19,"Mercury Hourglass":9,"Slimebound:TarBlob":17},{"Lantern":3,"Slimebound:MaxSlimesRelic":11,"Calipers":13,"Thread and Needle":14,"Slimebound:AbsorbEndCombat":0,"Toxic Egg 2":10,"Mercury Hourglass":5,"Slimebound:TarBlob":10},{"Lantern":11,"Slimebound:MaxSlimesRelic":43,"Calipers":52,"Thread and Needle":55,"Slimebound:AbsorbEndCombat":0,"Toxic Egg 2":38,"Mercury Hourglass":21,"Slimebound:TarBlob":38}],"Mercury Hourglass":[118]},"card_choices":[{"not_picked":["Slimebound:MegaLick","Slimebound:Schlurp"],"picked":"Slimebound:LivingWall","floor":2},{"not_picked":["Slimebound:ViciousTackle","Slimebound:GoopSpray"],"picked":"Slimebound:SlimeTap","floor":3},{"not_picked":["Slimebound:SlimeSpikes","Slimebound:Grow"],"picked":"Slimebound:Gluttony","floor":5},{"not_picked":["Slimebound:ForwardTackle","Slimebound:ComboTackle","Slimebound:HauntingLick"],"picked":"SKIP","floor":8},{"not_picked":["Slimebound:Schlurp","Slimebound:HauntingLick","Slimebound:ServeAndProtect"],"picked":"SKIP","floor":9},{"not_picked":["Slimebound:AcidTongue","Slimebound:ComboTackle"],"picked":"Slimebound:SlimeBarrage","floor":11},{"not_picked":["Slimebound:SlimeSpikes","Slimebound:GrowthPunch"],"picked":"Slimebound:Equalize","floor":12},{"not_picked":["Slimebound:SlimeBrawl","Slimebound:OozeBath"],"picked":"Slimebound:SplitLeeching","floor":14},{"not_picked":["Slimebound:RollThrough","Slimebound:SlimeSpikes"],"picked":"Slimebound:SplitBruiser","floor":15},{"not_picked":["Slimebound:SlimeSlap","Slimebound:LeechLife"],"picked":"Slimebound:SelfFormingGoo","floor":16},{"not_picked":["Slimebound:TongueLash","Slimebound:RollThrough"],"picked":"Slimebound:Prepare+1","floor":20},{"not_picked":["Slimebound:ServeAndProtect+1","Slimebound:SlimeTap+1","Slimebound:ForwardTackle"],"picked":"SKIP","floor":21},{"not_picked":["Slimebound:Gluttony+1","Slimebound:LeechEnergy+1"],"picked":"Slimebound:LevelUp","floor":22},{"not_picked":["Slimebound:Dissolve+1","Slimebound:ItLooksTasty+1"],"picked":"Slimebound:SlimeBrawl+1","floor":23}],"player_experience":422491,"relics_obtained":[{"floor":7,"key":"Lantern"},{"floor":9,"key":"Mercury Hourglass"},{"floor":20,"key":"Slimebound:MaxSlimesRelic"},{"floor":22,"key":"Calipers"},{"floor":24,"key":"Thread and Needle"}],"event_choices":[{"damage_healed":0,"gold_gain":0,"player_choice":"Donut","damage_taken":0,"max_hp_gain":5,"max_hp_loss":0,"event_name":"Big Fish","floor":13,"gold_loss":0}],"is_beta":false,"boss_relics":[{"not_picked":["Busted Crown","Black Star"],"picked":"Slimebound:TarBlob"}],"items_purged_floors":[3,21],"is_endless":false,"potions_floor_spawned":[2,9,12,16,22],"killed_by":"Slavers","ascension_level":1}}