{"host":"xhamcave7q47vrco","time":1608535021,"event":{"mods":["BaseMod","Minty Spire (QoL Compilation)","Permanent Neow","Quick Restart","StSLib","TestMod"],"gold_per_floor":[110,120,74,74,84,113,113,113,113],"floor_reached":8,"playtime":491,"items_purged":[],"score":59,"play_id":"3eee114c-f2d6-4e42-beac-837b724969e1","local_time":"20201221151701","is_ascension_mode":true,"campfire_choices":[{"data":"Armaments","floor":7,"key":"SMITH"}],"circlet_count":0,"master_deck":["Strike_R","Strike_R","Strike_R","Strike_R","Defend_R","Defend_R","Defend_R","Bash","Offering","Shrug It Off","Armaments+1","Whirlwind","Armaments","Shrug It Off","Berserk"],"relics":["Burning Blood","testmod-TestBox","testmod-Prudence","testmod-DragonStarHat"],"acts_visited":["Exordium"],"potions_floor_usage":[6,8],"damage_taken":[{"damage":9,"enemies":"Cultist","floor":1,"turns":4},{"damage":2,"enemies":"Small Slimes","floor":2,"turns":6},{"damage":3,"enemies":"Jaw Worm","floor":5,"turns":4},{"damage":16,"enemies":"Lagavulin","floor":6,"turns":7},{"damage":12,"enemies":"3 Sentries","floor":8,"turns":5}],"seed_played":"8410420676306989027","potions_obtained":[{"floor":2,"key":"Strength Potion"},{"floor":6,"key":"HeartOfIron"}],"is_trial":false,"path_per_floor":["M","M","$","?","M","E","R","E"],"character_chosen":"IRONCLAD","items_purchased":["Armaments"],"campfire_rested":0,"item_purchase_floors":[3],"current_hp_per_floor":[69,72,72,72,72,62,62,56,56],"gold":113,"neow_bonus":"TRANSFORM_TWO_CARDS","is_daily":false,"chose_seed":false,"campfire_upgraded":1,"win_rate":0.0,"timestamp":1608535021,"path_taken":["M","M","?","?","?","E","R","E"],"items_purchased_type":["Card"],"build_version":"2020-12-13","purchased_purges":0,"victory":false,"max_hp_per_floor":[72,72,72,72,72,72,72,72,72],"card_choices":[{"not_picked":["Heavy Blade","Shrug It Off"],"picked":"Armaments","floor":1},{"not_picked":["Metallicize","Heavy Blade"],"picked":"Whirlwind","floor":2},{"not_picked":["Pommel Strike","Twin Strike"],"picked":"Shrug It Off","floor":5},{"not_picked":["Shrug It Off","Iron Wave"],"picked":"Berserk","floor":6}],"player_experience":31088,"relics_obtained":[{"floor":6,"key":"testmod-DragonStarHat"}],"event_choices":[{"damage_healed":0,"gold_gain":0,"player_choice":"Bought 0 Potions","damage_taken":0,"max_hp_gain":0,"max_hp_loss":0,"event_name":"The Woman in Blue","floor":4,"gold_loss":0}],"is_beta":false,"boss_relics":[],"items_purged_floors":[],"is_endless":false,"potions_floor_spawned":[2,6],"killed_by":"3 Sentries","ascension_level":1}}