{"host":"0kwl2uefibxd2nsv","time":1608584037,"event":{"mods":["BaseMod","Better Note","BetterRewards","Clawfect","DeckTracker","Googly Eyes","Minty Spire (QoL Compilation)","StSLib"],"gold_per_floor":[119,119,137,137,149,149,181,200,200,200,224,254,254,24,24,124,124,136,160,182,194,225,237,249,294,306,341,353,394,406,434,446,560,572,572],"floor_reached":34,"playtime":878,"items_purged":["Strike_G"],"score":1032,"play_id":"db52103b-fbea-47db-a2f5-081d410deac2","local_time":"20201221215357","is_ascension_mode":true,"campfire_choices":[{"data":"Panache","floor":6.0,"key":"SMITH"},{"data":"Cloak And Dagger","floor":10.0,"key":"SMITH"},{"data":"Neutralize","floor":15.0,"key":"SMITH"},{"data":"Accuracy","floor":28,"key":"SMITH"},{"data":"Blade Dance","floor":32,"key":"SMITH"}],"circlet_count":0,"master_deck":["AscendersBane","Strike_G","Defend_G","Defend_G","Defend_G","Defend_G","Survivor","Neutralize+1","Good Instincts","Good Instincts","Panache+1","Blur","Cloak And Dagger","Infinite Blades","Dagger Throw","Masterful Stab","Cloak And Dagger","Deflect","Cloak And Dagger+1","Adrenaline","Accuracy+1","Blade Dance+1","Cloak And Dagger","Blade Dance+1"],"relics":["Ring of the Snake","FossilizedHelix","Bronze Scales","Regal Pillow","Tiny Chest","Lee\u0027s Waffle","StoneCalendar","InkBottle","Toy Ornithopter","HornCleat","Nunchaku","Empty Cage","MawBank","Turnip","The Courier","Pen Nib","Singing Bowl","Vajra","Boot","MutagenicStrength","Cursed Key"],"acts_visited":["Exordium","TheCity","TheBeyond"],"potions_floor_usage":[],"damage_taken":[{"damage":0.0,"enemies":"2 Louse","floor":1.0,"turns":2.0},{"damage":0.0,"enemies":"Cultist","floor":3.0,"turns":3.0},{"damage":0.0,"enemies":"Small Slimes","floor":5.0,"turns":3.0},{"damage":0.0,"enemies":"3 Sentries","floor":7.0,"turns":3.0},{"damage":0.0,"enemies":"Looter","floor":8.0,"turns":3.0},{"damage":5.0,"enemies":"Lagavulin","floor":12.0,"turns":7.0},{"damage":2.0,"enemies":"The Guardian","floor":16.0,"turns":9.0},{"damage":0.0,"enemies":"Shell Parasite","floor":18.0,"turns":3.0},{"damage":0,"enemies":"2 Thieves","floor":20,"turns":4},{"damage":0,"enemies":"Centurion and Healer","floor":22,"turns":4},{"damage":0,"enemies":"Book of Stabbing","floor":25,"turns":5},{"damage":0,"enemies":"Gremlin Leader","floor":29,"turns":3},{"damage":0,"enemies":"Snecko","floor":31,"turns":3},{"damage":0,"enemies":"Champ","floor":33,"turns":6}],"seed_played":"-2053662278920710044","potions_obtained":[{"floor":3.0,"key":"Explosive Potion"},{"floor":5.0,"key":"LiquidBronze"},{"floor":8.0,"key":"SkillPotion"},{"floor":12.0,"key":"GamblersBrew"},{"floor":18.0,"key":"LiquidBronze"},{"floor":33,"key":"AttackPotion"}],"is_trial":false,"path_per_floor":["M","?","M","?","M","R","E","M","T","R","T","E","?","$","R","B",null,"M","T","M","T","M","T","?","E","T","T","R","E","?","M","R","B",null],"character_chosen":"THE_SILENT","items_purchased":["FossilizedHelix","Good Instincts","Good Instincts","Panache","Bronze Scales","Blur","Regal Pillow","Tiny Chest","Lee\u0027s Waffle","Cloak And Dagger","Infinite Blades","Dagger Throw","Nunchaku"],"campfire_rested":0,"item_purchase_floors":[0,0,0,0,0,0,0,0,0,0,0,0,14],"current_hp_per_floor":[77,77,77,82,82,82,82,82,82,82,82,77,77,77,77,75,80,80,80,80,80,80,80,80,80,80,80,80,80,80,80,80,82,84,84],"gold":572,"neow_bonus":"","is_daily":false,"chose_seed":false,"campfire_upgraded":5,"win_rate":0.0,"timestamp":1608584037,"path_taken":["M","?","?","?","M","R","E","M","T","R","?","E","?","?","R","BOSS","M","?","M","?","?","?","?","E","T","?","R","E","?","M","R","BOSS"],"items_purchased_type":["Relic","Card","Card","Card","Relic","Card","Relic","Relic","Relic","Card","Card","Card","Relic"],"build_version":"2020-12-13","purchased_purges":1,"victory":false,"max_hp_per_floor":[77,77,77,82,82,82,82,82,82,82,82,82,82,82,82,82,82,82,82,82,82,82,82,82,82,82,82,82,82,82,82,82,84,84,84],"card_choices":[{"not_picked":["Outmaneuver","Finisher"],"picked":"Masterful Stab","floor":1.0},{"not_picked":["Outmaneuver","Noxious Fumes"],"picked":"Cloak And Dagger","floor":3.0},{"not_picked":["Dagger Throw","Poisoned Stab"],"picked":"Deflect","floor":5.0},{"not_picked":["Quick Slash","Sucker Punch"],"picked":"Cloak And Dagger","floor":7.0},{"not_picked":["Backstab","Outmaneuver","Noxious Fumes"],"picked":"SKIP","floor":8.0},{"not_picked":["Slice","Sucker Punch","Infinite Blades"],"picked":"SKIP","floor":12.0},{"not_picked":["Grand Finale","Burst"],"picked":"Adrenaline","floor":16.0},{"not_picked":["Eviscerate","Endless Agony","Acrobatics+1"],"picked":"SKIP","floor":18.0},{"not_picked":["Dagger Throw","Riddle With Holes"],"picked":"Accuracy","floor":20},{"not_picked":["Flying Knee","Concentrate+1"],"picked":"Blade Dance+1","floor":22},{"not_picked":["Sucker Punch","Concentrate","Prepared+1"],"picked":"SKIP","floor":25},{"not_picked":["Night Terror","Escape Plan"],"picked":"Cloak And Dagger","floor":29},{"not_picked":["Bouncing Flask","Poisoned Stab"],"picked":"Blade Dance","floor":31},{"not_picked":["A Thousand Cuts","Malaise","Bullet Time"],"picked":"Singing Bowl","floor":33}],"player_experience":2003846,"relics_obtained":[{"floor":7.0,"key":"StoneCalendar"},{"floor":9.0,"key":"InkBottle"},{"floor":11.0,"key":"Toy Ornithopter"},{"floor":12.0,"key":"HornCleat"},{"floor":19.0,"key":"MawBank"},{"floor":21,"key":"Turnip"},{"floor":23,"key":"The Courier"},{"floor":25,"key":"Pen Nib"},{"floor":26,"key":"Singing Bowl"},{"floor":27,"key":"Vajra"},{"floor":29,"key":"Boot"}],"event_choices":[{"cards_removed":["Strike_G"],"damage_healed":0.0,"max_hp_gain":0.0,"max_hp_loss":0.0,"gold_gain":0.0,"event_name":"Bonfire Elementals","player_choice":"Offered Basic","floor":2.0,"gold_loss":0.0,"damage_taken":0.0},{"damage_healed":0.0,"max_hp_gain":5.0,"max_hp_loss":0.0,"gold_gain":0.0,"event_name":"Big Fish","player_choice":"Donut","floor":4.0,"gold_loss":0.0,"damage_taken":0.0},{"cards_removed":["Strike_G"],"damage_healed":0.0,"max_hp_gain":0.0,"max_hp_loss":0.0,"gold_gain":0.0,"event_name":"Living Wall","player_choice":"Forget","floor":13.0,"gold_loss":0.0,"damage_taken":0.0},{"cards_removed":["Cloak And Dagger"],"damage_healed":0,"gold_gain":0,"player_choice":"Give","damage_taken":0,"max_hp_gain":0,"max_hp_loss":0,"event_name":"betterNote:BetterNote","floor":24,"gold_loss":0,"cards_obtained":["None"]},{"damage_healed":0,"gold_gain":0,"player_choice":"Inject Mutagens","damage_taken":0,"relics_obtained":["MutagenicStrength"],"max_hp_gain":0,"max_hp_loss":0,"event_name":"Drug Dealer","floor":30,"gold_loss":0}],"is_beta":false,"boss_relics":[{"not_picked":["SacredBark","Runic Pyramid"],"picked":"Empty Cage"},{"not_picked":["Fusion Hammer","Ring of the Serpent"],"picked":"Cursed Key"}],"items_purged_floors":[14],"is_endless":false,"potions_floor_spawned":[3,5,8,12,18,20,33],"ascension_level":10}}