{"host":"3a1ypf1irl30q4k8","time":1608584490,"event":{"mods":["AchievementEnabler","BaseMod","Bestiary","Colored Map","Minty Spire (QoL Compilation)","Relic Stats"],"gold_per_floor":[114,133,145,31,31,31,42,53,53,69,69,79,29,61,61,157,157,176,275,289,45,62,62,87,87,112,125,125,150,150,150,150,245,245,255,255,255,274,49,49,49],"floor_reached":40,"playtime":1562,"items_purged":["Strike_B","Strike_B"],"score":643,"play_id":"2bf255a7-1827-45a5-a4ba-0e1b0079e054","local_time":"20201221210130","is_ascension_mode":true,"campfire_choices":[{"data":"Tempest","floor":6,"key":"SMITH"},{"floor":11,"key":"REST"},{"data":"Tempest","floor":15,"key":"SMITH"},{"data":"Barrage","floor":23,"key":"SMITH"},{"floor":25,"key":"REST"},{"data":"Leap","floor":28,"key":"SMITH"},{"floor":30,"key":"REST"},{"data":"Conserve Battery","floor":32,"key":"SMITH"}],"circlet_count":0,"master_deck":["Strike_B+1","Strike_B+1","Defend_B+1","Defend_B+1","Defend_B+1","Defend_B+1","Dualcast","Tempest+1","Cold Snap","Leap+1","Tempest+1","Steam","Barrage+1","Sweeping Beam","Ball Lightning","Redo","Electrodynamics","Cold Snap+1","Capacitor+1","Hologram","Thunder Strike","Auto Shields+1","Conserve Battery+1","Fission","Barrage+1","Defragment","Chaos+1","Consume","Leap+1"],"relics":["Sozu","Eternal Feather","Pear","Velvet Choker","Lee\u0027s Waffle","Mummified Hand","Strawberry","Akabeko","SlaversCollar","Orrery"],"acts_visited":["Exordium","TheCity","TheBeyond"],"potions_floor_usage":[],"damage_taken":[{"damage":2,"enemies":"2 Louse","floor":1,"turns":2},{"damage":2,"enemies":"Small Slimes","floor":2,"turns":3},{"damage":0,"enemies":"Cultist","floor":3,"turns":4},{"damage":6,"enemies":"Looter","floor":7,"turns":3},{"damage":6,"enemies":"Exordium Wildlife","floor":8,"turns":3},{"damage":10,"enemies":"Lots of Slimes","floor":10,"turns":5},{"damage":0,"enemies":"Large Slime","floor":12,"turns":3},{"damage":8,"enemies":"Gremlin Nob","floor":14,"turns":3},{"damage":60,"enemies":"Hexaghost","floor":16,"turns":9},{"damage":39,"enemies":"2 Thieves","floor":18,"turns":3},{"damage":8,"enemies":"Chosen","floor":20,"turns":4},{"damage":17,"enemies":"Centurion and Healer","floor":22,"turns":5},{"damage":40,"enemies":"Slavers","floor":24,"turns":3},{"damage":37,"enemies":"Snake Plant","floor":27,"turns":3},{"damage":31,"enemies":"Book of Stabbing","floor":29,"turns":5},{"damage":64,"enemies":"Champ","floor":33,"turns":11},{"damage":0,"enemies":"3 Shapes","floor":35,"turns":4},{"damage":37,"enemies":"3 Darklings","floor":38,"turns":4},{"damage":46,"enemies":"Nemesis","floor":40,"turns":6}],"seed_played":"-2725582577520968624","potions_obtained":[],"is_trial":false,"path_per_floor":["M","M","M","$","?","R","M","M","T","M","R","M","$","E","R","B",null,"M","?","M","$","M","R","E","R","T","M","R","E","R","?","R","B",null,"M","?","?","M","$","E"],"character_chosen":"DEFECT","items_purchased":["Tempest","Ball Lightning","Lee\u0027s Waffle","Defragment","Orrery"],"campfire_rested":3,"item_purchase_floors":[4,13,21,39,39],"current_hp_per_floor":[66,64,64,64,64,64,58,52,52,42,73,73,73,75,84,24,70,31,31,23,92,75,87,47,86,93,56,68,37,78,78,90,26,81,81,81,81,44,44,0,0],"gold":49,"neow_bonus":"BOSS_RELIC","is_daily":false,"chose_seed":false,"campfire_upgraded":5,"win_rate":0.0,"timestamp":1608584490,"path_taken":["M","M","M","$","?","R","M","M","T","M","R","M","$","E","R","BOSS","M","?","M","$","M","R","E","R","T","M","R","E","R","?","R","BOSS","M","?","?","M","$","E"],"items_purchased_type":["Card","Card","Relic","Card","Relic"],"build_version":"2020-12-13","purchased_purges":2,"victory":false,"max_hp_per_floor":[75,75,75,75,75,75,75,75,75,75,75,75,75,85,85,85,85,85,85,85,92,92,92,92,92,99,99,99,99,99,99,99,99,99,99,99,99,99,99,99,99],"relic_stats":{"Sozu":8,"Lee\u0027s Waffle":69,"counters":[19,83],"Mummified Hand":[9],"Eternal Feather":78,"obtain_stats":[{"Sozu":0,"SlaversCollar":34,"Lee\u0027s Waffle":21,"Pear":14,"Mummified Hand":24,"Strawberry":26,"Velvet Choker":17,"Orrery":39,"Eternal Feather":9,"Cracked Core":0,"Akabeko":29},{"Sozu":0,"SlaversCollar":16,"Lee\u0027s Waffle":11,"Pear":8,"Mummified Hand":13,"Strawberry":13,"Velvet Choker":9,"Orrery":18,"Eternal Feather":5,"Cracked Core":0,"Akabeko":15},{"Sozu":0,"SlaversCollar":69,"Lee\u0027s Waffle":42,"Pear":26,"Mummified Hand":50,"Strawberry":50,"Velvet Choker":35,"Orrery":77,"Eternal Feather":15,"Cracked Core":0,"Akabeko":58}]},"card_choices":[{"not_picked":["Gash","Force Field"],"picked":"Tempest","floor":1},{"not_picked":["Coolheaded","Go for the Eyes"],"picked":"Cold Snap","floor":2},{"not_picked":["Beam Cell","Double Energy"],"picked":"Leap","floor":3},{"not_picked":["Aggregate","Skim"],"picked":"Steam","floor":7},{"not_picked":["Hyperbeam","Streamline","Rebound"],"picked":"SKIP","floor":8},{"not_picked":["Gash","Sunder"],"picked":"Barrage","floor":10},{"not_picked":["Leap","Rip and Tear"],"picked":"Sweeping Beam","floor":12},{"not_picked":["Hologram","FTL"],"picked":"Redo","floor":14},{"not_picked":["Echo Form","All For One"],"picked":"Electrodynamics","floor":16},{"not_picked":["Rebound","Sweeping Beam+1"],"picked":"Cold Snap+1","floor":18},{"not_picked":["Chill","Gash+1"],"picked":"Capacitor+1","floor":20},{"not_picked":["Go for the Eyes","Loop"],"picked":"Hologram","floor":22},{"not_picked":["Beam Cell+1","Tempest"],"picked":"Thunder Strike","floor":24},{"not_picked":["Turbo+1","Steam"],"picked":"Auto Shields+1","floor":27},{"not_picked":["Sweeping Beam","Rebound+1"],"picked":"Conserve Battery","floor":29},{"not_picked":["Machine Learning","Amplify"],"picked":"Fission","floor":33},{"not_picked":["Coolheaded","Hologram"],"picked":"Barrage+1","floor":35},{"not_picked":["Sweeping Beam","Beam Cell","Steam Power"],"picked":"SKIP","floor":38},{"not_picked":["Beam Cell","Go for the Eyes"],"picked":"Chaos+1","floor":39},{"not_picked":["Stack+1","Skim"],"picked":"Consume","floor":39},{"not_picked":["Barrage","Beam Cell+1"],"picked":"Leap+1","floor":39}],"player_experience":865826,"relics_obtained":[{"floor":9,"key":"Eternal Feather"},{"floor":14,"key":"Pear"},{"floor":24,"key":"Mummified Hand"},{"floor":26,"key":"Strawberry"},{"floor":29,"key":"Akabeko"}],"event_choices":[{"damage_healed":0,"gold_gain":0,"player_choice":"Ignored","damage_taken":0,"max_hp_gain":0,"max_hp_loss":0,"event_name":"Shining Light","floor":5,"gold_loss":0},{"damage_healed":0,"gold_gain":99,"player_choice":"Stole From Cult","damage_taken":0,"max_hp_gain":0,"max_hp_loss":0,"event_name":"Nest","floor":19,"gold_loss":0},{"damage_healed":0,"gold_gain":0,"player_choice":"Simplicity","damage_taken":0,"max_hp_gain":0,"max_hp_loss":0,"event_name":"Back to Basics","floor":31,"gold_loss":0,"cards_upgraded":["Strike_B","Strike_B","Defend_B","Defend_B","Defend_B","Defend_B"]},{"cards_removed":["Zap"],"damage_healed":0,"gold_gain":0,"player_choice":"Removed Skill","damage_taken":0,"max_hp_gain":0,"max_hp_loss":0,"event_name":"Falling","floor":36,"gold_loss":0},{"damage_healed":0,"gold_gain":0,"player_choice":"Ignored","damage_taken":0,"max_hp_gain":0,"max_hp_loss":0,"event_name":"Mysterious Sphere","floor":37,"gold_loss":0}],"is_beta":false,"boss_relics":[{"not_picked":["SacredBark","Coffee Dripper"],"picked":"Velvet Choker"},{"not_picked":["Runic Dome","Snecko Eye"],"picked":"SlaversCollar"}],"items_purged_floors":[4,21],"is_endless":false,"potions_floor_spawned":[2,8,14,16,20,24,27,33],"killed_by":"Nemesis","ascension_level":9}}