{"host":"neshiy0twyn5josp","time":1608575758,"event":{"mods":["AchievementEnabler","Act Like it!","AlwaysNeverKeys","Aspiration","BaseMod","Better Note","Better Silent Start","Better Third Choice","Challenge The Spire","Colored Powertips","Conspire","Emptier Cage","Energized Spire","GifTheSpireLib","Hubris","Minty Spire (QoL Compilation)","Pale of the Ancients","Permanent Neow","Quick Restart","Rare Cards Sparkle","Replay The Spire","Reworked Bosses","StSLib","Stuff the Spire"],"gold_per_floor":[114,114,64,64,64,64,78,78,78,112,125,125,139,251,251,347,397,413,425,425,207,220,320,320,320,320,332,178,196,196,206,206,307,307,325,343,343,355,375,375,226,226,226,3,3,3],"floor_reached":45,"playtime":3099,"items_purged":["Regret"],"score":493,"play_id":"382aaa3e-2c6b-4532-a639-82556d62dcba","local_time":"20201221103558","is_ascension_mode":false,"campfire_choices":[{"data":"Survivor","floor":6,"key":"SMITH"},{"data":"Infinite Blades","floor":12,"key":"SMITH"},{"floor":15,"key":"REST"},{"data":"StuffTheSpire:MirrorStance","floor":25,"key":"SMITH"},{"floor":30,"key":"RECALL"},{"data":"Burst","floor":32,"key":"SMITH"},{"data":"Mayhem","floor":40,"key":"SMITH"},{"data":"Cloak And Dagger","floor":42,"key":"SMITH"}],"circlet_count":0,"master_deck":["Strike_G","Strike_G","Strike_G","Defend_G","Defend_G+1","Defend_G+1","Defend_G+1","Survivor+1","Neutralize+1","Cloak And Dagger+1","CommonCold","Infinite Blades+1","Accuracy","StuffTheSpire:MirrorStance+1","Burst+1","Cloak And Dagger+1","ReplayTheSpireMod:Shiv Toss","Hidden Blade+1","conspire:DoublingDagger","Envenom","Mayhem+1","Replay:Undeath\u0027s Touch+1","Armaments+1","StuffTheSpire:ReptileScales","Footwork"],"relics":["Ring of the Snake","Unceasing Top","Ring of Misfortune","Ring of Fury","Shuriken","StuffTheSpire:TintedRock","Turnip","Tiny House","StuffTheSpire:GrapeVine","StuffTheSpire:Experiment12","PrismaticShard","Sling","hubris:HollowSoul","ReplayTheSpireMod:TigerMarble","HandDrill","Gremlin Food","StuffTheSpire:Mouthbags"],"acts_visited":["Exordium","TheCity","TheBeyond"],"potions_floor_usage":[18,22,23,23,27,45],"damage_taken":[{"damage":0,"enemies":"Small Slimes","floor":1,"turns":4},{"damage":0,"enemies":"Jaw Worm","floor":7,"turns":4},{"damage":17,"enemies":"Lagavulin","floor":10,"turns":5},{"damage":0,"enemies":"2 Louse","floor":11,"turns":2},{"damage":0,"enemies":"Large Slime","floor":13,"turns":3},{"damage":25,"enemies":"Gremlin Nob","floor":14,"turns":5},{"damage":0,"enemies":"Fading Forest","floor":16,"turns":11},{"damage":0,"enemies":"3 Byrds","floor":18,"turns":5},{"damage":2,"enemies":"Spheric Guardian","floor":19,"turns":4},{"damage":11,"enemies":"Cultist and Chosen","floor":22,"turns":8},{"damage":29,"enemies":"Slavers","floor":23,"turns":6},{"damage":2,"enemies":"Shelled Parasite and Fungi","floor":27,"turns":5},{"damage":0,"enemies":"Snecko","floor":29,"turns":4},{"damage":21,"enemies":"Sentry and Sphere","floor":31,"turns":6},{"damage":4,"enemies":"bossMod:newChamp","floor":33,"turns":10},{"damage":0,"enemies":"Orb Walker","floor":35,"turns":4},{"damage":44,"enemies":"3 Darklings","floor":36,"turns":9},{"damage":9,"enemies":"4 Shapes","floor":38,"turns":6},{"damage":3,"enemies":"Maw","floor":39,"turns":7},{"damage":18,"enemies":"Reptomancer","floor":45,"turns":1}],"seed_played":"3204432321321040456","potions_obtained":[{"floor":11,"key":"Energy Potion"},{"floor":14,"key":"Death Potion"},{"floor":16,"key":"conspire:TimeTravelPotion"},{"floor":17,"key":"conspire:TimeTravelPotion"},{"floor":19,"key":"FearPotion"},{"floor":23,"key":"Adrenaline Potion"},{"floor":36,"key":"Fire Potion"},{"floor":39,"key":"EssenceOfSteel"}],"is_trial":false,"path_per_floor":["M","?","?","?","?","R","M","?","T","E","M","R","M","E","R","B",null,"M","M","?","$","M","E","?","R","T","M","$","M","R","M","R","B",null,"M","M","?","M","M","R","$","R","T","$","E"],"character_chosen":"THE_SILENT","items_purchased":["StuffTheSpire:GrapeVine","Sling","HandDrill","StuffTheSpire:Mouthbags","Footwork"],"campfire_rested":1,"item_purchase_floors":[21,28,41,44,44],"current_hp_per_floor":[70,70,70,70,56,56,56,56,56,39,39,39,39,14,35,45,75,75,73,73,73,73,61,53,53,53,51,51,51,51,30,30,26,75,75,31,31,22,19,19,19,19,19,19,0,0],"gold":3,"neow_bonus":"RANDOM_EVENT","is_daily":false,"chose_seed":false,"campfire_upgraded":6,"win_rate":0.0,"timestamp":1608575758,"path_taken":["M","?","?","?","?","R","?","?","T","E","M","R","M","E","R","BOSS","M","M","?","$","M","E","?","R","T","M","?","M","R","M","R","BOSS","M","M","?","M","M","R","$","R","T","$","E"],"items_purchased_type":["Relic","Relic","Relic","Relic","Card"],"build_version":"2020-12-13","purchased_purges":1,"victory":false,"max_hp_per_floor":[70,70,70,70,70,70,70,70,70,70,70,70,70,70,70,70,75,75,75,75,75,75,75,75,75,75,75,75,75,75,75,75,75,75,75,75,75,75,75,75,75,75,75,75,75,75],"card_choices":[{"not_picked":["hubris:SlightOfHand","hubris:Counter"],"picked":"Cloak And Dagger","floor":1},{"not_picked":["Backflip","Prepared"],"picked":"StuffTheSpire:ReptileScales","floor":7},{"not_picked":["Draining Mist","Tools of the Trade"],"picked":"Infinite Blades","floor":10},{"not_picked":["Sucker Punch","Deflect"],"picked":"Accuracy","floor":11},{"not_picked":["PiercingWail","StuffTheSpire:BumpUp","Dagger Spray"],"picked":"SKIP","floor":13},{"not_picked":["Concentrate","Dash"],"picked":"StuffTheSpire:MirrorStance","floor":14},{"not_picked":["Atom Bomb","Adrenaline"],"picked":"Burst","floor":16},{"not_picked":["Skewer","Deflect"],"picked":"Cloak And Dagger","floor":17},{"not_picked":["Poisoned Stab+1","Calculated Gamble","Slice+1"],"picked":"SKIP","floor":18},{"not_picked":["Dagger Throw+1","Bane+1"],"picked":"ReplayTheSpireMod:Shiv Toss","floor":19},{"not_picked":["Flying Knee+1","StuffTheSpire:BumpUp"],"picked":"Hidden Blade+1","floor":22},{"not_picked":["Quick Slash","Well Laid Plans"],"picked":"conspire:DoublingDagger","floor":23},{"not_picked":["Purity","Deadly Poison"],"picked":"Envenom","floor":27},{"not_picked":["Meditate","Streamline","Deflect"],"picked":"SKIP","floor":29},{"not_picked":["Leap","Vengeance","Clothesline"],"picked":"SKIP","floor":31},{"not_picked":["Fiend Fire","StuffTheSpire:Purify"],"picked":"Mayhem","floor":33},{"not_picked":["StuffTheSpire:CleanHardDrive","ReplayTheSpireMod:Uncanny Aura"],"picked":"Replay:Undeath\u0027s Touch+1","floor":35},{"not_picked":["StuffTheSpire:NuclearReactor","Streamline","Double Energy"],"picked":"SKIP","floor":36},{"not_picked":["Infernal Blade","Twin Strike+1","ReplaySort+1"],"picked":"SKIP","floor":38},{"not_picked":["Backflip","Heavy Blade"],"picked":"Armaments+1","floor":39}],"player_experience":265845,"relics_obtained":[{"floor":8,"key":"Ring of Misfortune"},{"floor":8,"key":"Ring of Fury"},{"floor":9,"key":"Shuriken"},{"floor":10,"key":"StuffTheSpire:TintedRock"},{"floor":14,"key":"Turnip"},{"floor":23,"key":"StuffTheSpire:Experiment12"},{"floor":24,"key":"PrismaticShard"},{"floor":43,"key":"Gremlin Food"}],"event_choices":[{"damage_healed":0,"gold_gain":0,"player_choice":"Grow","damage_taken":0,"max_hp_gain":0,"max_hp_loss":0,"event_name":"Living Wall","floor":0,"gold_loss":0,"cards_upgraded":["Neutralize"]},{"cards_removed":["Strike_G"],"damage_healed":0,"gold_gain":0,"player_choice":"Card Removal","damage_taken":0,"max_hp_gain":0,"max_hp_loss":0,"event_name":"The Cleric","floor":3,"gold_loss":50},{"damage_healed":0,"gold_gain":0,"player_choice":"Box","damage_taken":0,"relics_obtained":["Unceasing Top"],"max_hp_gain":0,"max_hp_loss":0,"event_name":"Big Fish","floor":4,"gold_loss":0,"cards_obtained":["Regret"]},{"damage_healed":70,"gold_gain":0,"player_choice":"Upgrade","damage_taken":14,"max_hp_gain":0,"max_hp_loss":70,"event_name":"betterThird:BetterShining","floor":5,"gold_loss":0,"cards_upgraded":["Defend_G","Defend_G"]},{"damage_healed":0,"gold_gain":0,"player_choice":"Ignored","damage_taken":0,"max_hp_gain":0,"max_hp_loss":0,"event_name":"betterNote:BetterNote","floor":20,"gold_loss":0,"cards_obtained":["Pommel Strike"]},{"damage_healed":0,"gold_gain":0,"player_choice":"Gave Potion","damage_taken":0,"relics_obtained":["ReplayTheSpireMod:TigerMarble"],"max_hp_gain":0,"max_hp_loss":0,"event_name":"WeMeetAgain","floor":37,"gold_loss":0}],"is_beta":false,"boss_relics":[{"not_picked":["Replay:Drink Me","Replay:Wanted Poster"],"picked":"Tiny House"},{"not_picked":["Honey Jar","hubris:BlackHole"],"picked":"hubris:HollowSoul"}],"items_purged_floors":[21],"is_endless":false,"potions_floor_spawned":[11,14,16,19,23,36,39],"killed_by":"Reptomancer","ascension_level":0}}