{"host":"J","time":1608559148,"event":{"mods":["AchievementEnabler","BaseMod","Block Reminder","Highlight Path","Minty Spire (QoL Compilation)","Permanent Neow","Quick Restart","Relic Stats","UnlockEverythingMod"],"gold_per_floor":[17,17,40,63,87,123,123,123,123],"floor_reached":8,"playtime":610,"items_purged":[],"score":116,"play_id":"39e23a20-b276-4094-8989-cb0f6a20bf2b","local_time":"20201221145908","is_ascension_mode":true,"campfire_choices":[{"data":"Crippling Poison","floor":7,"key":"SMITH"}],"circlet_count":0,"master_deck":["AscendersBane","Strike_G","Strike_G","Strike_G","Strike_G","Strike_G","Defend_G","Defend_G","Defend_G","Defend_G","Defend_G","Survivor","Neutralize","Blade Dance","Cloak And Dagger","Sucker Punch","Blade Dance","Crippling Poison+1"],"relics":["Ring of the Snake","StoneCalendar","Golden Idol","Happy Flower"],"acts_visited":["Exordium"],"potions_floor_usage":[],"damage_taken":[{"damage":2,"enemies":"2 Louse","floor":1,"turns":3},{"damage":8,"enemies":"Small Slimes","floor":3,"turns":5},{"damage":1,"enemies":"Cultist","floor":4,"turns":3},{"damage":4,"enemies":"Blue Slaver","floor":5,"turns":3},{"damage":40,"enemies":"Lagavulin","floor":6,"turns":7},{"damage":0,"enemies":"3 Sentries","floor":8,"turns":2}],"seed_played":"-6962134216711218275","potions_obtained":[{"floor":3,"key":"Ancient Potion"},{"floor":5,"key":"BlessingOfTheForge"}],"is_trial":false,"path_per_floor":["M","?","M","M","M","E","R","E"],"character_chosen":"THE_SILENT","items_purchased":[],"campfire_rested":0,"item_purchase_floors":[],"current_hp_per_floor":[57,57,49,48,44,4,4,4,4],"gold":123,"neow_bonus":"ONE_RARE_RELIC","is_daily":false,"chose_seed":false,"campfire_upgraded":1,"win_rate":0.0,"timestamp":1608559148,"path_taken":["M","?","M","M","M","E","R","E"],"items_purchased_type":[],"build_version":"2020-12-18","purchased_purges":0,"victory":false,"max_hp_per_floor":[66,60,60,60,60,60,60,60,60],"relic_stats":{"Happy Flower":[0],"counters":[6,23],"Golden Idol":22,"StoneCalendar":[27],"obtain_stats":[{"Happy Flower":6,"Golden Idol":2,"StoneCalendar":0,"Ring of the Snake":0},{"Happy Flower":5,"Golden Idol":1,"StoneCalendar":0,"Ring of the Snake":0},{"Happy Flower":21,"Golden Idol":3,"StoneCalendar":0,"Ring of the Snake":0}],"Ring of the Snake":[12]},"card_choices":[{"not_picked":["Dodge and Roll","Outmaneuver"],"picked":"Blade Dance","floor":1},{"not_picked":["Flying Knee","Poisoned Stab"],"picked":"Cloak And Dagger","floor":3},{"not_picked":["Prepared","Skewer"],"picked":"Sucker Punch","floor":4},{"not_picked":["Deflect","Sucker Punch"],"picked":"Blade Dance","floor":5},{"not_picked":["Choke","Deadly Poison"],"picked":"Crippling Poison","floor":6}],"player_experience":173422,"relics_obtained":[{"floor":6,"key":"Happy Flower"}],"event_choices":[{"damage_healed":0,"gold_gain":0,"player_choice":"Lose Max HP","damage_taken":0,"relics_obtained":["Golden Idol"],"max_hp_gain":0,"max_hp_loss":6,"event_name":"Golden Idol","floor":2,"gold_loss":0}],"is_beta":true,"boss_relics":[],"items_purged_floors":[],"is_endless":false,"potions_floor_spawned":[3,5],"killed_by":"3 Sentries","ascension_level":20}}