{"host":"27cnk69rbdk9vsnt","time":1608562260,"event":{"mods":["BaseMod","CatGirl Mod","Ekko","Energized Spire","JesterMod","Mimic Mod","Minty Spire (QoL Compilation)","Shade Mod","Shop Mod","StSLib","The Spell Scribe","Thieving Mod"],"gold_per_floor":[111,0,175,187,200,200,200,200,200,200,232,244,194,211,211,211,211],"floor_reached":16,"playtime":610,"items_purged":[],"score":100,"play_id":"c0a31101-1fb9-45f1-bea0-81c8d031e8f1","local_time":"20201221155100","is_ascension_mode":false,"campfire_choices":[{"data":"jesterMod:LightTheWick","floor":6,"key":"SMITH"},{"data":"jesterMod:Dodge","floor":8,"key":"SMITH"},{"data":"jesterMod:TrickyDodge","floor":10,"key":"SMITH"},{"data":"jesterMod:Unleash","floor":15,"key":"SMITH"}],"circlet_count":0,"master_deck":["jesterMod:Strike","jesterMod:Strike+1","jesterMod:Strike","jesterMod:Strike","jesterMod:Sickle","jesterMod:Defend","jesterMod:Defend","jesterMod:Defend+1","jesterMod:Defend","jesterMod:Dodge+1","jesterMod:TrickyDodge+1","jesterMod:LightTheWick+1","jesterMod:Unleash+1","jesterMod:Procrastination","jesterMod:Prankster+1","jesterMod:Feint"],"relics":["jesterMod:JesterCap","Frozen Egg 2","Strawberry"],"acts_visited":["Exordium"],"potions_floor_usage":[16,16],"damage_taken":[{"damage":2,"enemies":"Cultist","floor":1,"turns":4},{"damage":2,"enemies":"Small Slimes","floor":4,"turns":6},{"damage":2,"enemies":"2 Louse","floor":5,"turns":5},{"damage":4,"enemies":"3 Sentries","floor":11,"turns":9},{"damage":3,"enemies":"Looter","floor":12,"turns":4},{"damage":11,"enemies":"Blue Slaver","floor":14,"turns":4},{"damage":25,"enemies":"The Guardian","floor":16,"turns":5}],"seed_played":"1099133253699274485","potions_obtained":[{"floor":1,"key":"DuplicationPotion"},{"floor":12,"key":"Dexterity Potion"}],"is_trial":false,"path_per_floor":["M","$","?","M","M","R","?","R","T","R","E","M","?","M","R","B"],"character_chosen":"THE_JESTER","items_purchased":[],"campfire_rested":0,"item_purchase_floors":[],"current_hp_per_floor":[75,55,55,53,51,51,36,36,36,36,39,36,36,25,25,0,0],"gold":211,"neow_bonus":"TEN_PERCENT_HP_BONUS","is_daily":false,"chose_seed":false,"campfire_upgraded":4,"win_rate":0.0,"timestamp":1608562260,"path_taken":["M","?","?","M","M","R","?","R","T","R","E","M","?","M","R","BOSS"],"items_purchased_type":[],"build_version":"2020-12-13","purchased_purges":0,"victory":false,"max_hp_per_floor":[77,77,77,77,77,77,77,77,77,77,84,84,84,84,84,84,84],"card_choices":[{"not_picked":["jesterMod:Precipitation","jesterMod:Rebuff"],"picked":"jesterMod:TrickyDodge","floor":1},{"not_picked":["jesterMod:SmokeScreen","jesterMod:JackInTheBox"],"picked":"jesterMod:LightTheWick","floor":4},{"not_picked":["jesterMod:Squander","jesterMod:SmokeScreen"],"picked":"jesterMod:Unleash","floor":5},{"not_picked":["jesterMod:Loot","jesterMod:SmokeScreen"],"picked":"jesterMod:Procrastination","floor":11},{"not_picked":["jesterMod:Schizophrenia+1","jesterMod:Discretion"],"picked":"jesterMod:Prankster+1","floor":12},{"not_picked":["jesterMod:RecklessStrike","jesterMod:JackInTheBox"],"picked":"jesterMod:Feint","floor":14}],"player_experience":495538,"relics_obtained":[{"floor":9,"key":"Frozen Egg 2"},{"floor":11,"key":"Strawberry"}],"event_choices":[{"damage_healed":0,"gold_gain":175,"player_choice":"AGREE","damage_taken":0,"max_hp_gain":0,"max_hp_loss":0,"event_name":"Liars Game","floor":3,"gold_loss":0,"cards_obtained":["Doubt"]},{"damage_healed":0,"gold_gain":0,"player_choice":"Entered Light","damage_taken":15,"max_hp_gain":0,"max_hp_loss":0,"event_name":"Shining Light","floor":7,"gold_loss":0,"cards_upgraded":["jesterMod:Defend","jesterMod:Strike"]},{"cards_removed":["Doubt"],"damage_healed":0,"gold_gain":0,"player_choice":"Card Removal","damage_taken":0,"max_hp_gain":0,"max_hp_loss":0,"event_name":"The Cleric","floor":13,"gold_loss":50}],"is_beta":false,"boss_relics":[],"items_purged_floors":[],"is_endless":false,"potions_floor_spawned":[1,12],"killed_by":"The Guardian","ascension_level":0}}