{"host":"szbnbddwah33j004","time":1608544259,"event":{"mods":["2.2 Compatiblity","AchievementEnabler","Act Like it!","BaseMod","BetterRewards","Colored Map","Colored Powertips","Conspire","Energized Spire","Hubris","Minty Spire (QoL Compilation)","Replay The Spire","Shop Mod","StSLib","Strawberry Spire","The Animator","The Bug Knight","The Cursed","The Hayseed","The Runesmith"],"gold_per_floor":[118,118,118,133,143,143,143,175,198,198,212,212,32,58,58,162,162,172,184,19,39,39,39,88,107,107,121,139,172,172,185,185,284,284,294,294,294,294,42,74,74,124,124,137,163,163,180,196,196,196],"floor_reached":51,"playtime":5450,"items_purged":["Overencumbered"],"score":817,"play_id":"335fa4c3-85a2-4433-b516-dd067039ee5c","local_time":"20201221035059","is_ascension_mode":true,"campfire_choices":[{"floor":6.0,"key":"RECALL"},{"data":"Eruption","floor":10.0,"key":"SMITH"},{"data":"EmptyFist","floor":12.0,"key":"SMITH"},{"data":"ForeignInfluence","floor":15.0,"key":"SMITH"},{"data":"ForeignInfluence","floor":23.0,"key":"SMITH"},{"floor":30.0,"key":"REST"},{"floor":32.0,"key":"REST"},{"floor":41.0,"key":"REST"},{"floor":49,"key":"REST"}],"circlet_count":0,"master_deck":["Strike_P+1","Strike_P+1","Strike_P+1","Strike_P+1","Defend_P+1","Defend_P+1","Defend_P+1","Defend_P+1","Eruption+1","Vigilance+1","Crescendo+1","Protect+1","EmptyFist+1","SashWhip","ForeignInfluence+1","Adaptation+1","LessonLearned","FlurryOfBlows+1","Worship","ForeignInfluence+1","ReachHeaven+1","FearNoEvil","Replay:Hum","Replay:Vibes","Prostrate+1","ClearTheMind+1","Judgement","Vengeance","ReplayTheSpireMod:Brewmster","Transmutation","ReplayTheSpireMod:Private Reserves","Wallop","Wallop","Replay:Sssssssssshield","JustLucky","FollowUp","Replay:BluntJabs+1","BowlingBash","Halt+1","CrushJoints"],"relics":["PureWater","NeowsBlessing","hubris:Icosahedron","Anchor","Juzu Bracelet","hubris:ToyBattleship","hubris:VirtuousBlindfold","ReplayTheSpireMod:CursedCoin","Runesmith:Nanobots","Orichalcum","Garlic","Strawberry","hubris:ScarierMask","ReplayTheSpireMod:TigerMarble","hubris:CuriousFeather","strawberrySpire:MawJerky","Blue Doll","Boot"],"acts_visited":["Exordium","TheCity","TheBeyond"],"potions_floor_usage":[42,42,42,42,45,45,48,50,50,50,50,50,50],"damage_taken":[{"damage":0.0,"enemies":"Cultist","floor":1.0,"turns":1.0},{"damage":0.0,"enemies":"Small Slimes","floor":4.0,"turns":1.0},{"damage":0.0,"enemies":"Jaw Worm","floor":5.0,"turns":1.0},{"damage":14.0,"enemies":"Lagavulin","floor":8.0,"turns":5.0},{"damage":1.0,"enemies":"2 Fungi Beasts","floor":11.0,"turns":3.0},{"damage":3.0,"enemies":"3 Sentries","floor":14.0,"turns":8.0},{"damage":36.0,"enemies":"Hexaghost","floor":16.0,"turns":8.0},{"damage":3.0,"enemies":"2 Thieves","floor":18.0,"turns":3.0},{"damage":5.0,"enemies":"Spheric Guardian","floor":19.0,"turns":3.0},{"damage":3.0,"enemies":"Centurion and Healer","floor":21.0,"turns":4.0},{"damage":26.0,"enemies":"conspire:Head Lice","floor":24.0,"turns":3.0},{"damage":8.0,"enemies":"Snecko","floor":25.0,"turns":6.0},{"damage":0.0,"enemies":"Snake Plant","floor":27.0,"turns":3.0},{"damage":6.0,"enemies":"Shelled Parasite and Fungi","floor":28.0,"turns":3.0},{"damage":19.0,"enemies":"Book of Stabbing","floor":29.0,"turns":6.0},{"damage":1.0,"enemies":"Snecko","floor":31.0,"turns":3.0},{"damage":46.0,"enemies":"hubris:MusketHawk","floor":33.0,"turns":10.0},{"damage":4.0,"enemies":"3 Shapes","floor":35.0,"turns":2.0},{"damage":92.0,"enemies":"Reptomancer","floor":40.0,"turns":4.0},{"damage":4,"enemies":"Mind Bloom Boss Battle","floor":42,"turns":3},{"damage":0,"enemies":"3 Darklings","floor":44,"turns":2},{"damage":36,"enemies":"HollowMod:StalkingDevout","floor":45,"turns":9},{"damage":15,"enemies":"4 Shapes","floor":47,"turns":2},{"damage":0,"enemies":"Transient","floor":48,"turns":5},{"damage":49,"enemies":"Time Eater","floor":50,"turns":9}],"seed_played":"6492130175405582856","potions_obtained":[{"floor":5.0,"key":"Elixir"},{"floor":11.0,"key":"SteroidPotion"},{"floor":16.0,"key":"Weak Potion"},{"floor":21.0,"key":"Strength Potion"},{"floor":24.0,"key":"Weak Potion"},{"floor":28.0,"key":"LiquidMemories"},{"floor":29.0,"key":"PowerPotion"},{"floor":31.0,"key":"Milkshake"},{"floor":36.0,"key":"Fruit Juice"},{"floor":36.0,"key":"Adrenaline Potion"},{"floor":44,"key":"conspire:TimeTravelPotion"},{"floor":45,"key":"SneckoOil"}],"is_trial":false,"path_per_floor":["M","?","?","M","M","R","?","E","T","R","M","R","$","E","R","B",null,"M","M","$","M","?","R","E","M","T","M","M","E","R","M","R","B",null,"M","?","?","?","$","E","R","?","T","M","E","?","M","M","R","B",null],"character_chosen":"WATCHER","items_purchased":["ForeignInfluence","Juzu Bracelet","ReplayTheSpireMod:CursedCoin","Runesmith:Nanobots","Wallop","Replay:Sssssssssshield","FairyPotion"],"campfire_rested":4,"item_purchase_floors":[13,13,20,20,39,39,39],"current_hp_per_floor":[72,58,58,58,58,58,58,44,44,44,43,43,43,40,40,4,72,69,64,64,61,61,61,35,27,27,27,21,9,32,31,54,8,79,75,80,70,84,84,25,50,46,46,46,50,50,35,35,61,12],"gold":196,"neow_bonus":"THREE_ENEMY_KILL","is_daily":false,"chose_seed":false,"campfire_upgraded":4,"win_rate":0.0,"timestamp":1608544259,"path_taken":["M","?","?","?","M","R","?","E","T","R","M","R","$","E","R","BOSS","M","M","$","M","?","R","E","M","T","M","M","E","R","M","R","BOSS","M","?","?","?","$","E","R","?","T","M","E","?","M","M","R","BOSS"],"items_purchased_type":["Card","Relic","Relic","Relic","Card","Card","Potion"],"build_version":"2020-12-13","purchased_purges":1,"victory":true,"max_hp_per_floor":[72,72,72,72,72,72,72,72,72,72,72,72,72,72,72,72,72,72,72,72,72,72,72,72,72,72,72,72,79,79,79,79,79,79,79,84,84,84,84,84,84,84,84,84,88,88,88,88,88,88],"card_choices":[{"not_picked":["JustLucky","SignatureMove"],"picked":"Crescendo","floor":1.0},{"not_picked":["SignatureMove","BowlingBash"],"picked":"Protect","floor":4.0},{"not_picked":["Evaluate","ClearTheMind"],"picked":"EmptyFist","floor":5.0},{"not_picked":["JustLucky","Replay:BluntJabs"],"picked":"Worship","floor":8.0},{"not_picked":["Crescendo","EmptyMind"],"picked":"SashWhip","floor":11.0},{"not_picked":["WaveOfTheHand","EmptyFist"],"picked":"Adaptation","floor":14.0},{"not_picked":["Scrawl","DeusExMachina"],"picked":"LessonLearned","floor":16.0},{"not_picked":["FlyingSleeves+1","Meditate"],"picked":"FlurryOfBlows","floor":18.0},{"not_picked":["BowlingBash","Replay:ManipulateFuture"],"picked":"Worship","floor":19.0},{"not_picked":["EmptyBody","Weave+1"],"picked":"ForeignInfluence","floor":21.0},{"not_picked":["Conclude+1","PathToVictory"],"picked":"ReachHeaven","floor":24.0},{"not_picked":["Meditate+1","CrushJoints"],"picked":"FearNoEvil","floor":25.0},{"not_picked":["Indignation","BowlingBash"],"picked":"Replay:Hum","floor":27.0},{"not_picked":["ThirdEye","EmptyFist"],"picked":"Replay:Vibes","floor":28.0},{"not_picked":["SpiritShield","FlurryOfBlows"],"picked":"Prostrate+1","floor":29.0},{"not_picked":["Prostrate+1","CrushJoints"],"picked":"ClearTheMind+1","floor":31.0},{"not_picked":["Replay:AllIn","LessonLearned"],"picked":"Judgement","floor":33.0},{"not_picked":["Crescendo","SignatureMove"],"picked":"Vengeance","floor":35.0},{"not_picked":["ReplayTheSpireMod:Trickstab","Finesse"],"picked":"ReplayTheSpireMod:Brewmster","floor":37.0},{"not_picked":["strawberrySpire:Disreguard","Sadistic Nature"],"picked":"Transmutation","floor":37.0},{"not_picked":["Forethought","Violence"],"picked":"ReplayTheSpireMod:Private Reserves","floor":37.0},{"not_picked":["Replay:ManipulateFuture","ClearTheMind"],"picked":"JustLucky","floor":40.0},{"not_picked":["SashWhip+1","Consecrate+1"],"picked":"FollowUp","floor":42},{"not_picked":["Replay:Hum+1","Replay:ManipulateFuture"],"picked":"Replay:BluntJabs+1","floor":44},{"not_picked":["Blasphemy","ClearTheMind"],"picked":"BowlingBash","floor":45},{"not_picked":["Consecrate+1","Replay:AtTheReady"],"picked":"Halt+1","floor":47},{"not_picked":["Conclude","JustLucky"],"picked":"CrushJoints","floor":48}],"player_experience":89057,"relics_obtained":[{"floor":8.0,"key":"Anchor"},{"floor":14.0,"key":"hubris:ToyBattleship"},{"floor":24.0,"key":"Orichalcum"},{"floor":26.0,"key":"Garlic"},{"floor":29.0,"key":"Strawberry"},{"floor":40.0,"key":"ReplayTheSpireMod:TigerMarble"},{"floor":42,"key":"hubris:CuriousFeather"},{"floor":43,"key":"strawberrySpire:MawJerky"},{"floor":45,"key":"Blue Doll"}],"event_choices":[{"damage_healed":0.0,"max_hp_gain":0.0,"max_hp_loss":0.0,"gold_gain":0.0,"event_name":"Shining Light","player_choice":"Entered Light","floor":2.0,"gold_loss":0.0,"damage_taken":14.0,"cards_upgraded":["Strike_P","Vigilance"]},{"damage_healed":0.0,"max_hp_gain":0.0,"max_hp_loss":0.0,"gold_gain":0.0,"event_name":"Upgrade Shrine","player_choice":"Upgraded","floor":3.0,"gold_loss":0.0,"damage_taken":0.0,"cards_upgraded":["Crescendo"]},{"damage_healed":0.0,"max_hp_gain":0.0,"max_hp_loss":0.0,"gold_gain":0.0,"event_name":"Back to Basics","player_choice":"Simplicity","floor":22.0,"gold_loss":0.0,"damage_taken":0.0,"cards_upgraded":["Strike_P","Strike_P","Strike_P","Defend_P","Defend_P","Defend_P","Defend_P"]},{"damage_healed":0.0,"max_hp_gain":0.0,"max_hp_loss":0.0,"gold_gain":0.0,"event_name":"Lab","player_choice":"Got Potions","floor":36.0,"gold_loss":0.0,"damage_taken":0.0},{"damage_healed":0.0,"max_hp_gain":0.0,"max_hp_loss":0.0,"gold_gain":0.0,"event_name":"SensoryStone","player_choice":"Memory 3","floor":37.0,"gold_loss":0.0,"damage_taken":10.0},{"cards_removed":["Worship"],"damage_healed":14.0,"max_hp_gain":0.0,"max_hp_loss":0.0,"gold_gain":0.0,"event_name":"Bonfire Elementals","player_choice":"Offered Uncommon","floor":38.0,"gold_loss":0.0,"damage_taken":0.0},{"damage_healed":0,"gold_gain":0,"player_choice":"Fight","damage_taken":0,"max_hp_gain":0,"max_hp_loss":0,"event_name":"MindBloom","floor":42,"gold_loss":0},{"damage_healed":0,"gold_gain":0,"player_choice":"Gave Potion","damage_taken":0,"relics_obtained":["Boot"],"max_hp_gain":0,"max_hp_loss":0,"event_name":"WeMeetAgain","floor":46,"gold_loss":0}],"is_beta":false,"boss_relics":[{"not_picked":["Replay:Drink Me","energizedSpire:CrystalSphere"],"picked":"hubris:VirtuousBlindfold"},{"not_picked":["energizedSpire:EnergizedDie","strawberrySpire:SolarisEssence"],"picked":"hubris:ScarierMask"}],"items_purged_floors":[20],"is_endless":false,"potions_floor_spawned":[5,11,16,21,24,28,29,31,44,45],"ascension_level":1}}