{"host":"3jhxjeq8h3mqaq9s","time":1608578814,"event":{"mods":["BaseMod","Bestiary","Colored Map","Highlight Path","Minty Spire (QoL Compilation)","Rare Cards Sparkle","Relic Stats","StSLib","everything is the same but u backflip on backflip","slay the spire mod where everything is the same but ironclad has a cowboy hat"],"gold_per_floor":[115,115,130,130,143,174,174,174,222,255,109,124,124,144,144,269,269,284,199,124,25,43,78,78,96,121,165,184,184,184,208,208,339,339,353,353,353,303,323,323,366,387,438,438,452,483,506,544,544,544,544,544,75,109,109,109],"floor_reached":55,"playtime":2035,"items_purged":["Dualcast","Defend_B","Strike_B","Defend_B"],"score":1063,"play_id":"b396bf51-8257-469f-afa0-16fe37f3a418","local_time":"20201221142654","is_ascension_mode":true,"campfire_choices":[{"data":"Sunder","floor":8.0,"key":"SMITH"},{"floor":13.0,"key":"REST"},{"data":"Go for the Eyes","floor":15.0,"key":"SMITH"},{"data":"Reprogram","floor":24.0,"key":"SMITH"},{"floor":30.0,"key":"REST"},{"floor":32.0,"key":"REST"},{"data":"Hyperbeam","floor":40.0,"key":"SMITH"},{"data":"Streamline","floor":44.0,"key":"SMITH"},{"floor":49.0,"key":"RECALL"},{"data":"Hologram","floor":52.0,"key":"SMITH"}],"circlet_count":0,"master_deck":["Strike_B+1","Defend_B","Hyperbeam+1","Conserve Battery","Go for the Eyes+1","Steam Power","Sunder+1","Hologram+1","Sweeping Beam","Gash","Conserve Battery","Reprogram+1","Genetic Algorithm","Conserve Battery","Streamline+1","Hyperbeam+1","Hologram+1","Reprogram+1","FTL+1","Leap+1","Conserve Battery+1","Reprogram+1","Streamline+1","Gash"],"relics":["Cracked Core","Golden Idol","Smiling Mask","Whetstone","Philosopher\u0027s Stone","Oddly Smooth Stone","Art of War","Happy Flower","Bird Faced Urn","Nilry\u0027s Codex","Nuclear Battery","Darkstone Periapt","Akabeko","The Courier","Ginger","Bag of Marbles","Letter Opener","InkBottle"],"acts_visited":["Exordium","TheCity","TheBeyond","TheEnding"],"potions_floor_usage":[55,55,55],"damage_taken":[{"damage":0.0,"enemies":"Cultist","floor":1.0,"turns":2.0},{"damage":0.0,"enemies":"Small Slimes","floor":3.0,"turns":1.0},{"damage":0.0,"enemies":"2 Louse","floor":5.0,"turns":2.0},{"damage":8.0,"enemies":"3 Sentries","floor":6.0,"turns":4.0},{"damage":25.0,"enemies":"Lagavulin","floor":10.0,"turns":5.0},{"damage":5.0,"enemies":"Exordium Thugs","floor":12.0,"turns":2.0},{"damage":0.0,"enemies":"Exordium Wildlife","floor":14.0,"turns":2.0},{"damage":0.0,"enemies":"Slime Boss","floor":16.0,"turns":5.0},{"damage":3.0,"enemies":"Shell Parasite","floor":18.0,"turns":5.0},{"damage":6.0,"enemies":"Chosen","floor":22.0,"turns":2.0},{"damage":15.0,"enemies":"Slavers","floor":23.0,"turns":2.0},{"damage":7.0,"enemies":"Centurion and Healer","floor":25.0,"turns":2.0},{"damage":11.0,"enemies":"Gremlin Leader","floor":27.0,"turns":4.0},{"damage":0.0,"enemies":"3 Cultists","floor":28.0,"turns":2.0},{"damage":0.0,"enemies":"Snecko","floor":31.0,"turns":4.0},{"damage":11.0,"enemies":"Champ","floor":33.0,"turns":9.0},{"damage":0.0,"enemies":"Orb Walker","floor":35.0,"turns":2.0},{"damage":0.0,"enemies":"3 Darklings","floor":39.0,"turns":1.0},{"damage":2.0,"enemies":"Reptomancer","floor":41.0,"turns":4.0},{"damage":14.0,"enemies":"Maw","floor":42.0,"turns":7.0},{"damage":0.0,"enemies":"4 Shapes","floor":45.0,"turns":1.0},{"damage":11.0,"enemies":"Nemesis","floor":46.0,"turns":9.0},{"damage":0.0,"enemies":"Sphere and 2 Shapes","floor":47.0,"turns":1.0},{"damage":0.0,"enemies":"Reptomancer","floor":48.0,"turns":5.0},{"damage":38.0,"enemies":"Donu and Deca","floor":50.0,"turns":7.0},{"damage":14.0,"enemies":"Shield and Spear","floor":54.0,"turns":4.0},{"damage":100,"enemies":"The Heart","floor":55,"turns":3}],"seed_played":"-2811124721842479747","potions_obtained":[{"floor":1.0,"key":"PotionOfCapacity"},{"floor":5.0,"key":"SmokeBomb"},{"floor":14.0,"key":"Fire Potion"},{"floor":23.0,"key":"AttackPotion"},{"floor":28.0,"key":"Fire Potion"},{"floor":41.0,"key":"AttackPotion"},{"floor":42.0,"key":"LiquidMemories"},{"floor":46.0,"key":"Block Potion"},{"floor":54.0,"key":"EssenceOfSteel"}],"is_trial":false,"path_per_floor":["M","?","M","?","M","E","?","R","T","E","$","M","R","M","R","B",null,"M","?","?","$","M","E","R","M","T","E","M","?","R","M","R","B",null,"M","?","?","$","M","R","E","M","T","R","M","E","M","E","R","B",null,"R","$","E","B"],"character_chosen":"DEFECT","items_purchased":["Fire Potion","Sweeping Beam","Swift Potion","Bag of Marbles","Letter Opener","LiquidBronze","Gash"],"campfire_rested":3,"item_purchase_floors":[11,11,21,53,53,53,53],"current_hp_per_floor":[75,57,57,50,50,42,42,42,42,17,17,12,34,34,34,34,65,62,62,62,62,56,41,41,34,34,23,23,7,29,29,51,40,66,66,66,66,66,66,66,64,52,52,52,52,49,49,49,49,13,60,60,60,46,0,0],"gold":109,"neow_bonus":"TRANSFORM_CARD","is_daily":false,"chose_seed":false,"campfire_upgraded":6,"win_rate":0.0,"timestamp":1608578814,"path_taken":["M","?","M","?","M","E","?","R","T","E","$","M","R","M","R","BOSS","M","?","?","$","?","E","R","M","T","E","M","?","R","M","R","BOSS","M","?","?","$","M","R","E","?","T","R","M","E","M","E","R","BOSS","R","$","E","BOSS"],"items_purchased_type":["Potion","Card","Potion","Relic","Relic","Potion","Card"],"build_version":"2020-12-13","purchased_purges":4,"victory":false,"max_hp_per_floor":[75,75,75,75,75,75,75,75,75,75,75,75,75,75,75,75,75,75,75,75,75,75,75,75,75,75,75,75,75,75,75,75,75,75,75,75,75,75,75,75,75,75,75,75,75,75,75,75,75,75,75,75,75,75,75,75],"relic_stats":{"Darkstone Periapt":0,"Happy Flower":[21],"counters":[27,97],"Golden Idol":186,"Bird Faced Urn":[12],"Art of War":[4],"Whetstone":["Strike_B","Hyperbeam"],"Ginger":[2],"Letter Opener":[40],"Smiling Mask":220,"obtain_stats":[{"Darkstone Periapt":41,"Happy Flower":26,"Golden Idol":2,"Nilry\u0027s Codex":29,"Oddly Smooth Stone":19,"The Courier":46,"Whetstone":10,"Ginger":48,"Letter Opener":53,"Smiling Mask":6,"Akabeko":43,"Nuclear Battery":34,"Bird Faced Urn":27,"Philosopher\u0027s Stone":17,"Art of War":23,"Bag of Marbles":53,"Cracked Core":0,"InkBottle":54},{"Darkstone Periapt":19,"Happy Flower":12,"Golden Idol":1,"Nilry\u0027s Codex":14,"Oddly Smooth Stone":9,"The Courier":22,"Whetstone":5,"Ginger":24,"Letter Opener":25,"Smiling Mask":4,"Akabeko":20,"Nuclear Battery":16,"Bird Faced Urn":13,"Philosopher\u0027s Stone":8,"Art of War":11,"Bag of Marbles":25,"Cracked Core":0,"InkBottle":26},{"Darkstone Periapt":60,"Happy Flower":34,"Golden Idol":2,"Nilry\u0027s Codex":40,"Oddly Smooth Stone":28,"The Courier":77,"Whetstone":14,"Ginger":83,"Letter Opener":90,"Smiling Mask":9,"Akabeko":67,"Nuclear Battery":53,"Bird Faced Urn":38,"Philosopher\u0027s Stone":23,"Art of War":32,"Bag of Marbles":90,"Cracked Core":0,"InkBottle":94}],"InkBottle":[1]},"card_choices":[{"not_picked":["Darkness","Chill"],"picked":"Conserve Battery","floor":1.0},{"not_picked":["Redo","Stack"],"picked":"Go for the Eyes","floor":3.0},{"not_picked":["Lockon","Fusion"],"picked":"Steam Power","floor":5.0},{"not_picked":["Multi-Cast","Turbo"],"picked":"Sunder","floor":6.0},{"not_picked":["Stack","Coolheaded"],"picked":"Hologram","floor":10.0},{"not_picked":["Hello World","Compile Driver","Turbo"],"picked":"SKIP","floor":12.0},{"not_picked":["Go for the Eyes","Self Repair"],"picked":"Gash","floor":14.0},{"not_picked":["Barrage","Turbo+1"],"picked":"Conserve Battery","floor":18.0},{"not_picked":["Force Field","Loop"],"picked":"Reprogram","floor":22.0},{"not_picked":["Undo+1","Streamline"],"picked":"Genetic Algorithm","floor":23.0},{"not_picked":["Self Repair","Beam Cell","Sweeping Beam"],"picked":"SKIP","floor":25.0},{"not_picked":["Go for the Eyes+1","Scrape"],"picked":"Conserve Battery","floor":27.0},{"not_picked":["Fusion","Steam","Stack"],"picked":"SKIP","floor":28.0},{"not_picked":["Electrodynamics","Sunder"],"picked":"Streamline","floor":31.0},{"not_picked":["Thunder Strike","Fission"],"picked":"Hyperbeam","floor":33.0},{"not_picked":["Rip and Tear+1","Glacier+1"],"picked":"Hologram+1","floor":35.0},{"not_picked":["Gash+1","Ball Lightning"],"picked":"FTL+1","floor":39.0},{"not_picked":["Sunder","Fission"],"picked":"Leap+1","floor":41.0},{"not_picked":["Force Field","White Noise+1","Coolheaded"],"picked":"SKIP","floor":42.0},{"not_picked":["Ball Lightning","Redo"],"picked":"Conserve Battery+1","floor":45.0},{"not_picked":["Meteor Strike","Coolheaded","Turbo"],"picked":"SKIP","floor":46.0},{"not_picked":["Beam Cell+1","Tempest+1"],"picked":"Reprogram+1","floor":47.0},{"not_picked":["Conserve Battery","Force Field+1"],"picked":"Streamline+1","floor":48.0},{"not_picked":["Self Repair","Hologram+1","Gash"],"picked":"SKIP","floor":54.0}],"player_experience":2443928,"relics_obtained":[{"floor":6.0,"key":"Smiling Mask"},{"floor":10.0,"key":"Whetstone"},{"floor":23.0,"key":"Art of War"},{"floor":26.0,"key":"Happy Flower"},{"floor":27.0,"key":"Bird Faced Urn"},{"floor":29.0,"key":"Nilry\u0027s Codex"},{"floor":41.0,"key":"Darkstone Periapt"},{"floor":43.0,"key":"Akabeko"},{"floor":46.0,"key":"The Courier"},{"floor":48.0,"key":"Ginger"},{"floor":54.0,"key":"InkBottle"}],"event_choices":[{"damage_healed":0.0,"max_hp_gain":0.0,"max_hp_loss":0.0,"gold_gain":0.0,"event_name":"Golden Idol","player_choice":"Take Damage","floor":2.0,"gold_loss":0.0,"damage_taken":18.0,"relics_obtained":["Golden Idol"]},{"cards_removed":["Zap"],"damage_healed":0.0,"max_hp_gain":0.0,"max_hp_loss":0.0,"gold_gain":0.0,"event_name":"Golden Wing","player_choice":"Card Removal","floor":4.0,"gold_loss":0.0,"damage_taken":7.0},{"damage_healed":0.0,"max_hp_gain":0.0,"max_hp_loss":0.0,"gold_gain":0.0,"event_name":"Liars Game","player_choice":"Ignored","floor":7.0,"gold_loss":0.0,"damage_taken":0.0},{"damage_healed":0.0,"max_hp_gain":0.0,"max_hp_loss":0.0,"gold_gain":0.0,"event_name":"Addict","player_choice":"Obtained Relic","floor":19.0,"gold_loss":85.0,"damage_taken":0.0,"relics_obtained":["Oddly Smooth Stone"]},{"cards_removed":["Strike_B"],"damage_healed":0.0,"max_hp_gain":0.0,"max_hp_loss":0.0,"gold_gain":0.0,"event_name":"Beggar","player_choice":"Gave Gold","floor":20.0,"gold_loss":75.0,"damage_taken":0.0},{"damage_healed":0.0,"max_hp_gain":0.0,"max_hp_loss":0.0,"gold_gain":0.0,"event_name":"Cursed Tome","player_choice":"Obtained Book","floor":29.0,"gold_loss":0.0,"damage_taken":16.0},{"cards_removed":["Defend_B"],"damage_healed":0.0,"max_hp_gain":0.0,"max_hp_loss":0.0,"gold_gain":0.0,"event_name":"Falling","player_choice":"Removed Skill","floor":36.0,"gold_loss":0.0,"damage_taken":0.0},{"damage_healed":0.0,"max_hp_gain":0.0,"max_hp_loss":0.0,"gold_gain":0.0,"event_name":"Duplicator","player_choice":"Copied","floor":37.0,"gold_loss":0.0,"damage_taken":0.0,"cards_obtained":["Reprogram"]}],"is_beta":false,"boss_relics":[{"not_picked":["SlaversCollar","FrozenCore"],"picked":"Philosopher\u0027s Stone"},{"not_picked":["Tiny House","Sozu"],"picked":"Nuclear Battery"}],"items_purged_floors":[11,21,38,53],"is_endless":false,"potions_floor_spawned":[1,5,14,23,28,41,42,46,47,54],"killed_by":"The Heart","ascension_level":5}}