{"host":"sav7uxregyirlf69","time":1608556861,"event":{"mods":["AchievementEnabler","BaseMod","Colored Map","DeckTracker","Keyboard Shortcuts","Minty Spire (QoL Compilation)","READ ME - Guardian Mod","StSLib","SuperFastMode"],"gold_per_floor":[109,126,138,138,155,180,25,25,25,92,107,107,107],"floor_reached":12,"playtime":188,"items_purged":["Defend_P"],"score":123,"play_id":"f99cb5f2-9872-4a77-ae3d-5a807d003308","local_time":"20201221222101","is_ascension_mode":true,"campfire_choices":[{"data":"Eruption","floor":8,"key":"SMITH"}],"circlet_count":0,"master_deck":["AscendersBane","Strike_P","Strike_P","Strike_P","Strike_P","Defend_P","Defend_P","Defend_P","Eruption+1","Vigilance","CrushJoints","FlurryOfBlows","TalkToTheHand","MentalFortress","BowlingBash","Adaptation","Crescendo","FearNoEvil"],"relics":["PureWater","NeowsBlessing","SsserpentHead","Happy Flower","Ancient Tea Set"],"acts_visited":["Exordium"],"potions_floor_usage":[6,12],"damage_taken":[{"damage":0,"enemies":"Cultist","floor":1,"turns":1},{"damage":0,"enemies":"Jaw Worm","floor":2,"turns":1},{"damage":0,"enemies":"Small Slimes","floor":3,"turns":1},{"damage":10,"enemies":"3 Louse","floor":5,"turns":4},{"damage":20,"enemies":"Lagavulin","floor":6,"turns":7},{"damage":11,"enemies":"Looter","floor":10,"turns":2},{"damage":9,"enemies":"Large Slime","floor":11,"turns":3},{"damage":16,"enemies":"3 Sentries","floor":12,"turns":2}],"seed_played":"8495727884931857623","potions_obtained":[{"floor":2,"key":"GamblersBrew"},{"floor":3,"key":"BlessingOfTheForge"},{"floor":11,"key":"Ambrosia"}],"is_trial":false,"path_per_floor":["M","M","M","?","M","E","$","R","T","M","M","E"],"character_chosen":"WATCHER","items_purchased":["Adaptation"],"campfire_rested":0,"item_purchase_floors":[7],"current_hp_per_floor":[65,65,65,65,55,35,35,35,35,24,15,0,0],"gold":107,"neow_bonus":"THREE_ENEMY_KILL","is_daily":false,"chose_seed":false,"campfire_upgraded":1,"win_rate":0.0,"timestamp":1608556861,"path_taken":["M","?","?","?","M","E","$","R","T","?","M","E"],"items_purchased_type":["Card"],"build_version":"2020-12-13","purchased_purges":1,"victory":false,"max_hp_per_floor":[72,72,72,72,72,72,72,72,72,72,72,72,72],"card_choices":[{"not_picked":["ThirdEye","SashWhip"],"picked":"CrushJoints","floor":1},{"not_picked":["Collect","JustLucky"],"picked":"FlurryOfBlows","floor":2},{"not_picked":["Vengeance","CrushJoints"],"picked":"TalkToTheHand","floor":3},{"not_picked":["Vault","CutThroughFate"],"picked":"MentalFortress","floor":5},{"not_picked":["SandsOfTime","Indignation"],"picked":"BowlingBash","floor":6},{"not_picked":["JustLucky","ThirdEye"],"picked":"Crescendo","floor":10},{"not_picked":["ReachHeaven","CutThroughFate"],"picked":"FearNoEvil","floor":11}],"player_experience":983703,"relics_obtained":[{"floor":6,"key":"Happy Flower"},{"floor":9,"key":"Ancient Tea Set"}],"event_choices":[{"damage_healed":0,"gold_gain":0,"player_choice":"Trade","damage_taken":0,"relics_obtained":["SsserpentHead"],"max_hp_gain":0,"max_hp_loss":0,"event_name":"FaceTrader","floor":4,"gold_loss":0}],"is_beta":false,"boss_relics":[],"items_purged_floors":[7],"is_endless":false,"potions_floor_spawned":[2,3,11],"killed_by":"3 Sentries","ascension_level":10}}