{"host":"mqhvlr3kpxebko0t","time":1608518367,"event":{"mods":["AchievementEnabler","BaseMod","Colored Map","Colored Powertips","Keyboard Shortcuts","Minty Spire (QoL Compilation)","StSLib","SuperFastMode"],"gold_per_floor":[117,127,127,127,52,96,246,246,272,293,14,14,14],"floor_reached":12,"playtime":98,"items_purged":["Strike_P","Doubt"],"score":197,"play_id":"62b405c1-0fa6-4a44-a808-4010b89ae345","local_time":"20201221113927","is_ascension_mode":true,"campfire_choices":[],"circlet_count":0,"master_deck":["AscendersBane","Strike_P","Strike_P","Strike_P","Defend_P","Defend_P","Defend_P","Eruption","Vigilance","CrushJoints","EmptyFist","Vault"],"relics":["PureWater","NeowsBlessing","Golden Idol","Mango","Damaru","Happy Flower"],"acts_visited":["Exordium"],"potions_floor_usage":[10,12,12],"damage_taken":[{"damage":0,"enemies":"Cultist","floor":1,"turns":1},{"damage":0,"enemies":"Jaw Worm","floor":2,"turns":1},{"damage":0,"enemies":"3 Sentries","floor":6,"turns":2},{"damage":0,"enemies":"2 Louse","floor":10,"turns":2},{"damage":30,"enemies":"Lagavulin","floor":12,"turns":6}],"seed_played":"4974323075614859396","potions_obtained":[{"floor":1,"key":"Weak Potion"},{"floor":2,"key":"Fire Potion"},{"floor":10,"key":"DuplicationPotion"}],"is_trial":false,"path_per_floor":["M","M","?","?","$","E","?","?","T","M","$","E"],"character_chosen":"WATCHER","items_purchased":["Vault"],"campfire_rested":0,"item_purchase_floors":[11],"current_hp_per_floor":[61,61,61,54,54,68,68,33,33,33,33,3,3],"gold":14,"neow_bonus":"THREE_ENEMY_KILL","is_daily":false,"chose_seed":false,"campfire_upgraded":0,"win_rate":0.0,"timestamp":1608518367,"path_taken":["M","?","?","?","$","E","?","?","T","M","$","E"],"items_purchased_type":["Card"],"build_version":"2020-12-13","purchased_purges":2,"victory":false,"max_hp_per_floor":[68,68,62,62,62,76,76,76,76,76,76,76,76],"card_choices":[{"not_picked":["ForeignInfluence","ThirdEye","LikeWater"],"picked":"SKIP","floor":1},{"not_picked":["PathToVictory","ForeignInfluence"],"picked":"CrushJoints","floor":2},{"not_picked":["Sanctity","ReachHeaven","Halt"],"picked":"SKIP","floor":6},{"not_picked":["CutThroughFate","WreathOfFlame"],"picked":"EmptyFist","floor":10}],"player_experience":666027,"relics_obtained":[{"floor":6,"key":"Mango"},{"floor":9,"key":"Happy Flower"}],"event_choices":[{"damage_healed":0,"gold_gain":0,"player_choice":"Lose Max HP","damage_taken":0,"relics_obtained":["Golden Idol"],"max_hp_gain":0,"max_hp_loss":6,"event_name":"Golden Idol","floor":3,"gold_loss":0},{"cards_removed":["Defend_P"],"damage_healed":0,"gold_gain":0,"player_choice":"Card Removal","damage_taken":7,"max_hp_gain":0,"max_hp_loss":0,"event_name":"Golden Wing","floor":4,"gold_loss":0},{"damage_healed":0,"gold_gain":150,"player_choice":"AGREE","damage_taken":0,"max_hp_gain":0,"max_hp_loss":0,"event_name":"Liars Game","floor":7,"gold_loss":0,"cards_obtained":["Doubt"]},{"damage_healed":0,"gold_gain":0,"player_choice":"Success","damage_taken":35,"relics_obtained":["Damaru"],"max_hp_gain":0,"max_hp_loss":0,"event_name":"Scrap Ooze","floor":8,"gold_loss":0}],"is_beta":false,"boss_relics":[],"items_purged_floors":[5,11],"is_endless":false,"potions_floor_spawned":[1,2,10],"killed_by":"Lagavulin","ascension_level":19}}