{"host":"cc187","time":1608516041,"event":{"mods":["AchievementEnabler","BaseMod","Bestiary","Colored Map","Colored Powertips","Highlight Path","Keyboard Shortcuts","Minty Spire (QoL Compilation)","Quick Restart","Rare Cards Sparkle","Relic Stats","StSLib","SuperFastMode","Synergy Search","ojb\u0027s Info Mod"],"gold_per_floor":[111,31,31,31,31,56,56,56,132,162,176,192,192,220,220,220,220],"floor_reached":16,"playtime":749,"items_purged":[],"score":220,"play_id":"bbdf9bde-4a28-48f0-80fb-406c4b95ac27","local_time":"20201221020041","is_ascension_mode":true,"campfire_choices":[{"data":"Dash","floor":7,"key":"SMITH"},{"floor":13,"key":"REST"},{"floor":15,"key":"REST"}],"circlet_count":0,"master_deck":["AscendersBane","Strike_G","Strike_G","Strike_G","Strike_G","Strike_G","Defend_G","Defend_G","Defend_G","Defend_G","Defend_G","Survivor","Neutralize","Doppelganger+1","Blade Dance","Dash+1","Accuracy","Escape Plan"],"relics":["Ring of the Snake","Ornamental Fan","Juzu Bracelet","Singing Bowl","Matryoshka","MealTicket"],"acts_visited":["Exordium"],"potions_floor_usage":[12,14],"damage_taken":[{"damage":2,"enemies":"Jaw Worm","floor":1,"turns":6},{"damage":22,"enemies":"3 Sentries","floor":6,"turns":12},{"damage":30,"enemies":"Lagavulin","floor":10,"turns":9},{"damage":0,"enemies":"Small Slimes","floor":11,"turns":2},{"damage":0,"enemies":"2 Louse","floor":12,"turns":2},{"damage":19,"enemies":"3 Sentries","floor":14,"turns":11},{"damage":52,"enemies":"Slime Boss","floor":16,"turns":8}],"seed_played":"-6568315179690030655","potions_obtained":[{"floor":11,"key":"Dexterity Potion"},{"floor":12,"key":"Regen Potion"}],"is_trial":false,"path_per_floor":["M","$","?","?","T","E","R","$","T","E","M","M","R","E","R","B"],"character_chosen":"THE_SILENT","items_purchased":["Dash"],"campfire_rested":2,"item_purchase_floors":[2],"current_hp_per_floor":[57,57,57,57,57,35,35,35,35,5,7,9,28,26,45,0,0],"gold":220,"neow_bonus":"THREE_RARE_CARDS","is_daily":false,"chose_seed":false,"campfire_upgraded":1,"win_rate":0.0,"timestamp":1608516041,"path_taken":["M","$","?","?","?","E","R","$","T","E","M","M","R","E","R","BOSS"],"items_purchased_type":["Card"],"build_version":"2020-12-18","purchased_purges":0,"victory":false,"max_hp_per_floor":[60,60,60,60,60,60,60,60,60,60,62,64,64,66,66,66,66],"relic_stats":{"Singing Bowl":6,"counters":[7,50],"Ornamental Fan":[80],"MealTicket":0,"Juzu Bracelet":0,"obtain_stats":[{"Matryoshka":10,"Singing Bowl":9,"Ornamental Fan":5,"MealTicket":14,"Juzu Bracelet":6,"Ring of the Snake":0},{"Matryoshka":3,"Singing Bowl":2,"Ornamental Fan":1,"MealTicket":6,"Juzu Bracelet":2,"Ring of the Snake":0},{"Matryoshka":27,"Singing Bowl":18,"Ornamental Fan":6,"MealTicket":42,"Juzu Bracelet":18,"Ring of the Snake":0}],"Ring of the Snake":[14]},"card_choices":[{"not_picked":["Malaise","Night Terror"],"picked":"Doppelganger","floor":0},{"not_picked":["Dagger Throw","Acrobatics"],"picked":"Blade Dance","floor":1},{"not_picked":["Dodge and Roll","PiercingWail"],"picked":"Accuracy","floor":6},{"not_picked":["Deflect","Dagger Spray"],"picked":"Escape Plan","floor":10},{"not_picked":["Endless Agony","Backflip","PiercingWail"],"picked":"Singing Bowl","floor":11},{"not_picked":["Calculated Gamble","Acrobatics","Deadly Poison"],"picked":"Singing Bowl","floor":12},{"not_picked":["Caltrops","Underhanded Strike","Bouncing Flask"],"picked":"Singing Bowl","floor":14}],"player_experience":821987,"relics_obtained":[{"floor":5,"key":"Ornamental Fan"},{"floor":6,"key":"Juzu Bracelet"},{"floor":9,"key":"Singing Bowl"},{"floor":10,"key":"Matryoshka"},{"floor":14,"key":"MealTicket"}],"event_choices":[{"damage_healed":0,"gold_gain":0,"player_choice":"Ignored","damage_taken":0,"max_hp_gain":0,"max_hp_loss":0,"event_name":"Liars Game","floor":3,"gold_loss":0},{"damage_healed":0,"gold_gain":0,"player_choice":"Grow","damage_taken":0,"max_hp_gain":0,"max_hp_loss":0,"event_name":"Living Wall","floor":4,"gold_loss":0,"cards_upgraded":["Doppelganger"]}],"is_beta":true,"boss_relics":[],"items_purged_floors":[],"is_endless":false,"potions_floor_spawned":[11,12],"killed_by":"Slime Boss","ascension_level":18}}