{"host":"5jn3rki867005t18","time":1608551135,"event":{"mods":["2.2 Compatiblity","AchievementEnabler","BaseMod","Colored Map","DeckTracker","Minty Spire (QoL Compilation)","Permanent Neow","Rare Cards Sparkle","StSLib","SuperFastMode"],"gold_per_floor":[212,225,225,64,84,115,129,156,168,192,204,231,243,130,130,230,230,241,241,47,47,59,59,88,104,104,54,54,89,89,104,104,104,104],"floor_reached":33,"playtime":1331,"items_purged":["Strike_R","Strike_R","Strike_R"],"score":295,"play_id":"3f43511f-77e2-4abc-a668-1aae4c2a6f31","local_time":"20201221204535","is_ascension_mode":false,"campfire_choices":[{"data":"Rage","floor":11,"key":"SMITH"},{"data":"Metallicize","floor":13,"key":"SMITH"},{"floor":15,"key":"REST"},{"data":"Inflame","floor":23,"key":"SMITH"},{"floor":28,"key":"REST"},{"floor":32,"key":"REST"}],"circlet_count":0,"master_deck":["Strike_R","Defend_R","Defend_R+1","Defend_R+1","Defend_R","Bash","Iron Wave","Twin Strike","Swift Strike","Rage+1","Pummel","Pommel Strike","Rupture","Inflame+1","Metallicize+1","Sword Boomerang","Immolate","Twin Strike+1","RitualDagger","Intimidate","Dual Wield","Thunderclap","Infernal Blade","Immolate","Clash","Shrug It Off","Spot Weakness+1"],"relics":["Burning Blood","Pear","Ancient Tea Set","MawBank","War Paint","Runic Dome","Bag of Preparation","Magic Flower","Boot"],"acts_visited":["Exordium","TheCity"],"potions_floor_usage":[16,24,25,29,29],"damage_taken":[{"damage":5,"enemies":"Cultist","floor":1,"turns":4},{"damage":2,"enemies":"2 Louse","floor":2,"turns":3},{"damage":6,"enemies":"Jaw Worm","floor":5,"turns":2},{"damage":25,"enemies":"3 Sentries","floor":6,"turns":10},{"damage":4,"enemies":"Looter","floor":7,"turns":2},{"damage":19,"enemies":"Gremlin Nob","floor":8,"turns":5},{"damage":8,"enemies":"Red Slaver","floor":10,"turns":3},{"damage":6,"enemies":"Lots of Slimes","floor":12,"turns":4},{"damage":34,"enemies":"The Guardian","floor":16,"turns":11},{"damage":12,"enemies":"2 Thieves","floor":18,"turns":4},{"damage":6,"enemies":"Chosen","floor":22,"turns":4},{"damage":63,"enemies":"Book of Stabbing","floor":24,"turns":6},{"damage":18,"enemies":"Snecko","floor":25,"turns":5},{"damage":29,"enemies":"Gremlin Leader","floor":29,"turns":3},{"damage":8,"enemies":"Centurion and Healer","floor":31,"turns":6},{"damage":79,"enemies":"Automaton","floor":33,"turns":6}],"seed_played":"3254077043444424929","potions_obtained":[{"floor":2,"key":"SpeedPotion"},{"floor":10,"key":"Ancient Potion"},{"floor":22,"key":"LiquidMemories"},{"floor":24,"key":"LiquidBronze"},{"floor":25,"key":"PowerPotion"}],"is_trial":false,"path_per_floor":["M","M","T","$","M","E","M","E","T","M","R","M","R","$","R","B",null,"M","?","$","?","M","R","E","M","T","$","R","E","?","M","R","B"],"character_chosen":"IRONCLAD","items_purchased":["Swift Strike","Sword Boomerang","Intimidate","Clash"],"campfire_rested":3,"item_purchase_floors":[4,14,20,27],"current_hp_per_floor":[80,80,90,90,90,71,73,60,60,58,58,58,58,58,85,57,90,84,78,78,78,78,78,21,9,9,9,36,16,16,17,44,0,0],"gold":104,"neow_bonus":"HUNDRED_GOLD","is_daily":false,"chose_seed":false,"campfire_upgraded":3,"win_rate":0.0,"timestamp":1608551135,"path_taken":["M","M","?","$","M","E","M","E","T","?","R","M","R","?","R","BOSS","M","?","$","?","M","R","E","M","T","?","R","E","?","?","R","BOSS"],"items_purchased_type":["Card","Card","Card","Card"],"build_version":"2020-12-13","purchased_purges":3,"victory":false,"max_hp_per_floor":[80,80,90,90,90,90,90,90,90,90,90,90,90,90,90,90,90,90,90,90,90,90,90,90,90,90,90,90,90,90,90,90,90,90],"card_choices":[{"not_picked":["Thunderclap","Anger"],"picked":"Iron Wave","floor":1},{"not_picked":["Flex","Rupture"],"picked":"Twin Strike","floor":2},{"not_picked":["Twin Strike","Sever Soul"],"picked":"Rage","floor":5},{"not_picked":["Corruption","Fiend Fire"],"picked":"Pummel","floor":6},{"not_picked":["Wild Strike","Iron Wave"],"picked":"Pommel Strike","floor":7},{"not_picked":["Entrench","Perfected Strike"],"picked":"Rupture","floor":8},{"not_picked":["Body Slam","Twin Strike"],"picked":"Inflame","floor":10},{"not_picked":["Shrug It Off","Dark Embrace"],"picked":"Metallicize","floor":12},{"not_picked":["Offering","Corruption"],"picked":"Immolate","floor":16},{"not_picked":["Carnage","Iron Wave+1"],"picked":"Twin Strike+1","floor":18},{"not_picked":["Feel No Pain","True Grit"],"picked":"Thunderclap","floor":22},{"not_picked":["Havoc","Clothesline"],"picked":"Infernal Blade","floor":24},{"not_picked":["Sentinel+1","Wild Strike"],"picked":"Immolate","floor":25},{"not_picked":["Whirlwind","Sever Soul"],"picked":"Shrug It Off","floor":29},{"not_picked":["Body Slam","Armaments"],"picked":"Spot Weakness+1","floor":31}],"player_experience":37615,"relics_obtained":[{"floor":3,"key":"Pear"},{"floor":6,"key":"Ancient Tea Set"},{"floor":8,"key":"MawBank"},{"floor":9,"key":"War Paint"},{"floor":24,"key":"Bag of Preparation"},{"floor":26,"key":"Magic Flower"},{"floor":29,"key":"Boot"}],"event_choices":[{"damage_healed":0,"gold_gain":0,"player_choice":"Joined the Cult","damage_taken":6,"max_hp_gain":0,"max_hp_loss":0,"event_name":"Nest","floor":19,"gold_loss":0,"cards_obtained":["RitualDagger"]},{"damage_healed":0,"gold_gain":0,"player_choice":"Read","damage_taken":0,"max_hp_gain":0,"max_hp_loss":0,"event_name":"The Library","floor":21,"gold_loss":0,"cards_obtained":["Dual Wield"]},{"cards_removed":["Strike_R"],"damage_healed":0,"gold_gain":0,"player_choice":"Offered Basic","damage_taken":0,"max_hp_gain":0,"max_hp_loss":0,"event_name":"Bonfire Elementals","floor":30,"gold_loss":0}],"is_beta":false,"boss_relics":[{"not_picked":["SacredBark","Ectoplasm"],"picked":"Runic Dome"}],"items_purged_floors":[4,14,20],"is_endless":false,"potions_floor_spawned":[2,10,22,24,25],"killed_by":"Automaton","ascension_level":0}}