{"host":"p7xnybcl7rtshmbr","time":1608574110,"event":{"mods":["AchievementEnabler","AlwaysNeverKeys","Aspiration","BaseMod","Hermit","Hubris","Minty Spire (QoL Compilation)","Replay The Spire","StSLib","The Hierophant","The Marked","The Poker Player","The Servant 0.9.4"],"gold_per_floor":[117,117,129,79,79,111,123,137,163,450,487,499,545,574,586,598,598],"floor_reached":16,"playtime":691,"items_purged":[],"score":145,"play_id":"46ff2a46-f88e-4048-b28a-5e0a2ef77960","local_time":"20201221210830","is_ascension_mode":false,"campfire_choices":[{"floor":12,"key":"REST"},{"floor":15,"key":"DIG"}],"circlet_count":0,"master_deck":["theMarked:Strike","theMarked:Strike","theMarked:Strike","theMarked:Strike","theMarked:Defend+1","theMarked:Defend+1","theMarked:Defend+1","theMarked:SoldierOfQuellstein","theMarked:WardOff","theMarked:LightningStrikesTwice","theMarked:HeightenedSenses","theMarked:EnhancedHearing","theMarked:GodGivenPower","Regret","theMarked:ChainLightning","theMarked:KeepCalmAndFightOn"],"relics":["theMarked:ArtifactOfAir","NeowsBlessing","Replay:Towering Pillar of Hats","MawBank","hubris:TenFootPole","Replay:Bottled Eggs","Incense Burner"],"acts_visited":["Exordium"],"potions_floor_usage":[16],"damage_taken":[{"damage":0,"enemies":"Jaw Worm","floor":1,"turns":1},{"damage":0,"enemies":"2 Louse","floor":3,"turns":1},{"damage":0,"enemies":"Replay:BlueRogue","floor":6,"turns":1},{"damage":0,"enemies":"Cultist","floor":7,"turns":4},{"damage":3,"enemies":"Lots of Slimes","floor":8,"turns":6},{"damage":27,"enemies":"3 Sentries","floor":11,"turns":9},{"damage":23,"enemies":"Lagavulin","floor":13,"turns":6},{"damage":9,"enemies":"Blue Slaver","floor":14,"turns":4},{"damage":32,"enemies":"Slime Boss","floor":16,"turns":7}],"seed_played":"2271568191394956884","potions_obtained":[{"floor":6,"key":"Adrenaline Potion"},{"floor":7,"key":"Swift Potion"},{"floor":8,"key":"BlessingOfTheForge"}],"is_trial":false,"path_per_floor":["M","?","M","?","?","E","M","M","T","?","E","R","E","M","R","B"],"character_chosen":"THE_DEFAULT","items_purchased":[],"campfire_rested":1,"item_purchase_floors":[],"current_hp_per_floor":[70,70,70,70,70,70,70,67,67,67,40,61,38,29,29,0,0],"gold":598,"neow_bonus":"THREE_ENEMY_KILL","is_daily":false,"chose_seed":false,"campfire_upgraded":0,"win_rate":0.0,"timestamp":1608574110,"path_taken":["M","?","M","?","?","E","?","?","T","?","E","R","E","M","R","BOSS"],"items_purchased_type":[],"build_version":"2020-12-13","purchased_purges":0,"victory":false,"max_hp_per_floor":[70,70,70,70,70,70,70,70,70,70,70,70,70,70,70,70,70],"card_choices":[{"not_picked":["theMarked:ResourceFulStrike","theMarked:ElectricStrings"],"picked":"theMarked:WardOff","floor":1},{"not_picked":["theMarked:MaelstromOfLightning","theMarked:Improvise"],"picked":"theMarked:LightningStrikesTwice","floor":3},{"not_picked":["theMarked:RogueSparks","theMarked:Static"],"picked":"theMarked:HeightenedSenses","floor":6},{"not_picked":["theMarked:WardOff","theMarked:TwofoldDefense"],"picked":"theMarked:EnhancedHearing","floor":7},{"not_picked":["theMarked:Seal","theMarked:Opportunist"],"picked":"theMarked:GodGivenPower","floor":8},{"not_picked":["theMarked:GodGivenPower","theMarked:Frustration"],"picked":"theMarked:ChainLightning","floor":11},{"not_picked":["theMarked:Reabsorb","theMarked:MysticalArsenal","theMarked:PowerFlow"],"picked":"SKIP","floor":13},{"not_picked":["theMarked:Frustration","theMarked:ChainLightning"],"picked":"theMarked:KeepCalmAndFightOn","floor":14}],"player_experience":317475,"relics_obtained":[{"floor":6,"key":"Replay:Towering Pillar of Hats"},{"floor":9,"key":"MawBank"},{"floor":11,"key":"hubris:TenFootPole"},{"floor":13,"key":"Replay:Bottled Eggs"},{"floor":15,"key":"Incense Burner"}],"event_choices":[{"cards_removed":["theMarked:Strike"],"damage_healed":0,"gold_gain":0,"player_choice":"Card Removal","damage_taken":0,"max_hp_gain":0,"max_hp_loss":0,"event_name":"The Cleric","floor":4,"gold_loss":50},{"cards_removed":["theMarked:Defend"],"damage_healed":0,"gold_gain":0,"player_choice":"Purged","damage_taken":0,"max_hp_gain":0,"max_hp_loss":0,"event_name":"Purifier","floor":5,"gold_loss":0},{"damage_healed":0,"gold_gain":275,"player_choice":"Desecrate","damage_taken":0,"max_hp_gain":0,"max_hp_loss":0,"event_name":"Golden Shrine","floor":10,"gold_loss":0,"cards_obtained":["Regret"]}],"is_beta":false,"boss_relics":[],"items_purged_floors":[],"is_endless":false,"potions_floor_spawned":[6,7,8],"killed_by":"Slime Boss","ascension_level":0}}