{"host":"30jsp143e4v19aze","time":1608589154,"event":{"mods":["BaseMod","Colored Map","Colored Powertips","Curses Come First","DeckTracker","Highlight Path","Minty Spire (QoL Compilation)","Quick Restart","Relic Stats","StSLib"],"gold_per_floor":[119,134,134,144,144,169,169,169,192,192,203,203,236,114,114,191,191,210,224,224,38,38,38,71,0,0,0,0,14,114,148,148,222,222,234,234,234,65,90,117,117,152,179,192,192,217,230,255,255,255,255,255,3,37,37,37],"floor_reached":55,"playtime":3230,"items_purged":["Strike_G","Writhe"],"score":1443,"play_id":"7943167c-618e-4c5f-9c14-8e8dfbe36756","local_time":"20201221231914","is_ascension_mode":true,"campfire_choices":[{"floor":7,"key":"REST"},{"data":"Endless Agony","floor":10,"key":"SMITH"},{"data":"Finisher","floor":12,"key":"SMITH"},{"data":"Endless Agony","floor":15,"key":"SMITH"},{"floor":23,"key":"REST"},{"floor":28,"key":"REST"},{"data":"Infinite Blades","floor":32,"key":"SMITH"},{"data":"Acrobatics","floor":45,"key":"SMITH"},{"floor":49,"key":"RECALL"},{"data":"PiercingWail","floor":52,"key":"SMITH"}],"circlet_count":0,"master_deck":["AscendersBane","Strike_G","Strike_G","Strike_G","Strike_G","Defend_G","Defend_G+1","Defend_G","Defend_G","Defend_G","Survivor","Neutralize","Terror+1","Acrobatics+1","Endless Agony+1","Finisher+1","Endless Agony+1","Venomology","PiercingWail+1","Underhanded Strike","Choke","Concentrate","Infinite Blades+1","Concentrate","Necronomicurse","Die Die Die","Tools of the Trade","Prepared+1","Footwork","Footwork+1","Tactician+1","Blade Dance","Backflip+1","After Image+1","PiercingWail+1","Accuracy+1","Caltrops+1","Crippling Poison","Adrenaline"],"relics":["Ring of the Snake","NeowsBlessing","Bag of Marbles","Akabeko","Bag of Preparation","Mercury Hourglass","Blood Vial","Runic Pyramid","Mango","Kunai","Eternal Feather","Necronomicon","Tough Bandages","Bottled Lightning","Tiny Chest","HoveringKite","Snake Skull","Torii","Blue Candle","Frozen Egg 2","Pear","Regal Pillow","PreservedInsect","Medical Kit","Anchor"],"acts_visited":["Exordium","TheCity","TheBeyond","TheEnding"],"potions_floor_usage":[3,6,13,24,29,30,30,30,31,35,39,40,40,42,42,44,46,47,48,55,55,55],"damage_taken":[{"damage":0,"enemies":"Cultist","floor":1,"turns":1},{"damage":0,"enemies":"2 Louse","floor":2,"turns":1},{"damage":0,"enemies":"Small Slimes","floor":4,"turns":1},{"damage":24,"enemies":"3 Sentries","floor":6,"turns":10},{"damage":10,"enemies":"Gremlin Gang","floor":11,"turns":4},{"damage":15,"enemies":"Lagavulin","floor":13,"turns":3},{"damage":23,"enemies":"Slime Boss","floor":16,"turns":12},{"damage":16,"enemies":"Spheric Guardian","floor":18,"turns":4},{"damage":0,"enemies":"Chosen","floor":19,"turns":1},{"damage":40,"enemies":"Book of Stabbing","floor":24,"turns":4},{"damage":10,"enemies":"Snecko","floor":29,"turns":4},{"damage":0,"enemies":"Colosseum Slavers","floor":30,"turns":2},{"damage":5,"enemies":"Colosseum Nobs","floor":30,"turns":2},{"damage":11,"enemies":"Slavers","floor":31,"turns":4},{"damage":28,"enemies":"Automaton","floor":33,"turns":6},{"damage":0,"enemies":"Orb Walker","floor":35,"turns":1},{"damage":8,"enemies":"Mind Bloom Boss Battle","floor":39,"turns":5},{"damage":10,"enemies":"Reptomancer","floor":40,"turns":4},{"damage":9,"enemies":"Giant Head","floor":42,"turns":6},{"damage":7,"enemies":"3 Darklings","floor":44,"turns":6},{"damage":33,"enemies":"Reptomancer","floor":46,"turns":5},{"damage":0,"enemies":"Maw","floor":47,"turns":7},{"damage":26,"enemies":"Giant Head","floor":48,"turns":8},{"damage":43,"enemies":"Time Eater","floor":50,"turns":13},{"damage":25,"enemies":"Shield and Spear","floor":54,"turns":6},{"damage":77,"enemies":"The Heart","floor":55,"turns":9}],"seed_played":"-5519604265413499358","potions_obtained":[{"floor":1,"key":"Poison Potion"},{"floor":2,"key":"SteroidPotion"},{"floor":3,"key":"Regen Potion"},{"floor":3,"key":"Fruit Juice"},{"floor":3,"key":"CunningPotion"},{"floor":18,"key":"FearPotion"},{"floor":29,"key":"Block Potion"},{"floor":35,"key":"BlessingOfTheForge"},{"floor":40,"key":"Regen Potion"},{"floor":46,"key":"FearPotion"}],"is_trial":false,"path_per_floor":["M","M","?","M","?","E","R","?","T","R","M","R","E","?","R","B",null,"M","M","?","$","?","R","E","$","T","?","R","M","?","E","R","B",null,"M","?","T","$","?","E","T","E","T","M","R","E","M","E","R","B",null,"R","$","E","B"],"character_chosen":"THE_SILENT","items_purchased":["Choke","Concentrate","Concentrate","Footwork","Medical Kit","Caltrops+1","Crippling Poison"],"campfire_rested":3,"item_purchase_floors":[21,21,25,38,53,53,53],"current_hp_per_floor":[59,59,64,64,50,26,47,47,47,47,37,37,27,27,27,6,55,41,43,30,30,44,71,33,33,33,17,59,51,50,41,56,30,75,77,77,77,77,71,63,63,81,81,76,94,62,64,40,61,20,76,95,95,70,0,0],"gold":37,"neow_bonus":"THREE_ENEMY_KILL","is_daily":false,"chose_seed":false,"campfire_upgraded":6,"win_rate":0.0,"timestamp":1608589154,"path_taken":["M","M","?","?","?","E","R","?","T","R","?","R","E","?","R","BOSS","M","?","?","$","?","R","E","?","T","?","R","M","?","E","R","BOSS","M","?","?","$","?","E","?","E","T","?","R","E","M","E","R","BOSS","R","$","E","BOSS"],"items_purchased_type":["Card","Card","Card","Card","Relic","Card","Card"],"build_version":"2020-12-13","purchased_purges":2,"victory":false,"max_hp_per_floor":[66,66,71,71,71,71,71,71,71,71,71,71,71,71,71,71,71,71,71,76,76,90,90,90,90,90,90,90,90,90,90,90,90,90,90,85,85,85,85,85,85,95,95,95,95,95,95,95,95,95,95,95,95,95,95,95],"relic_stats":{"Regal Pillow":0,"Torii":24,"counters":[26,129],"Blue Candle":[1],"HoveringKite":[55],"Eternal Feather":88,"Snake Skull":[3],"PreservedInsect":77,"Bag of Preparation":[45],"Medical Kit":[3],"Mercury Hourglass":[422],"Blood Vial":37,"Tough Bandages":[459],"Tiny Chest":1,"Necronomicon":[39],"Kunai":[84],"obtain_stats":[{"Regal Pillow":46,"Torii":39,"HoveringKite":34,"Mango":22,"Snake Skull":37,"Bag of Preparation":9,"Blood Vial":14,"Tough Bandages":30,"Tiny Chest":31,"Necronomicon":27,"Kunai":24,"Ring of the Snake":0,"Runic Pyramid":17,"Pear":42,"NeowsBlessing":0,"Blue Candle":40,"Eternal Feather":26,"PreservedInsect":48,"Frozen Egg 2":41,"Medical Kit":53,"Akabeko":8,"Mercury Hourglass":13,"Anchor":54,"Bag of Marbles":6,"Bottled Lightning":30},{"Regal Pillow":21,"Torii":17,"HoveringKite":15,"Mango":9,"Snake Skull":16,"Bag of Preparation":4,"Blood Vial":6,"Tough Bandages":13,"Tiny Chest":14,"Necronomicon":10,"Kunai":10,"Ring of the Snake":0,"Runic Pyramid":7,"Pear":19,"NeowsBlessing":0,"Blue Candle":18,"Eternal Feather":10,"PreservedInsect":23,"Frozen Egg 2":18,"Medical Kit":24,"Akabeko":4,"Mercury Hourglass":6,"Anchor":25,"Bag of Marbles":4,"Bottled Lightning":13},{"Regal Pillow":86,"Torii":65,"HoveringKite":59,"Mango":37,"Snake Skull":60,"Bag of Preparation":13,"Blood Vial":20,"Tough Bandages":49,"Tiny Chest":53,"Necronomicon":41,"Kunai":41,"Ring of the Snake":0,"Runic Pyramid":32,"Pear":75,"NeowsBlessing":0,"Blue Candle":69,"Eternal Feather":41,"PreservedInsect":101,"Frozen Egg 2":69,"Medical Kit":114,"Akabeko":13,"Mercury Hourglass":20,"Anchor":120,"Bag of Marbles":13,"Bottled Lightning":49}],"Ring of the Snake":[55]},"card_choices":[{"not_picked":["Choke","Bane"],"picked":"Terror","floor":1},{"not_picked":["Prepared","Poisoned Stab"],"picked":"Acrobatics","floor":2},{"not_picked":["Sucker Punch","Poisoned Stab","Deflect"],"picked":"SKIP","floor":4},{"not_picked":["Concentrate","Setup"],"picked":"Endless Agony","floor":6},{"not_picked":["Distraction","Well Laid Plans"],"picked":"Finisher","floor":11},{"not_picked":["Sucker Punch","Eviscerate"],"picked":"Endless Agony","floor":13},{"not_picked":["Unload","A Thousand Cuts"],"picked":"Venomology","floor":16},{"not_picked":["Leg Sweep","Outmaneuver"],"picked":"PiercingWail+1","floor":18},{"not_picked":["Sucker Punch","Bane+1"],"picked":"Underhanded Strike","floor":19},{"not_picked":["Underhanded Strike","Slice"],"picked":"Infinite Blades","floor":24},{"not_picked":["Prepared","Quick Slash+1","Sucker Punch"],"picked":"SKIP","floor":29},{"not_picked":["Backflip+1","Dodge and Roll"],"picked":"Die Die Die","floor":31},{"not_picked":["Burst","Night Terror"],"picked":"Tools of the Trade","floor":33},{"not_picked":["Sucker Punch","Flying Knee+1"],"picked":"Prepared+1","floor":35},{"not_picked":["Flying Knee","Quick Slash+1"],"picked":"Footwork+1","floor":39},{"not_picked":["Corpse Explosion","Setup"],"picked":"Tactician+1","floor":40},{"not_picked":["Cloak And Dagger","Flying Knee"],"picked":"Blade Dance","floor":42},{"not_picked":["Bouncing Flask+1","Cloak And Dagger"],"picked":"Backflip+1","floor":44},{"not_picked":["Blade Dance","Doppelganger"],"picked":"After Image+1","floor":46},{"not_picked":["Flying Knee+1","Backflip"],"picked":"PiercingWail","floor":47},{"not_picked":["Blade Dance","Skewer"],"picked":"Accuracy+1","floor":48},{"not_picked":["Tactician","Flying Knee"],"picked":"Adrenaline","floor":54}],"player_experience":3023803,"relics_obtained":[{"floor":6,"key":"Bag of Marbles"},{"floor":8,"key":"Akabeko"},{"floor":9,"key":"Bag of Preparation"},{"floor":13,"key":"Mercury Hourglass"},{"floor":24,"key":"Kunai"},{"floor":26,"key":"Eternal Feather"},{"floor":27,"key":"Necronomicon"},{"floor":30,"key":"Tough Bandages"},{"floor":30,"key":"Bottled Lightning"},{"floor":31,"key":"Tiny Chest"},{"floor":37,"key":"Snake Skull"},{"floor":39,"key":"Torii"},{"floor":40,"key":"Blue Candle"},{"floor":41,"key":"Frozen Egg 2"},{"floor":42,"key":"Pear"},{"floor":46,"key":"Regal Pillow"},{"floor":48,"key":"PreservedInsect"},{"floor":54,"key":"Anchor"}],"event_choices":[{"damage_healed":0,"gold_gain":0,"player_choice":"Got Potions","damage_taken":0,"max_hp_gain":0,"max_hp_loss":0,"event_name":"Lab","floor":3,"gold_loss":0},{"damage_healed":0,"gold_gain":0,"player_choice":"Entered Light","damage_taken":14,"max_hp_gain":0,"max_hp_loss":0,"event_name":"Shining Light","floor":5,"gold_loss":0,"cards_upgraded":["Terror","Defend_G"]},{"damage_healed":0,"gold_gain":0,"player_choice":"Relic","damage_taken":0,"max_hp_gain":0,"max_hp_loss":0,"event_name":"Wheel of Change","floor":8,"gold_loss":0},{"damage_healed":0,"gold_gain":0,"player_choice":"Paid Gold","damage_taken":0,"relics_obtained":["Blood Vial"],"max_hp_gain":0,"max_hp_loss":0,"event_name":"WeMeetAgain","floor":14,"gold_loss":122},{"damage_healed":0,"gold_gain":0,"player_choice":"Shed Blood","damage_taken":18,"max_hp_gain":5,"max_hp_loss":0,"event_name":"Forgotten Altar","floor":20,"gold_loss":0},{"damage_healed":0,"gold_gain":0,"player_choice":"Opened","damage_taken":0,"relics_obtained":["Mango"],"max_hp_gain":0,"max_hp_loss":0,"event_name":"The Mausoleum","floor":22,"gold_loss":0,"cards_obtained":["Writhe"]},{"damage_healed":0,"gold_gain":0,"player_choice":"Obtained Book","damage_taken":16,"max_hp_gain":0,"max_hp_loss":0,"event_name":"Cursed Tome","floor":27,"gold_loss":0},{"damage_healed":0,"gold_gain":0,"player_choice":"Fight","damage_taken":0,"max_hp_gain":0,"max_hp_loss":0,"event_name":"Colosseum","floor":30,"gold_loss":0},{"damage_healed":0,"gold_gain":0,"player_choice":"Fought Nobs","damage_taken":0,"max_hp_gain":0,"max_hp_loss":0,"event_name":"Colosseum","floor":30,"gold_loss":0},{"damage_healed":0,"gold_gain":0,"player_choice":"Max HP","damage_taken":0,"max_hp_gain":0,"max_hp_loss":5,"event_name":"Winding Halls","floor":36,"gold_loss":0},{"damage_healed":0,"gold_gain":0,"player_choice":"Fight","damage_taken":0,"max_hp_gain":0,"max_hp_loss":0,"event_name":"MindBloom","floor":39,"gold_loss":0}],"is_beta":false,"boss_relics":[{"not_picked":["Cursed Key","Black Star"],"picked":"Runic Pyramid"},{"not_picked":["Ring of the Serpent","SacredBark"],"picked":"HoveringKite"}],"items_purged_floors":[21,38],"is_endless":false,"potions_floor_spawned":[1,2,18,29,35,40,46],"killed_by":"The Heart","ascension_level":14}}