{"host":"i0m9g0siyue4991n","time":1608566536,"event":{"mods":["ATMod(阿瑾Mod)","Act Like it!","BaseMod","BetterRewards","CapriCore","Challenge The Spire","Custom Start","Decade(王小明)","Friendly Minions","Gensokyo","KinomotoSakuraMod(木之本樱)","Minty Spire (QoL Compilation)","Quick Restart","RumiaBox-露米娅的神秘盒子","StSLib","The Animator","The Immortal","TheWitcher"],"gold_per_floor":[122,147,173,212,65,115,115,154,202,219,219,249,249,270,270,366,366,411,34,51,64,97,97,47,75,101,121,144,21,21,60,60,172,172,201,201,218,233,256,256,284,83,110,110,159,159,172,172,172,172,172,172,47,88,96],"floor_reached":56,"playtime":3252,"items_purged":["SnafuTest:DefaultCommonSkill","SnafuTest:DefaultCommonAttack","SnafuTest:DefaultCommonAttack","SnafuTest:BountyHunt","SnafuTest:DefaultCommonAttack"],"score":1606,"play_id":"27561733-caf2-4947-9bba-ba5ce5932569","local_time":"20201222000216","is_ascension_mode":true,"campfire_choices":[{"data":"SnafuTest:PowerEquilibrium","floor":7,"key":"SMITH"},{"data":"SnafuTest:Oriole","floor":11,"key":"SMITH"},{"data":"SnafuTest:LandOfFables","floor":13,"key":"SMITH"},{"data":"SnafuTest:SignAard","floor":15,"key":"SMITH"},{"data":"SnafuTest:FlashingRaid","floor":23,"key":"SMITH"},{"data":"SnafuTest:SpellArcaneDomain","floor":30,"key":"SMITH"},{"data":"SnafuTest:SwiftAssault","floor":32,"key":"SMITH"},{"floor":40,"key":"RECALL"},{"data":"SnafuTest:GraveDancingPaleFire","floor":44,"key":"SMITH"},{"data":"AT_FamilyPortrait","floor":46,"key":"SMITH"},{"data":"SnafuTest:IndifferentImmortality","floor":49,"key":"SMITH"},{"data":"Purity","floor":52,"key":"SMITH"}],"circlet_count":0,"master_deck":["SnafuTest:DefaultCommonSkill","SnafuTest:DefaultCommonSkill","SnafuTest:SignAard+1","SnafuTest:Oriole+1","SnafuTest:FlashingRaid+1","SnafuTest:PowerEquilibrium+1","SnafuTest:SwordDance","SnafuTest:LandOfFables+1","SnafuTest:IndifferentImmortality+1","Purity+1","SnafuTest:Offering+1","SnafuTest:SwiftAssault+1","SnafuTest:SpellArcaneDomain+1","SnafuTest:MCMockAndRun+1","SnafuTest:GraveDancingPaleFire+1","SnafuTest:SwiftAssault+1","AT_FamilyPortrait+1","SnafuTest:SpellArcaneDomain+1","SnafuTest:SpellLifeDrain+1","SnafuTest:SpellLifeDrain"],"relics":["SnafuTest:PlaceholderRelic","AT_ATBox","Thread and Needle","TungstenRod","Ginger","Lee\u0027s Waffle","Ccalipers","LastBattle","Oddly Smooth Stone","Smiling Mask","SnafuTest:EnergyMutagenRelic","GodSword4","Meat on the Bone","Dream Catcher","Black Star","Regal Pillow","InkBottle","OrangePellets","SnafuTest:YrdenRelic","Bag of Marbles","ZombieArmy","Lantern","Toy Ornithopter"],"acts_visited":["Exordium","TheCity","TheBeyond","TheEnding"],"potions_floor_usage":[4,6,8,25,41,45,50,55,55],"damage_taken":[{"damage":0,"enemies":"2 Louse","floor":1,"turns":2},{"damage":0,"enemies":"Jaw Worm","floor":2,"turns":3},{"damage":0,"enemies":"Cultist","floor":3,"turns":3},{"damage":3,"enemies":"Exordium Thugs","floor":4,"turns":4},{"damage":16,"enemies":"3 Sentries","floor":6,"turns":8},{"damage":0,"enemies":"Gremlin Nob","floor":8,"turns":3},{"damage":7,"enemies":"Large Slime","floor":10,"turns":4},{"damage":9,"enemies":"3 Sentries","floor":12,"turns":5},{"damage":0,"enemies":"3 Louse","floor":14,"turns":2},{"damage":13,"enemies":"Hexaghost","floor":16,"turns":7},{"damage":7,"enemies":"2 Thieves","floor":18,"turns":4},{"damage":0,"enemies":"Spheric Guardian","floor":20,"turns":6},{"damage":4,"enemies":"Centurion and Healer","floor":21,"turns":8},{"damage":0,"enemies":"Cultist and Chosen","floor":22,"turns":6},{"damage":5,"enemies":"Gremlin Leader","floor":25,"turns":5},{"damage":10,"enemies":"Snecko","floor":27,"turns":5},{"damage":0,"enemies":"Snake Plant","floor":28,"turns":2},{"damage":11,"enemies":"Book of Stabbing","floor":31,"turns":4},{"damage":11,"enemies":"Champ","floor":33,"turns":6},{"damage":7,"enemies":"3 Shapes","floor":35,"turns":4},{"damage":0,"enemies":"Orb Walker","floor":37,"turns":3},{"damage":6,"enemies":"Sphere and 2 Shapes","floor":38,"turns":4},{"damage":1,"enemies":"Spire Growth","floor":39,"turns":5},{"damage":20,"enemies":"Reptomancer","floor":41,"turns":4},{"damage":0,"enemies":"Nemesis","floor":45,"turns":4},{"damage":13,"enemies":"4 Shapes","floor":47,"turns":5},{"damage":52,"enemies":"Time Eater","floor":50,"turns":8},{"damage":41,"enemies":"Shield and Spear","floor":54,"turns":5},{"damage":43,"enemies":"The Heart","floor":55,"turns":6}],"seed_played":"2654694858292774393","potions_obtained":[{"floor":1,"key":"Weak Potion"},{"floor":2,"key":"FairyPotion"},{"floor":4,"key":"Block Potion"},{"floor":6,"key":"DistilledChaos"},{"floor":10,"key":"ColorlessPotion"},{"floor":22,"key":"FairyPotion"},{"floor":28,"key":"Fire Potion"},{"floor":41,"key":"Fire Potion"},{"floor":47,"key":"Energy Potion"}],"is_trial":false,"path_per_floor":["M","M","M","M","$","E","R","E","T","M","R","E","R","M","R","B",null,"M","$","M","M","M","R","$","E","T","M","M","$","R","E","R","B",null,"M","?","M","M","M","R","E","$","T","R","E","R","M","?","R","B",null,"R","$","E","B",null],"character_chosen":"THE_WITCHER","items_purchased":["SnafuTest:Oriole","Thread and Needle","SnafuTest:FlashingRaid","Energy Potion","Lee\u0027s Waffle","GodSword4","Purity","SnafuTest:MagePersecution","OrangePellets","BlessingOfTheForge","SnafuTest:PlaceholderPotion"],"campfire_rested":0,"item_purchase_floors":[0,0,0,0,5,19,19,29,42,53,53],"current_hp_per_floor":[32,32,32,29,82,66,66,66,66,59,59,50,50,50,50,37,82,75,75,75,71,71,71,71,66,66,56,56,56,56,45,45,46,82,75,75,75,69,68,68,48,48,48,48,48,48,47,47,47,32,82,82,82,53,32],"gold":96,"neow_bonus":"","is_daily":false,"chose_seed":false,"campfire_upgraded":11,"win_rate":0.0,"timestamp":1608566536,"path_taken":["M","M","M","M","$","E","R","E","T","M","R","E","R","M","R","BOSS","M","$","M","M","M","R","$","E","T","M","M","$","R","E","R","BOSS","M","?","M","M","M","R","E","$","T","R","E","R","M","?","R","BOSS","R","$","E","BOSS"],"items_purchased_type":["Card","Relic","Card","Potion","Relic","Relic","Card","Card","Relic","Potion","Potion"],"build_version":"2020-12-13","purchased_purges":5,"victory":true,"max_hp_per_floor":[75,75,75,75,82,82,82,82,82,82,82,82,82,82,82,82,82,82,82,82,82,82,82,82,82,82,82,82,82,82,82,82,82,82,82,82,82,82,82,82,82,82,82,82,82,82,82,82,82,82,82,82,82,82,82],"card_choices":[{"not_picked":["SnafuTest:PowerBloodLust","SnafuTest:UndefeatedNarcissism","SnafuTest:AncestralRitual"],"picked":"SKIP","floor":1},{"not_picked":["SnafuTest:PayArmorSmith","SnafuTest:ShieldUp","SnafuTest:BattleCry"],"picked":"SKIP","floor":2},{"not_picked":["SnafuTest:SpellTelekinesis","SnafuTest:SpellBitingFrost"],"picked":"SnafuTest:GetPaid","floor":3},{"not_picked":["SnafuTest:PowerCounterAttack","SnafuTest:MCPlayGwent","SnafuTest:PowerCrimsonRitual"],"picked":"SKIP","floor":4},{"not_picked":["SnafuTest:PowerCounterAttack","SnafuTest:Offering"],"picked":"SnafuTest:PowerEquilibrium","floor":6},{"not_picked":["SnafuTest:HermitsErudition","SnafuTest:FlashingEvasion"],"picked":"SnafuTest:SwordDance","floor":8},{"not_picked":["SnafuTest:PowerAlwaysOnRoads","SnafuTest:Siege","SnafuTest:SpellLivingArmor"],"picked":"SKIP","floor":10},{"not_picked":["SnafuTest:SignAxii","SnafuTest:Siege"],"picked":"SnafuTest:LandOfFables","floor":12},{"not_picked":["SnafuTest:MCPlayGwent","SnafuTest:SmashingSlash","SnafuTest:SpellBlindFury"],"picked":"SKIP","floor":14},{"not_picked":["SnafuTest:OtherWorld","SnafuTest:Amputation"],"picked":"SnafuTest:IndifferentImmortality","floor":16},{"not_picked":["SnafuTest:SpellBlindFury","SnafuTest:BombSamum","SnafuTest:MCPlayGwent"],"picked":"SKIP","floor":18},{"not_picked":["SnafuTest:PowerHangmenTree","SnafuTest:BombNorthernWind"],"picked":"SnafuTest:Offering+1","floor":20},{"not_picked":["SnafuTest:SpellHellfire","SnafuTest:Offering","SnafuTest:HermitsErudition"],"picked":"SKIP","floor":21},{"not_picked":["SnafuTest:Meditation+1","SnafuTest:PowerCrimsonRitual"],"picked":"SnafuTest:SwiftAssault","floor":22},{"not_picked":["SnafuTest:BombDragonsDream+1","SnafuTest:MCSuccubusSeduction"],"picked":"SnafuTest:SpellArcaneDomain","floor":25},{"not_picked":["SnafuTest:Siege+1","SnafuTest:SwordDance+1"],"picked":"SnafuTest:MCMockAndRun+1","floor":27},{"not_picked":["SnafuTest:BombDevilsPuffball+1","SnafuTest:DesperateRemediation","SnafuTest:FlashingRaid"],"picked":"SKIP","floor":28},{"not_picked":["SnafuTest:MagePersecution","SnafuTest:BombNorthernWind","SnafuTest:SmashingSlash"],"picked":"SKIP","floor":31},{"not_picked":["SnafuTest:PowerEternalFlame","SnafuTest:SpellCalcinedMetamorphism"],"picked":"SnafuTest:GraveDancingPaleFire","floor":33},{"not_picked":["SnafuTest:PowerProbingFeint","SnafuTest:ArmoredSortie+1"],"picked":"SnafuTest:SwiftAssault+1","floor":35},{"not_picked":["Good Instincts","Swift Strike"],"picked":"AT_FamilyPortrait","floor":36},{"not_picked":["SnafuTest:PowerProbingFeint","SnafuTest:PayHappyHour+1","SnafuTest:BombDimeritium+1"],"picked":"SKIP","floor":37},{"not_picked":["SnafuTest:SpellButterflyIllusion+1","SnafuTest:PowerFireDamnation+1","SnafuTest:PowerCrimsonRitual"],"picked":"SKIP","floor":38},{"not_picked":["SnafuTest:QueensGuard","SnafuTest:FlashingRaid+1","SnafuTest:SignYrden+1"],"picked":"SKIP","floor":39},{"not_picked":["SnafuTest:WhiteWolfRise","SnafuTest:UnpredictablePuncture+1"],"picked":"SnafuTest:SpellArcaneDomain+1","floor":41},{"not_picked":["SnafuTest:BlueWhale+1","SnafuTest:ShoulderSlam+1"],"picked":"SnafuTest:SpellLifeDrain+1","floor":45},{"not_picked":["SnafuTest:SpellTortoise","SnafuTest:SpellIncendiaryShower+1","SnafuTest:SignAxii"],"picked":"SKIP","floor":47},{"not_picked":["SnafuTest:FlashingRaid+1","SnafuTest:SpellIncendiaryShower","SnafuTest:PayArmorSmith+1"],"picked":"SKIP","floor":54}],"player_experience":545202,"relics_obtained":[{"floor":6,"key":"Ccalipers"},{"floor":8,"key":"LastBattle"},{"floor":9,"key":"Oddly Smooth Stone"},{"floor":12,"key":"Smiling Mask"},{"floor":25,"key":"Meat on the Bone"},{"floor":31,"key":"Dream Catcher"},{"floor":41,"key":"Regal Pillow"},{"floor":41,"key":"InkBottle"},{"floor":43,"key":"SnafuTest:YrdenRelic"},{"floor":45,"key":"Bag of Marbles"},{"floor":45,"key":"ZombieArmy"},{"floor":54,"key":"Lantern"},{"floor":54,"key":"Toy Ornithopter"}],"event_choices":[{"damage_healed":0,"gold_gain":0,"player_choice":"Memory 1","damage_taken":0,"max_hp_gain":0,"max_hp_loss":0,"event_name":"SensoryStone","floor":36,"gold_loss":0},{"damage_healed":0,"gold_gain":0,"cards_transformed":["SnafuTest:MagePersecution"],"player_choice":"Transformed","damage_taken":0,"max_hp_gain":0,"max_hp_loss":0,"event_name":"Transmorgrifier","floor":48,"gold_loss":0,"cards_obtained":["SnafuTest:SpellLifeDrain"]}],"is_beta":false,"boss_relics":[{"not_picked":["Cursed Key","Snecko Eye"],"picked":"SnafuTest:EnergyMutagenRelic"},{"not_picked":["AddBug","SacredBark"],"picked":"Black Star"}],"items_purged_floors":[0,19,24,29,42],"is_endless":false,"potions_floor_spawned":[1,2,4,6,10,21,22,28,38,41,47,54],"ascension_level":1}}