{"host":"9vecvdjkx64cw9bo","time":1608565875,"event":{"mods":["BaseMod","Custom Start","Keyboard Shortcuts","Minty Spire (QoL Compilation)","Quick Restart","StSLib","SuperFastMode"],"gold_per_floor":[112,112,112,128,128,128,143,218,218,237,237,157,167,178,178,251,251,271,271,55,71,90,90,90],"floor_reached":23,"playtime":318,"items_purged":["Defend_P","Strike_P+1"],"score":466,"play_id":"707c69c2-d1e2-4c97-ae98-f2ac10034c93","local_time":"20201222005115","is_ascension_mode":true,"campfire_choices":[{"data":"Strike_P","floor":6.0,"key":"SMITH"},{"data":"CrushJoints","floor":15.0,"key":"SMITH"}],"circlet_count":0,"master_deck":["AscendersBane","Defend_P","Defend_P","Eruption+1","Vigilance","CrushJoints+1","BowlingBash","Adaptation","Evaluate+1"],"relics":["PureWater","Matryoshka","Smiling Mask","Eternal Feather","Empty Cage","Bag of Preparation"],"acts_visited":["Exordium","TheCity"],"potions_floor_usage":[23,23],"damage_taken":[{"damage":0.0,"enemies":"Small Slimes","floor":1.0,"turns":2.0},{"damage":2.0,"enemies":"Cultist","floor":4.0,"turns":3.0},{"damage":4.0,"enemies":"2 Louse","floor":7.0,"turns":3.0},{"damage":14.0,"enemies":"Large Slime","floor":10.0,"turns":4.0},{"damage":10.0,"enemies":"Looter","floor":13.0,"turns":4.0},{"damage":0.0,"enemies":"Blue Slaver","floor":14.0,"turns":2.0},{"damage":0.0,"enemies":"Slime Boss","floor":16.0,"turns":5.0},{"damage":0.0,"enemies":"Chosen","floor":18.0,"turns":2.0},{"damage":18.0,"enemies":"3 Byrds","floor":21.0,"turns":4.0},{"damage":0.0,"enemies":"Cultist and Chosen","floor":22.0,"turns":3.0},{"damage":51,"enemies":"Slavers","floor":23,"turns":5}],"seed_played":"7042735769289421722","potions_obtained":[{"floor":4.0,"key":"DistilledChaos"},{"floor":10.0,"key":"BottledMiracle"},{"floor":16.0,"key":"Strength Potion"}],"is_trial":false,"path_per_floor":["M","?","?","M","?","R","M","?","T","M","T","$","M","M","R","B",null,"M","?","$","M","M","E"],"character_chosen":"WATCHER","items_purchased":["BowlingBash","Bag of Preparation"],"campfire_rested":0,"item_purchase_floors":[12,20],"current_hp_per_floor":[61,61,61,59,64,64,60,49,49,35,35,35,25,25,31,31,63,63,63,63,45,45,0,0],"gold":90,"neow_bonus":"REMOVE_CARD","is_daily":false,"chose_seed":false,"campfire_upgraded":2,"win_rate":0.0,"timestamp":1608565875,"path_taken":["M","?","?","?","?","R","M","?","T","M","?","$","M","M","R","BOSS","M","?","$","M","M","E"],"items_purchased_type":["Card","Relic"],"build_version":"2020-12-13","purchased_purges":2,"victory":false,"max_hp_per_floor":[68,68,68,68,73,73,73,73,73,73,73,73,73,73,73,73,73,73,73,73,73,73,73,73],"card_choices":[{"not_picked":["ThirdEye","JustLucky","FollowUp"],"picked":"SKIP","floor":1.0},{"not_picked":["EmptyBody","Prostrate","CutThroughFate"],"picked":"SKIP","floor":4.0},{"not_picked":["Prostrate","ClearTheMind"],"picked":"CrushJoints","floor":7.0},{"not_picked":["CutThroughFate","ThirdEye","Prostrate"],"picked":"SKIP","floor":10.0},{"not_picked":["WheelKick","Conclude"],"picked":"Adaptation","floor":13.0},{"not_picked":["PathToVictory","JustLucky","Consecrate"],"picked":"SKIP","floor":14.0},{"not_picked":["CutThroughFate","ForeignInfluence"],"picked":"Evaluate+1","floor":18.0},{"not_picked":["Halt","ThirdEye","Evaluate"],"picked":"SKIP","floor":21.0},{"not_picked":["CrushJoints","Prostrate","Evaluate"],"picked":"SKIP","floor":22.0}],"player_experience":772142,"relics_obtained":[{"floor":9.0,"key":"Matryoshka"},{"floor":11.0,"key":"Smiling Mask"},{"floor":11.0,"key":"Eternal Feather"}],"event_choices":[{"damage_healed":0.0,"max_hp_gain":0.0,"max_hp_loss":0.0,"gold_gain":0.0,"event_name":"Living Wall","player_choice":"Grow","floor":2.0,"gold_loss":0.0,"damage_taken":0.0,"cards_upgraded":["Eruption"]},{"cards_removed":["Strike_P"],"damage_healed":0.0,"max_hp_gain":0.0,"max_hp_loss":0.0,"gold_gain":0.0,"event_name":"Bonfire Elementals","player_choice":"Offered Basic","floor":3.0,"gold_loss":0.0,"damage_taken":0.0},{"damage_healed":0.0,"max_hp_gain":5.0,"max_hp_loss":0.0,"gold_gain":0.0,"event_name":"Big Fish","player_choice":"Donut","floor":5.0,"gold_loss":0.0,"damage_taken":0.0},{"damage_healed":0.0,"max_hp_gain":0.0,"max_hp_loss":0.0,"gold_gain":75.0,"event_name":"World of Goop","player_choice":"Gather Gold","floor":8.0,"gold_loss":0.0,"damage_taken":11.0},{"damage_healed":0.0,"max_hp_gain":0.0,"max_hp_loss":0.0,"gold_gain":0.0,"event_name":"The Mausoleum","player_choice":"Ignored","floor":19.0,"gold_loss":0.0,"damage_taken":0.0}],"is_beta":false,"boss_relics":[{"not_picked":["Ectoplasm","Black Star"],"picked":"Empty Cage"}],"items_purged_floors":[12,20],"is_endless":false,"potions_floor_spawned":[4,10,14,16,22],"killed_by":"Slavers","ascension_level":20}}