{"host":"utqe55yv0jihe4d6","time":1608521004,"event":{"mods":["2.2 Compatiblity","AchievementEnabler","BaseMod","Block Reminder","Colored Map","Colored Powertips","Minty Spire (QoL Compilation)","Quick Restart","Rare Cards Sparkle","Relic Stats","SuperFastMode"],"gold_per_floor":[113,113,129,129,204,204,221,232,232,232,76,76,109,122,122,194,194,114,114,127,127,174,201,201,216,241,241,241],"floor_reached":27,"playtime":671,"items_purged":["Strike_R"],"score":458,"play_id":"05e6d5b5-574f-428e-aa2a-d3906291321c","local_time":"20201220222324","is_ascension_mode":true,"campfire_choices":[{"data":"Spot Weakness","floor":6.0,"key":"SMITH"},{"data":"Bash","floor":10.0,"key":"SMITH"},{"data":"True Grit","floor":15.0,"key":"SMITH"},{"floor":24.0,"key":"REST"}],"circlet_count":0,"master_deck":["AscendersBane","Strike_R","Strike_R","Strike_R","Defend_R","Defend_R+1","Defend_R","Defend_R","Bash+1","Spot Weakness+1","Feel No Pain","Shrug It Off+1","Anger","Feel No Pain","Burning Pact","True Grit+1","Heavy Blade","Corruption","Spot Weakness","Twin Strike","Necronomicurse"],"relics":["Black Blood","NeowsBlessing","Pantograph","Magic Flower","Necronomicon","War Paint","Mercury Hourglass","Regal Pillow"],"acts_visited":["Exordium","TheCity"],"potions_floor_usage":[],"damage_taken":[{"damage":0.0,"enemies":"Small Slimes","floor":1.0,"turns":1.0},{"damage":0.0,"enemies":"Cultist","floor":3.0,"turns":1.0},{"damage":0.0,"enemies":"Jaw Worm","floor":7.0,"turns":1.0},{"damage":1.0,"enemies":"Looter","floor":8.0,"turns":3.0},{"damage":20.0,"enemies":"3 Sentries","floor":13.0,"turns":9.0},{"damage":17.0,"enemies":"2 Fungi Beasts","floor":14.0,"turns":4.0},{"damage":38.0,"enemies":"Slime Boss","floor":16.0,"turns":12.0},{"damage":13.0,"enemies":"2 Thieves","floor":18.0,"turns":4.0},{"damage":15.0,"enemies":"Spheric Guardian","floor":20.0,"turns":6.0},{"damage":56.0,"enemies":"Slavers","floor":23.0,"turns":6.0},{"damage":12.0,"enemies":"Cultist and Chosen","floor":25.0,"turns":7.0},{"damage":53,"enemies":"Gremlin Leader","floor":27,"turns":3}],"seed_played":"5501205821802026642","potions_obtained":[{"floor":1.0,"key":"AttackPotion"},{"floor":3.0,"key":"Regen Potion"},{"floor":14.0,"key":"Explosive Potion"},{"floor":20.0,"key":"FearPotion"},{"floor":23.0,"key":"Block Potion"}],"is_trial":false,"path_per_floor":["M","?","M","?","?","R","M","M","T","R","$","?","E","M","R","B",null,"M","?","M","?","T","E","R","M","T","E"],"character_chosen":"IRONCLAD","items_purchased":["Burning Pact"],"campfire_rested":1,"item_purchase_floors":[11],"current_hp_per_floor":[74,74,75,80,69,69,75,80,80,80,80,80,80,72,72,51,73,78,78,80,59,59,21,45,51,51,0,0],"gold":241,"neow_bonus":"THREE_ENEMY_KILL","is_daily":false,"chose_seed":false,"campfire_upgraded":3,"win_rate":0.0,"timestamp":1608521004,"path_taken":["M","?","?","?","?","R","M","M","T","R","$","?","E","M","R","BOSS","M","?","M","?","?","E","R","M","T","E"],"items_purchased_type":["Card"],"build_version":"2020-12-13","purchased_purges":1,"victory":false,"max_hp_per_floor":[75,75,75,80,80,80,80,80,80,80,80,80,80,80,80,80,80,80,80,80,80,80,80,80,80,80,80,80],"relic_stats":{"Regal Pillow":0,"counters":[12,57],"Pantograph":8,"Black Blood":113,"Magic Flower":[29],"Necronomicon":[7],"War Paint":["Defend_R","Shrug It Off"],"obtain_stats":[{"Regal Pillow":26,"NeowsBlessing":0,"Pantograph":9,"Magic Flower":13,"Black Blood":17,"Necronomicon":21,"War Paint":22,"Burning Blood":0,"Mercury Hourglass":23},{"Regal Pillow":11,"NeowsBlessing":0,"Pantograph":4,"Magic Flower":5,"Black Blood":7,"Necronomicon":9,"War Paint":9,"Burning Blood":0,"Mercury Hourglass":10},{"Regal Pillow":54,"NeowsBlessing":0,"Pantograph":6,"Magic Flower":15,"Black Blood":31,"Necronomicon":41,"War Paint":41,"Burning Blood":0,"Mercury Hourglass":47}],"Mercury Hourglass":[57]},"card_choices":[{"not_picked":["Iron Wave","Second Wind"],"picked":"Spot Weakness","floor":1.0},{"not_picked":["Havoc","Power Through"],"picked":"Shrug It Off","floor":3.0},{"not_picked":["Shrug It Off","Hemokinesis"],"picked":"Anger","floor":7.0},{"not_picked":["Blood for Blood","True Grit"],"picked":"Feel No Pain","floor":8.0},{"not_picked":["Pommel Strike","Wild Strike"],"picked":"True Grit","floor":13.0},{"not_picked":["Brutality","Clothesline"],"picked":"Heavy Blade","floor":14.0},{"not_picked":["Exhume","Demon Form"],"picked":"Corruption","floor":16.0},{"not_picked":["Warcry","Power Through","Rage"],"picked":"SKIP","floor":18.0},{"not_picked":["Cleave","Wild Strike"],"picked":"Twin Strike","floor":20.0},{"not_picked":["Anger+1","Wild Strike","Juggernaut"],"picked":"SKIP","floor":23.0},{"not_picked":["Warcry+1","Clash","Heavy Blade+1"],"picked":"SKIP","floor":25.0}],"player_experience":2816397,"relics_obtained":[{"floor":9.0,"key":"Pantograph"},{"floor":13.0,"key":"Magic Flower"},{"floor":21.0,"key":"Necronomicon"},{"floor":22.0,"key":"War Paint"},{"floor":23.0,"key":"Mercury Hourglass"},{"floor":26.0,"key":"Regal Pillow"}],"event_choices":[{"damage_healed":0.0,"max_hp_gain":0.0,"max_hp_loss":0.0,"gold_gain":0.0,"cards_transformed":["Strike_R"],"event_name":"Transmorgrifier","player_choice":"Transformed","floor":2.0,"gold_loss":0.0,"damage_taken":0.0,"cards_obtained":["Feel No Pain"]},{"damage_healed":0.0,"max_hp_gain":5.0,"max_hp_loss":0.0,"gold_gain":0.0,"event_name":"Big Fish","player_choice":"Donut","floor":4.0,"gold_loss":0.0,"damage_taken":0.0},{"damage_healed":0.0,"max_hp_gain":0.0,"max_hp_loss":0.0,"gold_gain":75.0,"event_name":"World of Goop","player_choice":"Gather Gold","floor":5.0,"gold_loss":0.0,"damage_taken":11.0},{"damage_healed":0.0,"max_hp_gain":0.0,"max_hp_loss":0.0,"gold_gain":0.0,"event_name":"Lab","player_choice":"Got Potions","floor":12.0,"gold_loss":0.0,"damage_taken":0.0},{"damage_healed":0.0,"max_hp_gain":0.0,"max_hp_loss":0.0,"gold_gain":0.0,"event_name":"The Library","player_choice":"Read","floor":19.0,"gold_loss":0.0,"damage_taken":0.0,"cards_obtained":["Spot Weakness"]},{"damage_healed":0.0,"max_hp_gain":0.0,"max_hp_loss":0.0,"gold_gain":0.0,"event_name":"Cursed Tome","player_choice":"Obtained Book","floor":21.0,"gold_loss":0.0,"damage_taken":21.0}],"is_beta":false,"boss_relics":[{"not_picked":["Ectoplasm","Coffee Dripper"],"picked":"Black Blood"}],"items_purged_floors":[11],"is_endless":false,"potions_floor_spawned":[1,3,7,14,20,23],"killed_by":"Gremlin Leader","ascension_level":20}}