{"host":"7t8rqoeeopyy0nh0","time":1608549095,"event":{"mods":["AchievementEnabler","BaseMod","Better Third Choice","BetterRewards","Colored Map","Colored Powertips","Downfall","Hubris","Infinite Spire","Marisa????????","Minty Spire (QoL Compilation)","Replay The Spire","StSLib"],"gold_per_floor":[122,56,75,102,119,159,176,213,213,213,234,248,263,40,40,153,153,165,193,212,212,242,242,296,322,355,410,410,410,420,420,420,549,549,574,592,627,627,58,58,118,118,200,200,247,286,286,339,339,369],"floor_reached":51,"playtime":3029,"items_purged":["Strike_MRS","Strike_MRS"],"score":765,"play_id":"d1897740-b672-421a-a9f4-a9eb83b97af5","local_time":"20201221061135","is_ascension_mode":false,"campfire_choices":[{"data":"CasketOfStar","floor":10,"key":"SMITH"},{"data":"StarDustReverie","floor":15,"key":"SMITH"},{"data":"WitchOfGreed","floor":23,"key":"SMITH"},{"data":"JA","floor":29,"key":"SMITH"},{"data":"MysteriousBeam","floor":32,"key":"SMITH"},{"data":"AsteroidBelt","floor":40,"key":"SMITH"},{"data":"Madness","floor":42,"key":"SMITH"},{"data":"MilkyWay","floor":47,"key":"SMITH"},{"data":"SporeBomb","floor":49,"key":"SMITH"}],"circlet_count":0,"master_deck":["Creative AI+1","Strike_MRS+1","Strike_MRS+1","Defend_MRS+1","Defend_MRS","Defend_MRS","Defend_MRS","MasterSpark","UpSweep","MysteriousBeam+1","GalacticHalo","StarDustReverie+1","MilkyWay+1","SporeBomb+1","6A","PowerUp+1","AsteroidBelt+1","CasketOfStar+1","MagicChant+1","JA+1","DeepEcoloBomb+1","WitchOfGreed+1","MagicAbsorber+1","ChargeUpSpray+1","Voices","ManaRampage+1","MilkyWay+1","Madness+1","Madness+1","ReplayTheSpireMod:IOU","Robbery+1","SuperPerseids+1"],"relics":["MiniHakkero","CeramicFish","Turnip","hubris:BottledHeart","PreservedInsect","hubris:DeckOfHolding","ReplayTheSpireMod:Lightbulb","War Paint","Whetstone","Cursed Key","Black Star","Iron Hammer","ReplayTheSpireMod:TigerMarble","Gremlin Food","Pear","hubris:TerracottaHorce","Guide Book","CaptainsWheel","Pet Ghost","Molten Egg 2","infinitespire:Broken Mirror"],"acts_visited":["Exordium","TheCity","TheBeyond"],"potions_floor_usage":[6,18,24,25,30,33,33,33,37,45,50],"damage_taken":[{"damage":0,"enemies":"Cultist","floor":1,"turns":4},{"damage":0,"enemies":"2 Louse","floor":3,"turns":3},{"damage":0,"enemies":"Jaw Worm","floor":4,"turns":3},{"damage":0,"enemies":"Exordium Wildlife","floor":5,"turns":4},{"damage":0,"enemies":"Gremlin Nob","floor":6,"turns":3},{"damage":0,"enemies":"2 Fungi Beasts","floor":7,"turns":5},{"damage":0,"enemies":"Lagavulin","floor":8,"turns":5},{"damage":0,"enemies":"Large Slime","floor":11,"turns":3},{"damage":0,"enemies":"3 Louse","floor":12,"turns":2},{"damage":0,"enemies":"Blue Slaver","floor":13,"turns":3},{"damage":0,"enemies":"Hexaghost","floor":16,"turns":7},{"damage":0,"enemies":"3 Byrds","floor":18,"turns":6},{"damage":0,"enemies":"2 Thieves","floor":19,"turns":4},{"damage":0,"enemies":"Centurion and Healer","floor":20,"turns":6},{"damage":0,"enemies":"Sentry and Sphere","floor":22,"turns":5},{"damage":0,"enemies":"Snecko","floor":24,"turns":5},{"damage":0,"enemies":"Cultist and Chosen","floor":25,"turns":4},{"damage":0,"enemies":"Book of Stabbing","floor":27,"turns":4},{"damage":0,"enemies":"Shelled Parasite and Fungi","floor":30,"turns":1},{"damage":0,"enemies":"Automaton","floor":33,"turns":9},{"damage":0,"enemies":"3 Shapes","floor":35,"turns":3},{"damage":0,"enemies":"3 Darklings","floor":37,"turns":8},{"damage":0,"enemies":"R_Hoarder","floor":41,"turns":5},{"damage":0,"enemies":"Writhing Mass","floor":45,"turns":4},{"damage":0,"enemies":"Jaw Worm Horde","floor":46,"turns":3},{"damage":0,"enemies":"3 Darklings","floor":48,"turns":5},{"damage":0,"enemies":"Replay:Hell Engine","floor":50,"turns":9}],"seed_played":"2033872028119015249","potions_obtained":[{"floor":3,"key":"BlessingOfTheForge"},{"floor":4,"key":"LiquidMemories"},{"floor":6,"key":"Adrenaline Potion"},{"floor":8,"key":"Fire Potion"},{"floor":22,"key":"BottledSpark"},{"floor":22,"key":"Energy Potion"},{"floor":24,"key":"Adrenaline Potion"},{"floor":27,"key":"Explosive Potion"},{"floor":30,"key":"Dexterity Potion"},{"floor":33,"key":"Explosive Potion"},{"floor":35,"key":"Languid Potion"},{"floor":37,"key":"SneckoOil"},{"floor":41,"key":"Venom Potion"},{"floor":45,"key":"Milkshake"},{"floor":46,"key":"SteroidPotion"},{"floor":46,"key":"Reflective Coating"},{"floor":48,"key":"AttackPotion"}],"is_trial":false,"path_per_floor":["M","?","M","M","M","E","M","E","T","R","M","M","M","$","R","B",null,"M","M","M","AVR","M","R","M","M","T","E","?","R","M","?","R","B",null,"M","?","M","?","$","R","E","R","T","?","M","M","R","M","R","B",null],"character_chosen":"MARISA","items_purchased":["MysteriousBeam","CeramicFish","GalacticHalo","StarDustReverie","MilkyWay","SporeBomb","Turnip","Whetstone","Guide Book","CaptainsWheel"],"campfire_rested":0,"item_purchase_floors":[0,0,0,0,0,0,0,14,39,39],"current_hp_per_floor":[1,1,1,1,1,1,1,1,1,1,1,1,1,1,1,1,1,1,1,1,1,1,1,1,1,1,1,1,1,1,1,1,1,1,1,1,1,1,1,1,1,1,1,1,1,1,1,1,1,1],"gold":369,"neow_bonus":"","is_daily":false,"chose_seed":false,"campfire_upgraded":9,"win_rate":0.0,"timestamp":1608549095,"path_taken":["M","?","M","M","M","E","M","E","T","R","M","?","M","$","R","BOSS","M","M","M","AVR","M","R","M","M","T","E","?","R","M","?","R","BOSS","M","?","M","?","$","R","E","R","T","?","M","M","R","?","R","BOSS"],"items_purchased_type":["Card","Relic","Card","Card","Card","Card","Relic","Relic","Relic","Relic"],"build_version":"2020-12-13","purchased_purges":2,"victory":true,"max_hp_per_floor":[1,1,1,1,1,1,1,1,1,1,1,1,1,1,1,1,1,1,1,1,1,1,1,1,1,1,1,1,1,1,1,1,1,1,1,1,1,1,1,1,1,1,1,1,1,1,1,1,1,1],"card_choices":[{"not_picked":["DoubleSpark","StarlightTyphoon"],"picked":"6A","floor":1},{"not_picked":["GalacticHalo","MilkyWay","SporeBomb"],"picked":"SKIP","floor":3},{"not_picked":["MysteriousBeam","RefractionSpark"],"picked":"PowerUp","floor":4},{"not_picked":["EarthLightRay","SporeBomb","Acceleration"],"picked":"SKIP","floor":5},{"not_picked":["GrandCross","SporeBomb"],"picked":"AsteroidBelt","floor":6},{"not_picked":["PropBag","EarthLightRay","PowerUp"],"picked":"SKIP","floor":7},{"not_picked":["ShootingEcho","GrandCross"],"picked":"CasketOfStar","floor":8},{"not_picked":["GalacticHalo","WitchOfGreed"],"picked":"MagicChant","floor":11},{"not_picked":["GrandCross","DC","MilkyWay"],"picked":"SKIP","floor":12},{"not_picked":["OneTimeOff","UnstableBomb","GravityBeat"],"picked":"SKIP","floor":13},{"not_picked":["StarDustReverie","TreasureHunter"],"picked":"JA","floor":16},{"not_picked":["EarthLightRay","EnergyRecoil","Acceleration"],"picked":"SKIP","floor":18},{"not_picked":["LuminesStrike+1","UnstableBomb"],"picked":"DeepEcoloBomb+1","floor":19},{"not_picked":["GasGiant","GalacticHalo"],"picked":"WitchOfGreed","floor":20},{"not_picked":["LuminesStrike","MilkyWay","Singularity"],"picked":"SKIP","floor":22},{"not_picked":["EnergyRecoil+1","PowerUp"],"picked":"MagicAbsorber+1","floor":24},{"not_picked":["6A","MilkyWay"],"picked":"ChargeUpSpray+1","floor":25},{"not_picked":["OneTimeOff+1","ShootingEcho+1","Acceleration"],"picked":"SKIP","floor":27},{"not_picked":["EscapeVelocity","Orbital","MysteriousBeam+1"],"picked":"SKIP","floor":30},{"not_picked":["AbsoluteMagnitude","StarDustReverie"],"picked":"ManaRampage","floor":33},{"not_picked":["ShootTheMoon","ShootingEcho"],"picked":"MilkyWay+1","floor":35},{"not_picked":["WitchLeyline","PowerUp","GasGiant"],"picked":"SKIP","floor":37},{"not_picked":["WitchOfGreed+1","RefractionSpark+1","PowerUp+1"],"picked":"SKIP","floor":41},{"not_picked":["IllusionStar","RefractionSpark+1"],"picked":"Robbery+1","floor":45},{"not_picked":["ChargingUp+1","PropBag+1","WitchOfGreed"],"picked":"SKIP","floor":46},{"not_picked":["RefractionSpark+1","GravityBeat+1"],"picked":"SuperPerseids+1","floor":48}],"player_experience":356260,"relics_obtained":[{"floor":6,"key":"hubris:DeckOfHolding"},{"floor":8,"key":"ReplayTheSpireMod:Lightbulb"},{"floor":9,"key":"War Paint"},{"floor":26,"key":"ReplayTheSpireMod:TigerMarble"},{"floor":27,"key":"Gremlin Food"},{"floor":27,"key":"Pear"},{"floor":41,"key":"Pet Ghost"},{"floor":41,"key":"Molten Egg 2"},{"floor":43,"key":"infinitespire:Broken Mirror"}],"event_choices":[{"damage_healed":0,"gold_gain":0,"player_choice":"Paid Gold","damage_taken":0,"relics_obtained":["PreservedInsect"],"max_hp_gain":0,"max_hp_loss":0,"event_name":"WeMeetAgain","floor":2,"gold_loss":66},{"damage_healed":0,"gold_gain":0,"player_choice":"Embrace Madness","damage_taken":0,"max_hp_gain":0,"max_hp_loss":0,"event_name":"Winding Halls","floor":36,"gold_loss":0,"cards_obtained":["Madness","Madness"]},{"damage_healed":0,"gold_gain":0,"player_choice":"Memory 1","damage_taken":0,"max_hp_gain":0,"max_hp_loss":0,"event_name":"SensoryStone","floor":44,"gold_loss":0}],"is_beta":false,"boss_relics":[{"not_picked":["Fusion Hammer","Replay:Wanted Poster"],"picked":"Cursed Key"},{"not_picked":["Snecko Heart","Runic Dome"],"picked":"hubris:TerracottaHorce"}],"items_purged_floors":[14,39],"is_endless":false,"potions_floor_spawned":[3,4,6,8,22,30,35,46],"ascension_level":0}}