{"host":"dntw6kil9p09eemm","time":1608547691,"event":{"mods":["Alarm Clock","Aspiration","BaseMod","Colored Powertips","Downfall","Hermit","Hubris","Minty Spire (QoL Compilation)","Permanent Neow","Replay The Spire","Reworked Bosses","Shop Mod","Spicy Shops","StSLib","The Runesmith"],"gold_per_floor":[116,134,134,144,69,98,98,113,140,160,178,211,211,246,246,341,341,357,357,371,371,387,387,407,276,276,294,45,145,160,160,160,263,263,273,314,325,325,335,335,335,335],"floor_reached":40,"playtime":2661,"items_purged":["hexamod:Defend","hexamod:Defend","hexamod:Strike"],"score":435,"play_id":"47924b2f-095b-45d6-8fdd-3147b1d57e77","local_time":"20201221194811","is_ascension_mode":false,"campfire_choices":[{"data":"hexamod:Float","floor":13.0,"key":"SMITH"},{"data":"hexamod:FastForward","floor":15.0,"key":"SMITH"},{"data":"hexamod:SoulSteal","floor":23.0,"key":"SMITH"},{"floor":32,"key":"REST"}],"circlet_count":0,"master_deck":["hexamod:Strike","hexamod:Defend","hexamod:Sear","hexamod:Float+1","hexamod:GhostflameBarrier","hexamod:PhantomFireball","hexamod:FirstSeal","hexamod:ExtraCrispy","hexamod:GhostflameBarrier","hexamod:FastForward+1","hexamod:ThermalTransfer+1","hexamod:WildfireWeapon","hexamod:VolcanoVisage","hexamod:SpectersWail+1","hexamod:Rewind+1","hexamod:FourthSeal","hexamod:ThermalTransfer+1","hexamod:SoulSteal+1","hermit:WideOpen+1","hexamod:StepThrough","hexamod:BurningTouch","hexamod:HexaLevel","hexamod:EmpoweredFlame","hexamod:GhostflameInferno","Parasite","hexamod:ThermalTransfer+1"],"relics":["hexamod:SpiritBrand","aspiration:Nostalgia","Cracked Core","Thread and Needle","Vajra","Replay:Baseball","Boot","Astrolabe","MerchantsRug","hexamod:Sixitude","hexamod:MatchstickCase","Whetstone"],"acts_visited":["Exordium","TheCity","TheBeyond"],"potions_floor_usage":[29,40],"damage_taken":[{"damage":0.0,"enemies":"Jaw Worm","floor":1.0,"turns":3.0},{"damage":0.0,"enemies":"Cultist","floor":2.0,"turns":3.0},{"damage":2.0,"enemies":"Small Slimes","floor":4.0,"turns":3.0},{"damage":13.0,"enemies":"Lagavulin","floor":6.0,"turns":9.0},{"damage":1.0,"enemies":"3 Louse","floor":8.0,"turns":3.0},{"damage":0.0,"enemies":"Blue Slaver","floor":10.0,"turns":4.0},{"damage":0.0,"enemies":"Exordium Wildlife","floor":11.0,"turns":4.0},{"damage":11.0,"enemies":"3 Sentries","floor":12.0,"turns":8.0},{"damage":10.0,"enemies":"Lagavulin","floor":14.0,"turns":8.0},{"damage":10.0,"enemies":"The Guardian","floor":16.0,"turns":10.0},{"damage":3.0,"enemies":"3 Byrds","floor":18.0,"turns":4.0},{"damage":0.0,"enemies":"Shell Parasite","floor":20.0,"turns":5.0},{"damage":0.0,"enemies":"Snake Plant","floor":22.0,"turns":3.0},{"damage":5.0,"enemies":"Centurion and Healer","floor":24.0,"turns":5.0},{"damage":12,"enemies":"Snecko","floor":27,"turns":5},{"damage":3,"enemies":"Colosseum Slavers","floor":29,"turns":3},{"damage":1,"enemies":"Colosseum Nobs","floor":29,"turns":3},{"damage":14,"enemies":"Snake Plant","floor":30,"turns":3},{"damage":57,"enemies":"Automaton","floor":33,"turns":8},{"damage":7,"enemies":"3 Shapes","floor":35,"turns":3},{"damage":0,"enemies":"Orb Walker","floor":37,"turns":3},{"damage":57,"enemies":"Writhing Mass","floor":39,"turns":6},{"damage":45,"enemies":"Transient","floor":40,"turns":4}],"seed_played":"-7341682355669564092","potions_obtained":[{"floor":1.0,"key":"Swift Potion"},{"floor":4.0,"key":"SpeedPotion"},{"floor":12.0,"key":"SpeedPotion"},{"floor":14.0,"key":"sneckomod:MuddlingPotion"},{"floor":18.0,"key":"Explosive Potion"},{"floor":27,"key":"LiquidBronze"},{"floor":29,"key":"SteroidPotion"},{"floor":39,"key":"Block Potion"}],"is_trial":false,"path_per_floor":["M","M","?","M","$","E","?","M","T","M","M","E","R","E","R","B",null,"M","?","M","?","M","R","M","$","T","M","$","?","M","?","R","B",null,"M","$","M","$","M","M"],"character_chosen":"THE_SPIRIT","items_purchased":["MerchantsRug","hexamod:StepThrough","hexamod:MatchstickCase","Whetstone"],"campfire_rested":1,"item_purchase_floors":[25,25,28,36],"current_hp_per_floor":[70,70,63,68,68,62,62,68,68,70,70,66,66,56,56,46,70,67,67,70,70,70,70,70,70,70,65,65,61,47,39,60,3,70,63,63,63,63,13,0,0,0],"gold":335,"neow_bonus":"NOSTALGIA","is_daily":false,"chose_seed":false,"campfire_upgraded":3,"win_rate":0.0,"timestamp":1608547691,"path_taken":["M","M","?","M","$","E","?","?","T","M","M","E","R","E","R","BOSS","M","?","M","?","M","R","M","$","T","M","$","?","M","?","R","BOSS","M","$","M","$","M","M"],"items_purchased_type":["Relic","Card","Relic","Relic"],"build_version":"2020-12-13","purchased_purges":3,"victory":false,"max_hp_per_floor":[70,70,70,70,70,70,70,70,70,70,70,70,70,70,70,70,70,70,70,70,70,70,70,70,70,70,70,70,70,70,70,70,70,70,70,70,70,70,70,70,70,70],"card_choices":[{"not_picked":["hexamod:GhostShield","hexamod:GhostLash"],"picked":"hexamod:GhostflameBarrier","floor":1.0},{"not_picked":["hexamod:PowerFromBeyond","hexamod:RainOfEmbers"],"picked":"hexamod:PhantomFireball","floor":2.0},{"not_picked":["hexamod:BurningTouch","hexamod:Incineration"],"picked":"hexamod:ExtraCrispy","floor":4.0},{"not_picked":["hexamod:ShieldOfDarkness","hexamod:HeatShield"],"picked":"hexamod:GhostflameBarrier","floor":6.0},{"not_picked":["hexamod:NightmareGuise","hexamod:GhostShield"],"picked":"hexamod:FastForward","floor":8.0},{"not_picked":["hexamod:Hexaguard","hexamod:SpectralAdrenaline"],"picked":"hexamod:ThermalTransfer","floor":10.0},{"not_picked":["hexamod:HauntingEcho","hexamod:BacktrackSmack","hexamod:EtherealExpedition"],"picked":"SKIP","floor":11.0},{"not_picked":["hexamod:SwordOfDarkness","hexamod:HauntingEcho"],"picked":"hexamod:WildfireWeapon","floor":12.0},{"not_picked":["hexamod:NecessarySacrifice","hexamod:AdvancingGuard","hexamod:HauntingEcho"],"picked":"SKIP","floor":14.0},{"not_picked":["hexamod:TurnItUp","hexamod:GiftsFromTheDead"],"picked":"hexamod:VolcanoVisage","floor":16.0},{"not_picked":["hexamod:RainOfEmbers","hexamod:InspiringFlames+1"],"picked":"hexamod:ThermalTransfer+1","floor":18.0},{"not_picked":["hexamod:ChargedBarrage+1","hexamod:RainOfEmbers+1"],"picked":"hexamod:SoulSteal","floor":20.0},{"not_picked":["hexamod:SwordOfDarkness","hexamod:SuperheatedStrike","hexamod:NightmareStrike+1"],"picked":"SKIP","floor":22.0},{"not_picked":["hexamod:Hexaguard","hexamod:EtherealExpedition+1","hexamod:GhostShield"],"picked":"SKIP","floor":24.0},{"not_picked":["hexamod:SpectersWail","hexamod:AdvancingGuard"],"picked":"hexamod:BurningTouch","floor":27},{"not_picked":["hexamod:RecurringNightmare","hexamod:SkipABeat+1"],"picked":"hexamod:HexaLevel","floor":29},{"not_picked":["hexamod:BurningTouch+1","hexamod:SkipABeat","hexamod:SwordOfDarkness"],"picked":"SKIP","floor":30},{"not_picked":["hexamod:SwordOfDarkness","hexamod:ThermalTransfer+1"],"picked":"hexamod:EmpoweredFlame","floor":31},{"not_picked":["Runesmith:FissionHammer","Tools of the Trade"],"picked":"hexamod:GhostflameInferno","floor":33},{"not_picked":["champ:TornadoPunch","sneckomod:QuickMove+1","Runesmith:CraftIncendium"],"picked":"SKIP","floor":35},{"not_picked":["hexamod:HauntingEcho","hexamod:Firestarter+1","hexamod:RainOfEmbers"],"picked":"SKIP","floor":37},{"not_picked":["hexamod:Hexaguard","hexamod:InspiringFlames"],"picked":"hexamod:ThermalTransfer+1","floor":39}],"player_experience":421923,"relics_obtained":[{"floor":6.0,"key":"hubris:TinFlute"},{"floor":7.0,"key":"Thread and Needle"},{"floor":9.0,"key":"Vajra"},{"floor":12.0,"key":"Replay:Baseball"},{"floor":14.0,"key":"Boot"},{"floor":26,"key":"hexamod:Sixitude"},{"floor":29,"key":"hubris:Teleporter"},{"floor":29,"key":"aspiration:FetidBarrel"},{"floor":31,"key":"PrismaticShard"}],"event_choices":[{"damage_healed":0.0,"max_hp_gain":0.0,"max_hp_loss":0.0,"gold_gain":0.0,"event_name":"Wheel of Change","player_choice":"Relic","floor":7.0,"gold_loss":0.0,"damage_taken":0.0},{"damage_healed":0.0,"max_hp_gain":0.0,"max_hp_loss":0.0,"gold_gain":0.0,"event_name":"The Library","player_choice":"Read","floor":21.0,"gold_loss":0.0,"damage_taken":0.0,"cards_obtained":["hermit:WideOpen"]},{"damage_healed":0,"gold_gain":0,"player_choice":"Fight","damage_taken":0,"max_hp_gain":0,"max_hp_loss":0,"event_name":"Colosseum","floor":29,"gold_loss":0},{"damage_healed":0,"gold_gain":0,"player_choice":"Fought Nobs","damage_taken":0,"max_hp_gain":0,"max_hp_loss":0,"event_name":"Colosseum","floor":29,"gold_loss":0}],"is_beta":false,"boss_relics":[{"not_picked":["hubris:Stopwatch","aspiration:DefectSkillbook"],"picked":"Astrolabe"},{"not_picked":["Philosopher\u0027s Stone","ReplayTheSpireMod:DimensionalGlitch"],"picked":"expansioncontent:StudyCardRelic"}],"items_purged_floors":[5,28,36],"is_endless":false,"potions_floor_spawned":[1,4,12,14,18,22,29,39],"killed_by":"Transient","ascension_level":0}}