{"host":"kpyoctgc7jne3jiy","time":1608572835,"event":{"mods":["AchievementEnabler","BaseMod","Minty Spire (QoL Compilation)"],"gold_per_floor":[118,118,135,59,72,72,106,106,106,181,200,222,222,235,235,336,336,347,360,360,360,360,360,373,387,411,411,422,441,468,491,491,595,595,607,621,635,635,635],"floor_reached":38,"playtime":2015,"items_purged":[],"score":438,"play_id":"4cd81569-b3b9-4fbe-9aac-8d7f6a2c4c7e","local_time":"20201221184715","is_ascension_mode":true,"campfire_choices":[{"data":"Pray","floor":6,"key":"SMITH"},{"floor":8,"key":"REST"},{"floor":13,"key":"REST"},{"data":"Sanctity","floor":15,"key":"SMITH"},{"data":"Alpha","floor":23,"key":"SMITH"},{"data":"SashWhip","floor":27,"key":"SMITH"},{"floor":32,"key":"REST"}],"circlet_count":0,"master_deck":["Strike_P","Strike_P","Defend_P","Defend_P","Defend_P","Defend_P","Eruption","Vigilance+1","Consecrate","FollowUp","Pray+1","Protect","Sanctity+1","Prostrate","FearNoEvil","ThirdEye","Alpha+1","Perseverance+1","BowlingBash+1","Conclude+1","SashWhip+1","WaveOfTheHand+1","Evaluate+1","SpiritShield","Wallop+1","LikeWater+1","SandsOfTime+1"],"relics":["PureWater","Mercury Hourglass","Eternal Feather","Odd Mushroom","Empty Cage","Centennial Puzzle","Turnip","Regal Pillow","Black Star"],"acts_visited":["Exordium","TheCity","TheBeyond"],"potions_floor_usage":[16,16,25,33,33,35,37],"damage_taken":[{"damage":0,"enemies":"Jaw Worm","floor":1,"turns":2},{"damage":6,"enemies":"Small Slimes","floor":3,"turns":3},{"damage":0,"enemies":"2 Louse","floor":5,"turns":2},{"damage":48,"enemies":"Gremlin Nob","floor":7,"turns":4},{"damage":0,"enemies":"Looter","floor":11,"turns":4},{"damage":8,"enemies":"The Mushroom Lair","floor":12,"turns":4},{"damage":3,"enemies":"Blue Slaver","floor":14,"turns":5},{"damage":52,"enemies":"The Guardian","floor":16,"turns":20},{"damage":16,"enemies":"3 Byrds","floor":18,"turns":4},{"damage":14,"enemies":"Chosen","floor":19,"turns":5},{"damage":7,"enemies":"Snecko","floor":24,"turns":5},{"damage":0,"enemies":"Cultist and Chosen","floor":25,"turns":5},{"damage":11,"enemies":"Chosen and Byrds","floor":28,"turns":4},{"damage":26,"enemies":"Centurion and Healer","floor":29,"turns":5},{"damage":21,"enemies":"Book of Stabbing","floor":30,"turns":5},{"damage":31,"enemies":"Collector","floor":33,"turns":8},{"damage":11,"enemies":"3 Shapes","floor":35,"turns":5},{"damage":27,"enemies":"Orb Walker","floor":36,"turns":4},{"damage":17,"enemies":"4 Shapes","floor":37,"turns":3},{"damage":32,"enemies":"Spire Growth","floor":38,"turns":4}],"seed_played":"5676668204853728294","potions_obtained":[{"floor":3,"key":"EssenceOfSteel"},{"floor":12,"key":"Block Potion"},{"floor":16,"key":"BlessingOfTheForge"},{"floor":18,"key":"CultistPotion"},{"floor":19,"key":"Dexterity Potion"},{"floor":28,"key":"BlessingOfTheForge"},{"floor":29,"key":"SteroidPotion"},{"floor":30,"key":"DuplicationPotion"},{"floor":35,"key":"Fruit Juice"},{"floor":36,"key":"PowerPotion"}],"is_trial":false,"path_per_floor":["M","?","M","$","M","R","E","R","T","?","M","?","R","M","R","B",null,"M","M","?","?","?","R","M","M","T","R","M","M","E","T","R","B",null,"M","M","M","M"],"character_chosen":"WATCHER","items_purchased":["Pray"],"campfire_rested":3,"item_purchase_floors":[4],"current_hp_per_floor":[79,79,73,73,73,73,25,48,48,37,37,29,61,58,67,15,79,63,49,49,75,75,79,72,72,72,79,68,42,21,21,71,40,79,73,46,29,0,0],"gold":635,"neow_bonus":"TEN_PERCENT_HP_BONUS","is_daily":false,"chose_seed":false,"campfire_upgraded":4,"win_rate":0.0,"timestamp":1608572835,"path_taken":["M","?","M","$","M","R","E","R","T","?","M","?","R","M","R","BOSS","M","M","?","?","?","R","M","M","T","R","?","M","E","?","R","BOSS","M","M","M","M"],"items_purchased_type":["Card"],"build_version":"2020-12-13","purchased_purges":0,"victory":false,"max_hp_per_floor":[79,79,79,79,79,79,79,79,79,79,79,79,79,79,79,79,79,79,79,79,79,79,79,79,79,79,79,79,79,79,79,79,79,79,84,84,84,84,84],"card_choices":[{"not_picked":["Halt","FlyingSleeves"],"picked":"Consecrate","floor":1},{"not_picked":["InnerPeace","Scrawl"],"picked":"FollowUp","floor":3},{"not_picked":["FollowUp","Nirvana"],"picked":"Protect","floor":5},{"not_picked":["Protect","ReachHeaven"],"picked":"Sanctity","floor":7},{"not_picked":["Indignation","ThirdEye"],"picked":"Prostrate","floor":11},{"not_picked":["EmptyMind","EmptyFist"],"picked":"FearNoEvil","floor":12},{"not_picked":["BowlingBash","ReachHeaven"],"picked":"ThirdEye","floor":14},{"not_picked":["Establishment","SpiritShield"],"picked":"Alpha","floor":16},{"not_picked":["Wireheading+1","Halt"],"picked":"Perseverance","floor":18},{"not_picked":["ClearTheMind","ReachHeaven"],"picked":"BowlingBash+1","floor":19},{"not_picked":["Consecrate","Vengeance"],"picked":"Conclude+1","floor":24},{"not_picked":["EmptyBody","Omniscience"],"picked":"SashWhip","floor":25},{"not_picked":["FearNoEvil","Halt"],"picked":"WaveOfTheHand+1","floor":28},{"not_picked":["Meditate","Protect"],"picked":"Evaluate+1","floor":29},{"not_picked":["MentalFortress","EmptyFist","Meditate+1"],"picked":"SKIP","floor":30},{"not_picked":["Ragnarok","Judgement"],"picked":"SpiritShield","floor":33},{"not_picked":["FlurryOfBlows","Consecrate+1"],"picked":"Wallop+1","floor":35},{"not_picked":["Wireheading+1","Perseverance"],"picked":"LikeWater+1","floor":36},{"not_picked":["TalkToTheHand+1","Crescendo"],"picked":"SandsOfTime+1","floor":37}],"player_experience":233129,"relics_obtained":[{"floor":7,"key":"Mercury Hourglass"},{"floor":9,"key":"Eternal Feather"},{"floor":12,"key":"Odd Mushroom"},{"floor":26,"key":"Centennial Puzzle"},{"floor":30,"key":"Turnip"},{"floor":31,"key":"Regal Pillow"}],"event_choices":[{"damage_healed":0,"gold_gain":0,"player_choice":"Grow","damage_taken":0,"max_hp_gain":0,"max_hp_loss":0,"event_name":"Living Wall","floor":2,"gold_loss":0,"cards_upgraded":["Vigilance"]},{"damage_healed":0,"gold_gain":75,"player_choice":"Gather Gold","damage_taken":11,"max_hp_gain":0,"max_hp_loss":0,"event_name":"World of Goop","floor":10,"gold_loss":0},{"damage_healed":0,"gold_gain":0,"player_choice":"Fought Mushrooms","damage_taken":0,"max_hp_gain":0,"max_hp_loss":0,"event_name":"Mushrooms","floor":12,"gold_loss":0},{"damage_healed":0,"gold_gain":0,"player_choice":"Ignored","damage_taken":0,"max_hp_gain":0,"max_hp_loss":0,"event_name":"Vampires","floor":20,"gold_loss":0},{"damage_healed":26,"gold_gain":0,"player_choice":"Heal","damage_taken":0,"max_hp_gain":0,"max_hp_loss":0,"event_name":"The Library","floor":21,"gold_loss":0},{"damage_healed":0,"gold_gain":0,"player_choice":"Upgraded","damage_taken":0,"max_hp_gain":0,"max_hp_loss":0,"event_name":"Upgrade Shrine","floor":22,"gold_loss":0,"cards_upgraded":["Perseverance"]}],"is_beta":false,"boss_relics":[{"not_picked":["Velvet Choker","Ectoplasm"],"picked":"Empty Cage"},{"not_picked":["Runic Dome","Snecko Eye"],"picked":"Black Star"}],"items_purged_floors":[],"is_endless":false,"potions_floor_spawned":[3,12,16,18,19,28,29,30,35,36],"killed_by":"Spire Growth","ascension_level":2}}