{"host":"abdxwahegzejqccj","time":1608541911,"event":{"mods":["BaseMod","Better Note","BetterRewards","Colored Powertips","Downfall","Hermit","Minty Spire (QoL Compilation)","Replay The Spire","StSLib","The Cursed","The Hierophant"],"gold_per_floor":[115,129,149,47,69,69,94,94,120,295,322,322,266,278,278,380,380,398,29,27,38,58,88,88,88,88,88,88,121,121,140,140,238,238,257,79,92,109,109,138,138,138,208,218,218,245,279,279,279],"floor_reached":48,"playtime":2418,"items_purged":["hermit:Defend_Hermit","hermit:Defend_Hermit"],"score":736,"play_id":"d4947ee9-60c6-4f77-b598-9686fdaf4678","local_time":"20201221201151","is_ascension_mode":false,"campfire_choices":[{"floor":6.0,"key":"REST"},{"data":"hermit:Glare","floor":8.0,"key":"SMITH"},{"floor":12.0,"key":"REST"},{"floor":24.0,"key":"REST"},{"floor":28,"key":"REST"},{"floor":32,"key":"REST"},{"data":"hermit:TakeAim","floor":42,"key":"SMITH"},{"data":"hermit:Determination","floor":42,"key":"SMITH"},{"data":"hermit:Determination","floor":45,"key":"SMITH"},{"data":"hermit:GhostlyPresence","floor":45,"key":"SMITH"}],"circlet_count":0,"master_deck":["hermit:Strike_Hermit+1","hermit:Strike_Hermit+1","hermit:Strike_Hermit+1","hermit:Strike_Hermit+1","hermit:Defend_Hermit","hermit:Defend_Hermit","hermit:Snapshot","hermit:Covet","hermit:ShadowCloak","hermit:Quickdraw","hermit:Vantage","hermit:PistolWhip+1","hermit:Determination+1","hermit:Glare+1","hermit:Spite","Swift Strike","hermit:GhostlyPresence+1","hermit:Glare","Doubt","hermit:NoHoldsBarred","hermit:Reprieve","hermit:Determination+1","hermit:TakeAim+1","hermit:Maintenance+1","hermit:Desperado","hermit:HoleUp","hermit:Desperado+1","Discovery","CurseOfTheBell","hermit:Horror+1","Apotheosis+1","Parasite","hermit:Adapt+1","Doubt","hermit:ShadowCloak+1"],"relics":["hermit:Momento","Membership Card","Replay:WaspNest","BargainBundle","Ice Cream","Orichalcum","Happy Flower","Replay:Bottled Eggs","Replay:Mystery Machine","SacredBark","hermit:Spyglass","Bronze Scales","Golden Egg","StoneCalendar","Snack Pack","Calling Bell","Vajra","The Courier","Replay:Arrowhead","Iron Hammer","Question Card","Replay:Bottled Steam","Blue Doll"],"acts_visited":["Exordium","TheCity","TheBeyond"],"potions_floor_usage":[33,33,40,48],"damage_taken":[{"damage":5.0,"enemies":"Small Slimes","floor":1.0,"turns":4.0},{"damage":3.0,"enemies":"Jaw Worm","floor":2.0,"turns":3.0},{"damage":3.0,"enemies":"2 Louse","floor":3.0,"turns":3.0},{"damage":3.0,"enemies":"Gremlin Nob","floor":7.0,"turns":3.0},{"damage":13.0,"enemies":"Lagavulin","floor":11.0,"turns":5.0},{"damage":2.0,"enemies":"Gremlin Gang","floor":14.0,"turns":4.0},{"damage":15.0,"enemies":"Slime Boss","floor":16.0,"turns":5.0},{"damage":10.0,"enemies":"Shell Parasite","floor":18.0,"turns":4.0},{"damage":1.0,"enemies":"2 Thieves","floor":20.0,"turns":4.0},{"damage":0.0,"enemies":"Chosen and Byrds","floor":21.0,"turns":6.0},{"damage":33.0,"enemies":"3 Cultists","floor":22.0,"turns":5.0},{"damage":29.0,"enemies":"Slavers","floor":23.0,"turns":3.0},{"damage":18,"enemies":"Replay:Snechameleon","floor":29,"turns":5},{"damage":0,"enemies":"Snake Plant","floor":31,"turns":3},{"damage":72,"enemies":"Collector","floor":33,"turns":10},{"damage":13,"enemies":"Orb Walker","floor":35,"turns":3},{"damage":4,"enemies":"3 Darklings","floor":37,"turns":4},{"damage":33,"enemies":"Writhing Mass","floor":38,"turns":4},{"damage":32,"enemies":"Reptomancer","floor":40,"turns":6},{"damage":5,"enemies":"4 Shapes","floor":44,"turns":7},{"damage":59,"enemies":"Giant Head","floor":47,"turns":8},{"damage":14,"enemies":"Jaw Worm Horde","floor":48,"turns":2}],"seed_played":"-3888437344068478664","potions_obtained":[{"floor":2.0,"key":"Toxic Potion"},{"floor":7.0,"key":"Block Potion"},{"floor":14.0,"key":"SpeedPotion"},{"floor":18.0,"key":"Dexterity Potion"},{"floor":21.0,"key":"ColorlessPotion"},{"floor":22.0,"key":"Death Potion"},{"floor":23.0,"key":"SpeedPotion"},{"floor":37,"key":"ColorlessPotion"},{"floor":38,"key":"LiquidMemories"},{"floor":44,"key":"DistilledChaos"}],"is_trial":false,"path_per_floor":["M","M","M","$","?","R","E","R","T","?","E","R","?","M","R","B",null,"M","$","M","M","M","E","R","?","T","$","R","E","?","M","R","B",null,"M","$","M","M","?","E","?","R","T","M","R","T","E","M"],"character_chosen":"HERMIT","items_purchased":["Membership Card","Replay:WaspNest","hermit:ShadowCloak","BargainBundle","hermit:Determination","hermit:Glare","PowerPotion","AttackPotion","hermit:Spite","Swift Strike","hermit:Spyglass","Bronze Scales","hermit:TakeAim","hermit:Maintenance","hermit:Desperado","hermit:HoleUp","Iron Hammer","Apotheosis"],"campfire_rested":5,"item_purchase_floors":[0,0,0,4,4,4,4,4,4,4,19,19,19,19,19,19,36,36],"current_hp_per_floor":[61,58,55,55,25,47,44,44,44,44,31,53,53,51,73,58,75,68,68,67,67,42,13,35,35,35,35,57,47,47,51,73,13,75,63,63,63,32,66,42,66,66,66,61,61,61,11,0,0],"gold":279,"neow_bonus":"","is_daily":false,"chose_seed":false,"campfire_upgraded":5,"win_rate":0.0,"timestamp":1608541911,"path_taken":["M","M","M","$","?","R","E","R","T","?","E","R","?","M","R","BOSS","M","$","?","M","M","E","R","?","T","$","R","E","?","M","R","BOSS","M","$","M","M","?","E","?","R","T","M","R","?","E","M"],"items_purchased_type":["Relic","Relic","Card","Relic","Card","Card","Potion","Potion","Card","Card","Relic","Relic","Card","Card","Card","Card","Relic","Card"],"build_version":"2020-12-13","purchased_purges":2,"victory":false,"max_hp_per_floor":[75,75,75,75,75,75,75,75,75,75,75,75,75,75,75,75,75,75,75,75,75,75,75,75,75,75,75,75,75,75,75,75,75,75,75,75,75,75,66,66,66,66,66,66,66,66,66,66,66],"card_choices":[{"not_picked":["hermit:SprayPray","hermit:HighCaliber"],"picked":"hermit:Quickdraw","floor":1.0},{"not_picked":["hermit:Shortfuse","hermit:Deadeye"],"picked":"hermit:Vantage","floor":2.0},{"not_picked":["hermit:Quickdraw","hermit:Headshot"],"picked":"hermit:PistolWhip","floor":3.0},{"not_picked":["hermit:HighCaliber","hermit:WideOpen"],"picked":"hermit:GhostlyPresence","floor":5.0},{"not_picked":["hermit:Snipe","hermit:Roulette"],"picked":"hermit:Glare","floor":7.0},{"not_picked":["hermit:FatalDesire","hermit:LowProfile","hermit:Malice"],"picked":"SKIP","floor":11.0},{"not_picked":["hermit:LuckOfTheDraw","hermit:Vantage"],"picked":"hermit:NoHoldsBarred","floor":14.0},{"not_picked":["hermit:OverwhelmingPower","hermit:Gambit"],"picked":"hermit:Reprieve","floor":16.0},{"not_picked":["hermit:Roulette+1","hermit:WideOpen"],"picked":"hermit:Determination","floor":18.0},{"not_picked":["hermit:Ricochet+1","hermit:Snipe"],"picked":"hermit:Desperado+1","floor":20.0},{"not_picked":["hermit:Desperado+1","hermit:Spite+1","hermit:Roulette+1"],"picked":"SKIP","floor":21.0},{"not_picked":["hermit:Malice","hermit:Quickdraw+1","hermit:Feint"],"picked":"SKIP","floor":22.0},{"not_picked":["hermit:PistolWhip","hermit:NoHoldsBarred+1","hermit:Midnight"],"picked":"SKIP","floor":23.0},{"not_picked":["hermit:HoleUp+1","hermit:GoldenBullet","hermit:BodyArmor+1"],"picked":"SKIP","floor":29},{"not_picked":["hermit:EternalForm","hermit:Dive","hermit:Feint"],"picked":"SKIP","floor":31},{"not_picked":["hermit:ItchyTrigger","hermit:Headshot+1"],"picked":"hermit:Horror+1","floor":35},{"not_picked":["hermit:LuckOfTheDraw","hermit:Misfire+1","hermit:ItchyTrigger"],"picked":"SKIP","floor":37},{"not_picked":["hermit:EyeOfTheStorm+1","hermit:Deadeye","hermit:HighCaliber"],"picked":"SKIP","floor":38},{"not_picked":["hermit:Reprieve","hermit:Quickdraw+1"],"picked":"hermit:Adapt","floor":40},{"not_picked":["hermit:Coalescence","hermit:CalledShot","hermit:Spite+1"],"picked":"hermit:ShadowCloak+1","floor":44},{"not_picked":["hermit:Midnight+1","hermit:Quickdraw+1","hermit:DeadMansHand","hermit:HoleUp"],"picked":"SKIP","floor":47}],"player_experience":383940,"relics_obtained":[{"floor":5.0,"key":"Ice Cream"},{"floor":7.0,"key":"Orichalcum"},{"floor":9.0,"key":"Happy Flower"},{"floor":11.0,"key":"Replay:Bottled Eggs"},{"floor":23.0,"key":"Golden Egg"},{"floor":26.0,"key":"StoneCalendar"},{"floor":29,"key":"Snack Pack"},{"floor":34,"key":"Vajra"},{"floor":34,"key":"The Courier"},{"floor":34,"key":"Replay:Arrowhead"},{"floor":40,"key":"Question Card"},{"floor":43,"key":"Replay:Bottled Steam"},{"floor":46,"key":"Blue Doll"}],"event_choices":[{"damage_healed":0.0,"max_hp_gain":0.0,"max_hp_loss":0.0,"gold_gain":175.0,"event_name":"Liars Game","player_choice":"AGREE","floor":10.0,"gold_loss":0.0,"damage_taken":0.0,"cards_obtained":["Doubt"]},{"damage_healed":0.0,"max_hp_gain":0.0,"max_hp_loss":0.0,"gold_gain":0.0,"event_name":"WeMeetAgain","player_choice":"Paid Gold","floor":13.0,"gold_loss":56.0,"damage_taken":0.0,"relics_obtained":["Replay:Mystery Machine"]},{"damage_healed":0.0,"max_hp_gain":0.0,"max_hp_loss":0.0,"gold_gain":0.0,"event_name":"Upgrade Shrine","player_choice":"Upgraded","floor":25.0,"gold_loss":0.0,"damage_taken":0.0,"cards_upgraded":["hermit:Maintenance"]},{"damage_healed":0,"gold_gain":0,"player_choice":"1 cards matched","damage_taken":0,"max_hp_gain":0,"max_hp_loss":0,"event_name":"Match and Keep!","floor":30,"gold_loss":0,"cards_obtained":["Discovery"]},{"damage_healed":66,"gold_gain":0,"player_choice":"Heal","damage_taken":0,"max_hp_gain":0,"max_hp_loss":9,"event_name":"The Moai Head","floor":39,"gold_loss":0},{"damage_healed":24,"gold_gain":0,"player_choice":"Heal","damage_taken":0,"max_hp_gain":0,"max_hp_loss":0,"event_name":"MindBloom","floor":41,"gold_loss":0,"cards_obtained":["Doubt"]}],"is_beta":false,"boss_relics":[{"not_picked":["Pandora\u0027s Box","Ectoplasm"],"picked":"SacredBark"},{"not_picked":["Empty Cage","Runic Dome"],"picked":"Calling Bell"}],"items_purged_floors":[4,19],"is_endless":false,"potions_floor_spawned":[2,7,11,14,18,21,22,23,37,38,44],"killed_by":"Jaw Worm Horde","ascension_level":0}}