{"host":"sa7ebub27cgn5wai","time":1608563579,"event":{"mods":["BaseMod","Colored Map","Minty Spire (QoL Compilation)","SuperFastMode"],"gold_per_floor":[112,125,142,155,8,8,39,55,80,92,104,116,145,55,55,155,155,169,189,199,217,235,260,260,272,297,297,315,334,348,361,361,461,461,477,490,504,518,99,99,99,126,126,126,156,172,182,182,182,182],"floor_reached":51,"playtime":1167,"items_purged":["Strike_G","Strike_G"],"score":839,"play_id":"e17f726b-2cde-42ae-b237-b7fff739d655","local_time":"20201222001259","is_ascension_mode":false,"campfire_choices":[{"data":"Blade Dance","floor":6,"key":"SMITH"},{"data":"Cloak And Dagger","floor":12,"key":"SMITH"},{"data":"Blade Dance","floor":15,"key":"SMITH"},{"floor":24,"key":"REST"},{"data":"Accuracy","floor":27,"key":"SMITH"},{"data":"Accuracy","floor":32,"key":"SMITH"},{"floor":40,"key":"REST"},{"floor":44,"key":"REST"},{"floor":49,"key":"REST"}],"circlet_count":0,"master_deck":["Strike_G+1","Strike_G+1","Defend_G","Defend_G","Defend_G","Defend_G","Defend_G","Survivor","Neutralize+1","Blade Dance+1","Blade Dance+1","Accuracy","Backflip","Cloak And Dagger+1","Accuracy+1","Accuracy+1","Blade Dance+1","Dodge and Roll+1","Dodge and Roll","Dodge and Roll+1","Acrobatics","Prepared","Prepared+1","Prepared","Footwork","Footwork","Parasite","Terror","Acrobatics"],"relics":["Ring of the Snake","Vajra","Bag of Marbles","MawBank","HoveringKite","Oddly Smooth Stone","Lantern","Cursed Key","Gremlin Horn","Happy Flower","Girya","Whetstone"],"acts_visited":["Exordium","TheCity","TheBeyond"],"potions_floor_usage":[7,22,31,38,38,50,50],"damage_taken":[{"damage":4,"enemies":"Jaw Worm","floor":1,"turns":6},{"damage":0,"enemies":"Small Slimes","floor":2,"turns":2},{"damage":0,"enemies":"Cultist","floor":3,"turns":3},{"damage":8,"enemies":"Exordium Wildlife","floor":4,"turns":4},{"damage":9,"enemies":"3 Sentries","floor":7,"turns":5},{"damage":0,"enemies":"Red Slaver","floor":8,"turns":1},{"damage":0,"enemies":"Looter","floor":13,"turns":2},{"damage":13,"enemies":"Hexaghost","floor":16,"turns":4},{"damage":0,"enemies":"Spheric Guardian","floor":18,"turns":2},{"damage":4,"enemies":"Chosen","floor":19,"turns":3},{"damage":9,"enemies":"Centurion and Healer","floor":20,"turns":2},{"damage":1,"enemies":"3 Cultists","floor":21,"turns":4},{"damage":11,"enemies":"Snake Plant","floor":22,"turns":6},{"damage":24,"enemies":"Slavers","floor":23,"turns":3},{"damage":0,"enemies":"Snecko","floor":25,"turns":3},{"damage":0,"enemies":"Centurion and Healer","floor":28,"turns":3},{"damage":2,"enemies":"Snake Plant","floor":29,"turns":2},{"damage":0,"enemies":"Chosen and Byrds","floor":30,"turns":3},{"damage":0,"enemies":"3 Cultists","floor":31,"turns":4},{"damage":2,"enemies":"Automaton","floor":33,"turns":4},{"damage":0,"enemies":"Orb Walker","floor":35,"turns":2},{"damage":0,"enemies":"3 Darklings","floor":36,"turns":4},{"damage":26,"enemies":"4 Shapes","floor":37,"turns":2},{"damage":30,"enemies":"Transient","floor":38,"turns":5},{"damage":7,"enemies":"Nemesis","floor":42,"turns":3},{"damage":0,"enemies":"Giant Head","floor":45,"turns":5},{"damage":0,"enemies":"Jaw Worm Horde","floor":46,"turns":2},{"damage":0,"enemies":"Maw","floor":47,"turns":5},{"damage":12,"enemies":"Donu and Deca","floor":50,"turns":6}],"seed_played":"5506783352240997274","potions_obtained":[{"floor":4,"key":"Explosive Potion"},{"floor":7,"key":"Fruit Juice"},{"floor":19,"key":"FairyPotion"},{"floor":21,"key":"LiquidBronze"},{"floor":23,"key":"Swift Potion"},{"floor":33,"key":"PowerPotion"},{"floor":38,"key":"CunningPotion"},{"floor":47,"key":"GamblersBrew"}],"is_trial":false,"path_per_floor":["M","M","M","M","$","R","E","M","T","?","?","R","M","$","R","B",null,"M","M","M","M","M","E","R","M","T","R","M","M","M","M","R","B",null,"M","M","M","M","$","R","?","E","T","R","E","M","M","?","R","B",null],"character_chosen":"THE_SILENT","items_purchased":["Vajra","Blade Dance","Footwork","Gremlin Horn"],"campfire_rested":4,"item_purchase_floors":[5,14,39,39],"current_hp_per_floor":[66,66,66,58,58,58,54,54,54,54,59,59,59,59,59,46,80,80,76,67,66,55,31,55,55,55,55,55,53,53,53,53,51,80,80,80,54,24,24,48,48,41,41,65,65,65,65,57,80,68],"gold":182,"neow_bonus":"UPGRADE_CARD","is_daily":false,"chose_seed":false,"campfire_upgraded":5,"win_rate":0.0,"timestamp":1608563579,"path_taken":["M","M","M","M","$","R","E","M","T","?","?","R","M","?","R","BOSS","M","M","M","M","M","E","R","M","T","R","M","M","M","M","R","BOSS","M","M","M","M","$","R","?","E","T","R","E","M","M","?","R","BOSS"],"items_purchased_type":["Relic","Card","Card","Relic"],"build_version":"2020-12-13","purchased_purges":2,"victory":true,"max_hp_per_floor":[70,70,70,70,70,70,75,75,75,75,80,80,80,80,80,80,80,80,80,80,80,80,80,80,80,80,80,80,80,80,80,80,80,80,80,80,80,80,80,80,80,80,80,80,80,80,80,80,80,80],"card_choices":[{"not_picked":["Acrobatics","Deflect"],"picked":"Blade Dance","floor":1},{"not_picked":["Tools of the Trade","Deadly Poison"],"picked":"Blade Dance","floor":2},{"not_picked":["Prepared","Flying Knee"],"picked":"Accuracy","floor":3},{"not_picked":["Expertise","Dagger Throw"],"picked":"Backflip","floor":4},{"not_picked":["Backflip","Reflex"],"picked":"Cloak And Dagger","floor":7},{"not_picked":["Phantasmal Killer","PiercingWail"],"picked":"Accuracy","floor":8},{"not_picked":["Quick Slash","Outmaneuver"],"picked":"Accuracy","floor":13},{"not_picked":["Endless Agony","Underhanded Strike","Dagger Spray"],"picked":"SKIP","floor":18},{"not_picked":["Noxious Fumes+1","Blur+1","Setup"],"picked":"SKIP","floor":19},{"not_picked":["Dagger Throw","Dagger Spray"],"picked":"Dodge and Roll+1","floor":20},{"not_picked":["Slice","Caltrops"],"picked":"Dodge and Roll","floor":21},{"not_picked":["Dagger Spray+1","Poisoned Stab","Underhanded Strike"],"picked":"SKIP","floor":22},{"not_picked":["Flying Knee","Finisher","Expertise"],"picked":"SKIP","floor":23},{"not_picked":["Choke","Distraction+1","Deadly Poison+1"],"picked":"SKIP","floor":25},{"not_picked":["Flying Knee+1","Calculated Gamble","Dagger Spray"],"picked":"SKIP","floor":28},{"not_picked":["Flying Knee","Masterful Stab"],"picked":"Dodge and Roll+1","floor":29},{"not_picked":["Sucker Punch","Poisoned Stab+1"],"picked":"Acrobatics","floor":30},{"not_picked":["Bane","Setup+1"],"picked":"Prepared","floor":31},{"not_picked":["Dagger Spray","Poisoned Stab+1"],"picked":"Prepared+1","floor":35},{"not_picked":["Heel Hook+1","Finisher+1"],"picked":"Prepared","floor":36},{"not_picked":["Well Laid Plans+1","Dagger Spray","Finisher"],"picked":"SKIP","floor":37},{"not_picked":["Deflect","Sucker Punch+1","Outmaneuver"],"picked":"SKIP","floor":38},{"not_picked":["Terror+1","Dash"],"picked":"Footwork","floor":42},{"not_picked":["Bane+1","Expertise","Sucker Punch"],"picked":"SKIP","floor":45},{"not_picked":["Dagger Throw+1","Sucker Punch"],"picked":"Terror","floor":46},{"not_picked":["Choke+1","Flying Knee"],"picked":"Acrobatics","floor":47}],"player_experience":257123,"relics_obtained":[{"floor":7,"key":"Bag of Marbles"},{"floor":9,"key":"MawBank"},{"floor":23,"key":"Oddly Smooth Stone"},{"floor":26,"key":"Lantern"},{"floor":42,"key":"Happy Flower"},{"floor":43,"key":"Girya"},{"floor":45,"key":"Whetstone"}],"event_choices":[{"damage_healed":0,"gold_gain":0,"player_choice":"Grow","damage_taken":0,"max_hp_gain":0,"max_hp_loss":0,"event_name":"Living Wall","floor":10,"gold_loss":0,"cards_upgraded":["Blade Dance"]},{"damage_healed":0,"gold_gain":0,"player_choice":"Donut","damage_taken":0,"max_hp_gain":5,"max_hp_loss":0,"event_name":"Big Fish","floor":11,"gold_loss":0},{"cards_removed":["Strike_G"],"damage_healed":0,"gold_gain":0,"player_choice":"Removed Attack","damage_taken":0,"max_hp_gain":0,"max_hp_loss":0,"event_name":"Falling","floor":41,"gold_loss":0},{"damage_healed":0,"gold_gain":0,"player_choice":"Damaged","damage_taken":8,"max_hp_gain":0,"max_hp_loss":0,"event_name":"Wheel of Change","floor":48,"gold_loss":0}],"is_beta":false,"boss_relics":[{"not_picked":["Astrolabe","Tiny House"],"picked":"HoveringKite"},{"not_picked":["Philosopher\u0027s Stone","Runic Pyramid"],"picked":"Cursed Key"}],"items_purged_floors":[14,39],"is_endless":false,"potions_floor_spawned":[4,7,19,21,23,25,28,30,33,35,38,47],"ascension_level":0}}