{"host":"uv231blk40vjdojr","time":1608567061,"event":{"mods":["BaseMod","Minty Spire (QoL Compilation)","Relic Stats"],"gold_per_floor":[112,112,122,138,2,2,27,27,27,27,27,61,5,5,5,5,5],"floor_reached":16,"playtime":1331,"items_purged":[],"score":212,"play_id":"78bb550a-9731-4579-89cb-999045ec1174","local_time":"20201221171101","is_ascension_mode":true,"campfire_choices":[{"data":"Static Discharge","floor":6.0,"key":"SMITH"},{"floor":11,"key":"REST"},{"floor":15,"key":"REST"}],"circlet_count":0,"master_deck":["AscendersBane","Strike_B","Strike_B","Strike_B","Strike_B","Defend_B+1","Defend_B+1","Defend_B","Defend_B","Zap","Dualcast","Static Discharge+1","Rebound+1","Defragment"],"relics":["Busted Crown","Singing Bowl","Art of War","Mummified Hand","Ornamental Fan"],"acts_visited":["Exordium"],"potions_floor_usage":[7,12,16,16],"damage_taken":[{"damage":2.0,"enemies":"Small Slimes","floor":1.0,"turns":3.0},{"damage":9.0,"enemies":"2 Louse","floor":3.0,"turns":3.0},{"damage":4.0,"enemies":"Jaw Worm","floor":4.0,"turns":4.0},{"damage":16,"enemies":"Lagavulin","floor":7,"turns":7},{"damage":17,"enemies":"3 Sentries","floor":12,"turns":4},{"damage":41,"enemies":"The Guardian","floor":16,"turns":5}],"seed_played":"-1670126573427138426","potions_obtained":[{"floor":3.0,"key":"FocusPotion"},{"floor":7,"key":"DuplicationPotion"},{"floor":12,"key":"Energy Potion"}],"is_trial":false,"path_per_floor":["M","?","M","M","$","R","E","?","T","?","R","E","$","T","R","B"],"character_chosen":"DEFECT","items_purchased":["Static Discharge","ColorlessPotion","AttackPotion"],"campfire_rested":2,"item_purchase_floors":[5,5,13],"current_hp_per_floor":[62,62,53,49,49,49,33,12,12,12,33,16,16,16,37,0,0],"gold":5,"neow_bonus":"BOSS_RELIC","is_daily":false,"chose_seed":false,"campfire_upgraded":1,"win_rate":0.0,"timestamp":1608567061,"path_taken":["M","?","M","M","$","R","E","?","T","?","R","E","?","?","R","BOSS"],"items_purchased_type":["Card","Potion","Potion"],"build_version":"2020-12-13","purchased_purges":0,"victory":false,"max_hp_per_floor":[71,71,71,71,71,71,71,71,71,71,71,71,71,71,71,71,71],"relic_stats":{"Busted Crown":10,"Singing Bowl":0,"counters":[6,26],"Mummified Hand":[2],"Ornamental Fan":[8],"Art of War":[2],"obtain_stats":[{"Busted Crown":0,"Singing Bowl":7,"Mummified Hand":12,"Ornamental Fan":14,"Art of War":9,"Cracked Core":0},{"Busted Crown":0,"Singing Bowl":4,"Mummified Hand":5,"Ornamental Fan":5,"Art of War":4,"Cracked Core":0},{"Busted Crown":0,"Singing Bowl":17,"Mummified Hand":21,"Ornamental Fan":21,"Art of War":17,"Cracked Core":0}]},"card_choices":[{"not_picked":["Stack"],"picked":"SKIP","floor":1.0},{"not_picked":["Stack"],"picked":"SKIP","floor":1.0},{"not_picked":["Capacitor"],"picked":"SKIP","floor":3.0},{"not_picked":["Redo"],"picked":"SKIP","floor":4.0},{"not_picked":[],"picked":"Rebound","floor":7},{"not_picked":[],"picked":"Defragment","floor":12}],"player_experience":517860,"relics_obtained":[{"floor":7,"key":"Singing Bowl"},{"floor":9,"key":"Art of War"},{"floor":12,"key":"Mummified Hand"},{"floor":14,"key":"Ornamental Fan"}],"event_choices":[{"damage_healed":0.0,"max_hp_gain":0.0,"max_hp_loss":0.0,"gold_gain":0.0,"event_name":"The Cleric","player_choice":"Leave","floor":2.0,"gold_loss":0.0,"damage_taken":0.0},{"damage_healed":0,"gold_gain":0,"player_choice":"Entered Light","damage_taken":21,"max_hp_gain":0,"max_hp_loss":0,"event_name":"Shining Light","floor":8,"gold_loss":0,"cards_upgraded":["Defend_B","Defend_B"]},{"damage_healed":0,"gold_gain":0,"player_choice":"Grow","damage_taken":0,"max_hp_gain":0,"max_hp_loss":0,"event_name":"Living Wall","floor":10,"gold_loss":0,"cards_upgraded":["Rebound"]}],"is_beta":false,"boss_relics":[],"items_purged_floors":[],"is_endless":false,"potions_floor_spawned":[3,7,12],"killed_by":"The Guardian","ascension_level":20}}