{"host":"fuszjwm6fqgjjp4d","time":1608534711,"event":{"mods":["BaseMod","Bestiary","Colored Map","DeckTracker","Minty Spire (QoL Compilation)","Permanent Neow","Relic Sorter","Relic Stats","StSLib"],"gold_per_floor":[118,118,118,130,205,205,237,252,252,267,267,287,303,313,313,313,313],"floor_reached":16,"playtime":298,"items_purged":[],"score":187,"play_id":"76119566-a72e-49b7-a72a-595de5fcc0d7","local_time":"20201221011151","is_ascension_mode":true,"campfire_choices":[{"floor":6.0,"key":"REST"},{"floor":11.0,"key":"REST"},{"floor":15.0,"key":"REST"}],"circlet_count":0,"master_deck":["AscendersBane","Strike_P","Strike_P+1","Strike_P","Defend_P","Defend_P","Defend_P","Defend_P","Eruption","Vigilance+1","Dramatic Entrance","FollowUp","TalkToTheHand","Consecrate","EmptyFist","PathToVictory+1","Protect+1","TalkToTheHand"],"relics":["PureWater","Toxic Egg 2","Darkstone Periapt"],"acts_visited":["Exordium"],"potions_floor_usage":[],"damage_taken":[{"damage":0.0,"enemies":"2 Louse","floor":1.0,"turns":1.0},{"damage":0.0,"enemies":"Small Slimes","floor":4.0,"turns":2.0},{"damage":14.0,"enemies":"Lagavulin","floor":7.0,"turns":9.0},{"damage":0.0,"enemies":"Jaw Worm","floor":8.0,"turns":3.0},{"damage":23.0,"enemies":"Exordium Thugs","floor":10.0,"turns":2.0},{"damage":0.0,"enemies":"Exordium Wildlife","floor":12.0,"turns":4.0},{"damage":4.0,"enemies":"Blue Slaver","floor":13.0,"turns":4.0},{"damage":21.0,"enemies":"Exordium Thugs","floor":14.0,"turns":3.0},{"damage":21,"enemies":"The Guardian","floor":16,"turns":4}],"seed_played":"-3113777320943294874","potions_obtained":[{"floor":4.0,"key":"Energy Potion"},{"floor":12.0,"key":"SpeedPotion"},{"floor":14.0,"key":"SmokeBomb"}],"is_trial":false,"path_per_floor":["M","?","?","M","?","R","E","M","T","M","R","M","M","M","R","B"],"character_chosen":"WATCHER","items_purchased":[],"campfire_rested":3,"item_purchase_floors":[],"current_hp_per_floor":[61,41,34,34,23,43,29,29,29,6,26,26,22,1,21,0,0],"gold":313,"neow_bonus":"RANDOM_COLORLESS","is_daily":false,"chose_seed":false,"campfire_upgraded":0,"win_rate":0.0,"timestamp":1608534711,"path_taken":["M","?","?","M","?","R","E","M","T","M","R","M","M","M","R","BOSS"],"items_purchased_type":[],"build_version":"2020-12-13","purchased_purges":0,"victory":false,"max_hp_per_floor":[68,68,68,68,68,68,68,68,68,68,68,68,68,68,68,68,68],"relic_stats":{"Darkstone Periapt":0,"counters":[9,32],"obtain_stats":[{"Darkstone Periapt":9,"PureWater":0,"Toxic Egg 2":7},{"Darkstone Periapt":4,"PureWater":0,"Toxic Egg 2":3},{"Darkstone Periapt":15,"PureWater":0,"Toxic Egg 2":12}]},"card_choices":[{"not_picked":["Mind Blast","Madness"],"picked":"Dramatic Entrance","floor":0.0},{"not_picked":["Sanctity","CutThroughFate"],"picked":"FollowUp","floor":1.0},{"not_picked":["Vengeance","FlurryOfBlows"],"picked":"TalkToTheHand","floor":4.0},{"not_picked":["Crescendo+1","Sanctity+1","Wireheading"],"picked":"SKIP","floor":7.0},{"not_picked":["WheelKick","SignatureMove"],"picked":"Consecrate","floor":8.0},{"not_picked":["Halt+1","FlyingSleeves"],"picked":"EmptyFist","floor":10.0},{"not_picked":["ThirdEye+1","Wireheading"],"picked":"PathToVictory+1","floor":12.0},{"not_picked":["Conclude","BowlingBash"],"picked":"Protect+1","floor":13.0},{"not_picked":["EmptyBody+1","WreathOfFlame+1"],"picked":"TalkToTheHand","floor":14.0}],"player_experience":1192426,"relics_obtained":[{"floor":7.0,"key":"Toxic Egg 2"},{"floor":9.0,"key":"Darkstone Periapt"}],"event_choices":[{"damage_healed":0.0,"max_hp_gain":0.0,"max_hp_loss":0.0,"gold_gain":0.0,"event_name":"Shining Light","player_choice":"Entered Light","floor":2.0,"gold_loss":0.0,"damage_taken":20.0,"cards_upgraded":["Strike_P","Vigilance"]},{"cards_removed":["Strike_P"],"damage_healed":0.0,"max_hp_gain":0.0,"max_hp_loss":0.0,"gold_gain":0.0,"event_name":"Golden Wing","player_choice":"Card Removal","floor":3.0,"gold_loss":0.0,"damage_taken":7.0},{"damage_healed":0.0,"max_hp_gain":0.0,"max_hp_loss":0.0,"gold_gain":75.0,"event_name":"World of Goop","player_choice":"Gather Gold","floor":5.0,"gold_loss":0.0,"damage_taken":11.0}],"is_beta":false,"boss_relics":[],"items_purged_floors":[],"is_endless":false,"potions_floor_spawned":[4,12,14],"killed_by":"The Guardian","ascension_level":16}}