{"host":"girf3bnli6r7x4ah","time":1608591160,"event":{"mods":["2.2 Compatiblity","AchievementEnabler","BaseMod","Colored Map","DeckTracker","Highlight Path","Minty Spire (QoL Compilation)","Random Character Button","Rare Cards Sparkle"],"gold_per_floor":[118,129,147,157,157,184,184,197,197,224,252,252,287,303,303,407,407,424,22,35,49,49,81,81,110,136,148,174,200,66,81,81,179,179,189,189,201,215,70,105,116,142,142,160,195,205,205,223,223,223],"floor_reached":51,"playtime":5637,"items_purged":[],"score":878,"play_id":"a6644005-76c1-450d-9de5-ada29c6f3eda","local_time":"20201221235240","is_ascension_mode":false,"campfire_choices":[{"floor":7,"key":"REST"},{"floor":15,"key":"REST"},{"data":"Blizzard","floor":24,"key":"SMITH"},{"floor":27,"key":"REST"},{"data":"Defragment","floor":32,"key":"SMITH"},{"data":"Rainbow","floor":49,"key":"SMITH"}],"circlet_count":0,"master_deck":["Strike_B","Strike_B","Strike_B","Defend_B","Defend_B","Defend_B","Defend_B","Zap","Dualcast","White Noise","Ball Lightning","Glacier","Double Energy","Machine Learning+1","Capacitor","Chill+1","Force Field","Loop","Heatsinks","Creative AI","Capacitor+1","Defragment+1","Blizzard+1","Glacier","Thunder Strike","Rainbow+1","CurseOfTheBell","Barrage+1","Capacitor+1","Aggregate+1"],"relics":["Cracked Core","NeowsBlessing","Dream Catcher","Sundial","Letter Opener","Odd Mushroom","Matryoshka","SlaversCollar","Toy Ornithopter","InkBottle","MutagenicStrength","Eternal Feather","FossilizedHelix","MawBank","Oddly Smooth Stone","Calling Bell","Mummified Hand","Lantern","Mango","Membership Card","Bottled Tornado","Vajra","Art of War","Shuriken","Question Card"],"acts_visited":["Exordium","TheCity","TheBeyond"],"potions_floor_usage":[6,10,14,16,20,20,25,25,28,33,38,40,41,44,50,50],"damage_taken":[{"damage":0,"enemies":"Small Slimes","floor":1,"turns":1},{"damage":0,"enemies":"2 Louse","floor":2,"turns":1},{"damage":0,"enemies":"Jaw Worm","floor":3,"turns":1},{"damage":0,"enemies":"Looter","floor":4,"turns":4},{"damage":26,"enemies":"3 Sentries","floor":6,"turns":7},{"damage":5,"enemies":"Exordium Wildlife","floor":8,"turns":4},{"damage":7,"enemies":"Gremlin Nob","floor":10,"turns":4},{"damage":17,"enemies":"The Mushroom Lair","floor":11,"turns":3},{"damage":7,"enemies":"3 Sentries","floor":13,"turns":5},{"damage":0,"enemies":"Gremlin Gang","floor":14,"turns":3},{"damage":9,"enemies":"Hexaghost","floor":16,"turns":9},{"damage":14,"enemies":"Shell Parasite","floor":18,"turns":6},{"damage":0,"enemies":"Chosen","floor":20,"turns":5},{"damage":9,"enemies":"Snecko","floor":21,"turns":5},{"damage":14,"enemies":"Slavers","floor":23,"turns":7},{"damage":45,"enemies":"Book of Stabbing","floor":25,"turns":7},{"damage":0,"enemies":"Sentry and Sphere","floor":28,"turns":8},{"damage":0,"enemies":"Centurion and Healer","floor":29,"turns":12},{"damage":28,"enemies":"3 Cultists","floor":31,"turns":8},{"damage":31,"enemies":"Automaton","floor":33,"turns":7},{"damage":0,"enemies":"3 Darklings","floor":35,"turns":6},{"damage":0,"enemies":"3 Shapes","floor":37,"turns":3},{"damage":4,"enemies":"Maw","floor":38,"turns":7},{"damage":19,"enemies":"Giant Head","floor":40,"turns":8},{"damage":0,"enemies":"Jaw Worm Horde","floor":41,"turns":4},{"damage":0,"enemies":"Nemesis","floor":42,"turns":7},{"damage":0,"enemies":"Spire Growth","floor":44,"turns":4},{"damage":34,"enemies":"Reptomancer","floor":45,"turns":5},{"damage":0,"enemies":"3 Darklings","floor":46,"turns":5},{"damage":0,"enemies":"Jaw Worm Horde","floor":48,"turns":3},{"damage":0,"enemies":"Donu and Deca","floor":50,"turns":6}],"seed_played":"6281903219110809056","potions_obtained":[{"floor":1,"key":"GamblersBrew"},{"floor":2,"key":"SkillPotion"},{"floor":6,"key":"Block Potion"},{"floor":11,"key":"Explosive Potion"},{"floor":13,"key":"Dexterity Potion"},{"floor":16,"key":"LiquidMemories"},{"floor":18,"key":"DistilledChaos"},{"floor":21,"key":"Fire Potion"},{"floor":23,"key":"EssenceOfSteel"},{"floor":25,"key":"Regen Potion"},{"floor":31,"key":"Ancient Potion"},{"floor":35,"key":"LiquidBronze"},{"floor":38,"key":"ColorlessPotion"},{"floor":40,"key":"Explosive Potion"},{"floor":41,"key":"DuplicationPotion"},{"floor":46,"key":"Block Potion"},{"floor":48,"key":"BlessingOfTheForge"}],"is_trial":false,"path_per_floor":["M","M","M","M","?","E","R","M","T","E","?","?","E","M","R","B",null,"M","$","M","M","?","E","R","E","T","R","M","M","$","M","R","B",null,"M","?","M","M","$","E","M","E","T","M","E","M","?","M","R","B",null],"character_chosen":"DEFECT","items_purchased":["Toy Ornithopter","InkBottle","Thunder Strike","Membership Card"],"campfire_rested":3,"item_purchase_floors":[19,19,30,39],"current_hp_per_floor":[75,75,75,75,75,49,71,66,66,59,42,27,20,20,42,33,75,61,61,71,62,62,48,60,25,25,62,75,75,75,47,62,36,89,89,85,85,81,81,66,71,71,71,76,42,42,42,42,60,70],"gold":223,"neow_bonus":"THREE_ENEMY_KILL","is_daily":false,"chose_seed":false,"campfire_upgraded":3,"win_rate":0.0,"timestamp":1608591160,"path_taken":["M","M","M","M","?","E","R","M","T","E","?","?","E","M","R","BOSS","M","$","M","M","?","E","R","E","T","R","M","M","$","M","R","BOSS","M","?","M","M","$","E","M","E","T","M","E","M","?","?","R","BOSS"],"items_purchased_type":["Relic","Relic","Card","Relic"],"build_version":"2020-12-13","purchased_purges":0,"victory":true,"max_hp_per_floor":[75,75,75,75,75,75,75,75,75,75,75,75,75,75,75,75,75,75,75,75,75,75,75,75,75,75,75,75,75,75,75,75,75,89,89,85,85,85,85,85,85,85,85,85,85,85,85,85,85,85],"card_choices":[{"not_picked":["Steam Power","Streamline"],"picked":"White Noise","floor":1},{"not_picked":["Rebound","Conserve Battery"],"picked":"Ball Lightning","floor":2},{"not_picked":["Leap","Rebound"],"picked":"Glacier","floor":3},{"not_picked":["Streamline","Redo"],"picked":"Double Energy","floor":4},{"not_picked":["Go for the Eyes","Steam Power"],"picked":"Machine Learning","floor":6},{"not_picked":["Storm","Streamline"],"picked":"Capacitor","floor":7},{"not_picked":["Hologram","Redo","Stack"],"picked":"SKIP","floor":8},{"not_picked":["Streamline","Barrage","Cold Snap"],"picked":"SKIP","floor":10},{"not_picked":["Leap","Skim"],"picked":"Chill","floor":11},{"not_picked":["Go for the Eyes","Leap"],"picked":"Force Field","floor":13},{"not_picked":["Lockon","Redo"],"picked":"Loop","floor":14},{"not_picked":["Steam Power","Fission"],"picked":"Heatsinks","floor":15},{"not_picked":["Fission","Multi-Cast"],"picked":"Creative AI","floor":16},{"not_picked":["Hologram+1","Coolheaded+1"],"picked":"Capacitor+1","floor":18},{"not_picked":["Go for the Eyes","Heatsinks","Coolheaded"],"picked":"SKIP","floor":20},{"not_picked":["Stack","Aggregate"],"picked":"Defragment","floor":21},{"not_picked":["Undo","Double Energy"],"picked":"Blizzard","floor":23},{"not_picked":["Hologram","Heatsinks"],"picked":"Glacier","floor":25},{"not_picked":["Sweeping Beam","Amplify","Go for the Eyes"],"picked":"SKIP","floor":28},{"not_picked":["Cold Snap","Barrage+1","Rip and Tear"],"picked":"SKIP","floor":29},{"not_picked":["Cold Snap+1","Coolheaded","Lockon"],"picked":"SKIP","floor":31},{"not_picked":["Reboot","Seek"],"picked":"Rainbow","floor":33},{"not_picked":["Leap+1","Heatsinks+1","Ball Lightning+1"],"picked":"SKIP","floor":35},{"not_picked":["Rebound","Gash"],"picked":"Barrage+1","floor":37},{"not_picked":["Gash","Stack+1","Chill+1"],"picked":"SKIP","floor":38},{"not_picked":["Fusion+1","Compile Driver+1"],"picked":"Capacitor+1","floor":40},{"not_picked":["Beam Cell","FTL+1","Ball Lightning"],"picked":"SKIP","floor":41},{"not_picked":["Streamline","Hologram+1","Stack+1"],"picked":"SKIP","floor":42},{"not_picked":["Hologram","Machine Learning","Force Field+1"],"picked":"SKIP","floor":44},{"not_picked":["Reinforced Body+1","Leap+1"],"picked":"Aggregate+1","floor":45},{"not_picked":["Self Repair+1","Leap","Compile Driver","Lockon"],"picked":"SKIP","floor":46},{"not_picked":["Streamline","Barrage","Hologram+1","Coolheaded+1"],"picked":"SKIP","floor":48}],"player_experience":65545,"relics_obtained":[{"floor":6,"key":"Dream Catcher"},{"floor":9,"key":"Sundial"},{"floor":10,"key":"Letter Opener"},{"floor":11,"key":"Odd Mushroom"},{"floor":13,"key":"Matryoshka"},{"floor":23,"key":"Eternal Feather"},{"floor":25,"key":"FossilizedHelix"},{"floor":26,"key":"MawBank"},{"floor":26,"key":"Oddly Smooth Stone"},{"floor":34,"key":"Mummified Hand"},{"floor":34,"key":"Lantern"},{"floor":34,"key":"Mango"},{"floor":40,"key":"Bottled Tornado"},{"floor":42,"key":"Vajra"},{"floor":43,"key":"Art of War"},{"floor":43,"key":"Shuriken"},{"floor":45,"key":"Question Card"}],"event_choices":[{"damage_healed":0,"gold_gain":0,"player_choice":"Ignored","damage_taken":0,"max_hp_gain":0,"max_hp_loss":0,"event_name":"Golden Wing","floor":5,"gold_loss":0},{"damage_healed":0,"gold_gain":0,"player_choice":"Fought Mushrooms","damage_taken":0,"max_hp_gain":0,"max_hp_loss":0,"event_name":"Mushrooms","floor":11,"gold_loss":0},{"damage_healed":0,"gold_gain":0,"player_choice":"Entered Light","damage_taken":15,"max_hp_gain":0,"max_hp_loss":0,"event_name":"Shining Light","floor":12,"gold_loss":0,"cards_upgraded":["Machine Learning","Chill"]},{"damage_healed":0,"gold_gain":0,"player_choice":"Inject Mutagens","damage_taken":0,"relics_obtained":["MutagenicStrength"],"max_hp_gain":0,"max_hp_loss":0,"event_name":"Drug Dealer","floor":22,"gold_loss":0},{"damage_healed":0,"gold_gain":0,"player_choice":"Max HP","damage_taken":0,"max_hp_gain":0,"max_hp_loss":4,"event_name":"Winding Halls","floor":36,"gold_loss":0},{"cards_removed":["Strike_B"],"damage_healed":0,"gold_gain":0,"player_choice":"Offered Basic","damage_taken":0,"max_hp_gain":0,"max_hp_loss":0,"event_name":"Bonfire Elementals","floor":47,"gold_loss":0}],"is_beta":false,"boss_relics":[{"not_picked":["Runic Dome","Coffee Dripper"],"picked":"SlaversCollar"},{"not_picked":["Velvet Choker","SacredBark"],"picked":"Calling Bell"}],"items_purged_floors":[],"is_endless":false,"potions_floor_spawned":[1,2,6,11,13,16,18,21,23,25,31,35,38,40,41,46,48],"ascension_level":0}}