{"host":"utqe55yv0jihe4d6","time":1608521169,"event":{"mods":["2.2 Compatiblity","AchievementEnabler","BaseMod","Block Reminder","Colored Map","Colored Powertips","Minty Spire (QoL Compilation)","Quick Restart","Rare Cards Sparkle","Relic Stats","SuperFastMode"],"gold_per_floor":[119,119,131,149,163,163,163],"floor_reached":6,"playtime":162,"items_purged":[],"score":76,"play_id":"793dd8b3-18fd-4813-8dd8-27e92d975b91","local_time":"20201220222609","is_ascension_mode":true,"campfire_choices":[],"circlet_count":0,"master_deck":["AscendersBane","Strike_R","Strike_R","Strike_R","Strike_R","Strike_R","Defend_R","Defend_R","Defend_R","Bash","Flame Barrier","Blood for Blood","Iron Wave"],"relics":["Sozu"],"acts_visited":["Exordium"],"potions_floor_usage":[],"damage_taken":[{"damage":7,"enemies":"2 Louse","floor":1,"turns":3},{"damage":6,"enemies":"Cultist","floor":3,"turns":3},{"damage":3,"enemies":"Small Slimes","floor":4,"turns":4},{"damage":1,"enemies":"2 Fungi Beasts","floor":5,"turns":4},{"damage":52,"enemies":"Lagavulin","floor":6,"turns":6}],"seed_played":"-4464691937600221361","potions_obtained":[],"is_trial":false,"path_per_floor":["M","?","M","M","M","E"],"character_chosen":"IRONCLAD","items_purchased":[],"campfire_rested":0,"item_purchase_floors":[],"current_hp_per_floor":[61,61,55,52,51,0,0],"gold":163,"neow_bonus":"BOSS_RELIC","is_daily":false,"chose_seed":false,"campfire_upgraded":0,"win_rate":0.0,"timestamp":1608521169,"path_taken":["M","?","?","M","M","E"],"items_purchased_type":[],"build_version":"2020-12-13","purchased_purges":0,"victory":false,"max_hp_per_floor":[75,75,75,75,75,75,75],"relic_stats":{"Sozu":2,"counters":[5,20],"obtain_stats":[{"Sozu":0,"Burning Blood":0},{"Sozu":0,"Burning Blood":0},{"Sozu":0,"Burning Blood":0}]},"card_choices":[{"not_picked":["Metallicize","Warcry"],"picked":"Flame Barrier","floor":1},{"not_picked":["Perfected Strike","Dual Wield"],"picked":"Blood for Blood","floor":3},{"not_picked":["Sword Boomerang","Entrench"],"picked":"Iron Wave","floor":4},{"not_picked":["Infernal Blade","Warcry","Heavy Blade"],"picked":"SKIP","floor":5}],"player_experience":2816397,"relics_obtained":[],"event_choices":[{"cards_removed":["Defend_R"],"damage_healed":0,"gold_gain":0,"player_choice":"Card Removal","damage_taken":0,"max_hp_gain":0,"max_hp_loss":0,"event_name":"Wheel of Change","floor":2,"gold_loss":0}],"is_beta":false,"boss_relics":[],"items_purged_floors":[],"is_endless":false,"potions_floor_spawned":[1,5],"killed_by":"Lagavulin","ascension_level":20}}