{"host":"l8lkgdumzpe3823a","time":1608570289,"event":{"mods":["Aspiration","BaseMod","Better Note","Colored Powertips","Curses Come First","Custom Start","DeckTracker","Defuse TimeMaze Blight","Highlight Path","Hubris","Infinite Spire","Minty Spire (QoL Compilation)","Quick Restart","Replay The Spire","Shop Mod","StSLib","SuperFastMode","The Construct","The Dragon Tamer","vexMod"],"gold_per_floor":[116,36,36,36,51,83,83,100,127,52,68,94,94,24,24,125,125,137,137,147,2,2,2,34,51,128,128,74,93,18,18,18,118,118,135,135,135,150,150,150,164,95,122,134,181,181,200,200,200,200],"floor_reached":51,"playtime":1184,"items_purged":["Injury"],"score":746,"play_id":"0b58b67e-4ba9-40a0-8eb7-f6eed95f7137","local_time":"20201221110449","is_ascension_mode":false,"campfire_choices":[{"data":"Perfected Strike","floor":15.0,"key":"SMITH"},{"floor":23.0,"key":"REST"},{"data":"Metallicize","floor":27.0,"key":"SMITH"},{"data":"Bash","floor":32.0,"key":"SMITH"},{"data":"Offering","floor":40.0,"key":"SMITH"},{"floor":46.0,"key":"REST"},{"data":"Strike_R","floor":49,"key":"SMITH"}],"circlet_count":0,"master_deck":["Strike_R+1","Strike_R+1","Strike_R","Strike_R","Strike_R","Defend_R","Defend_R","Defend_R","Defend_R+1","Bash+1","Perfected Strike+1","Dark Embrace+1","hubris:CleavingFinish+1","Perfected Strike+1","Wild Strike+1","Metallicize+1","Feel No Pain+1","Wild Strike+1","Perfected Strike+1","Fire Breathing+1","Perfected Strike+1","Pommel Strike+1","Offering+1","Power Through+1","Wild Strike+1","Evolve","ReplayTheSpireMod:Strike From Hell+1"],"relics":["Burning Blood","NeowsBlessing","Molten Egg 2","hubris:MedicalManual","Dream Catcher","Sundial","hubris:Towel","Sozu","Orichalcum","MealTicket","hubris:DeckOfHolding","vexMod:ScavengeHelm","Mark of Pain","Oddly Smooth Stone","hubris:64BitClover"],"acts_visited":["Exordium","TheCity","TheBeyond"],"potions_floor_usage":[47,50],"damage_taken":[{"damage":0.0,"enemies":"Jaw Worm","floor":1.0,"turns":1.0},{"damage":0.0,"enemies":"Small Slimes","floor":5.0,"turns":1.0},{"damage":0.0,"enemies":"Gremlin Nob","floor":6.0,"turns":1.0},{"damage":6.0,"enemies":"2 Louse","floor":8.0,"turns":3.0},{"damage":5.0,"enemies":"Looter","floor":11.0,"turns":3.0},{"damage":21.0,"enemies":"Lagavulin","floor":12.0,"turns":5.0},{"damage":42.0,"enemies":"The Guardian","floor":16.0,"turns":10.0},{"damage":13.0,"enemies":"Spheric Guardian","floor":18.0,"turns":4.0},{"damage":25.0,"enemies":"2 Thieves","floor":20.0,"turns":3.0},{"damage":19.0,"enemies":"Slavers","floor":24.0,"turns":5.0},{"damage":0.0,"enemies":"Centurion and Healer","floor":25.0,"turns":5.0},{"damage":4.0,"enemies":"Cultist and Chosen","floor":29.0,"turns":4.0},{"damage":67.0,"enemies":"Automaton","floor":33.0,"turns":7.0},{"damage":6.0,"enemies":"3 Shapes","floor":35.0,"turns":2.0},{"damage":0.0,"enemies":"Orb Walker","floor":38.0,"turns":2.0},{"damage":17.0,"enemies":"Writhing Mass","floor":41.0,"turns":4.0},{"damage":16.0,"enemies":"3 Darklings","floor":44.0,"turns":3.0},{"damage":13.0,"enemies":"2 Orb Walkers","floor":45.0,"turns":3.0},{"damage":6,"enemies":"Spire Growth","floor":47,"turns":3},{"damage":75,"enemies":"Donu and Deca","floor":50,"turns":8}],"seed_played":"8028306959406645730","potions_obtained":[{"floor":1.0,"key":"Reflective Coating"},{"floor":6.0,"key":"Regen Potion"},{"floor":8.0,"key":"Strength Potion"},{"floor":11.0,"key":"Ancient Potion"}],"is_trial":false,"path_per_floor":["M","$","?","?","M","E","?","M","T","$","M","E","?","$","R","B",null,"M","$","M","$","?","R","E","M","T","R","$","M","?","AVR","R","B",null,"M","$","?","M","?","R","M","$","T","M","?","R","M","?","R","B",null],"character_chosen":"IRONCLAD","items_purchased":["Dark Embrace","Metallicize","Orichalcum","Perfected Strike+1","Evolve"],"campfire_rested":2,"item_purchase_floors":[2,14,21,28,42],"current_hp_per_floor":[80,80,80,80,80,80,64,64,64,64,74,59,59,59,59,23,80,73,73,54,54,54,78,65,71,71,71,80,80,80,80,80,19,80,80,80,80,80,80,80,69,80,80,70,63,80,80,80,80,11],"gold":200,"neow_bonus":"THREE_ENEMY_KILL","is_daily":false,"chose_seed":false,"campfire_upgraded":5,"win_rate":0.0,"timestamp":1608570289,"path_taken":["M","$","?","?","M","E","?","M","T","$","M","E","?","?","R","BOSS","M","$","M","$","?","R","E","?","T","R","?","M","?","AVR","R","BOSS","M","$","?","M","?","R","M","?","T","M","?","R","?","?","R","BOSS"],"items_purchased_type":["Card","Card","Relic","Card","Card"],"build_version":"2020-12-13","purchased_purges":1,"victory":true,"max_hp_per_floor":[80,80,80,80,80,80,80,80,80,80,80,80,80,80,80,80,80,80,80,80,80,80,80,80,80,80,80,80,80,80,80,80,80,80,80,80,80,80,80,80,80,80,80,80,80,80,80,80,80,80],"card_choices":[{"not_picked":["Flame Barrier","Reckless Charge"],"picked":"Perfected Strike","floor":1.0},{"not_picked":["Pummel+1","Replay:Undeath\u0027s Touch+1"],"picked":"hubris:CleavingFinish+1","floor":5.0},{"not_picked":["ReplayTheSpireMod:Stacked","Twin Strike+1"],"picked":"Perfected Strike+1","floor":6.0},{"not_picked":["Sever Soul+1","Clothesline+1"],"picked":"hubris:CleavingFinish+1","floor":8.0},{"not_picked":["hubris:ReadiedAction","Abandon"],"picked":"Wild Strike+1","floor":11.0},{"not_picked":["Headbutt+1","Shrug It Off","Infernal Blade"],"picked":"SKIP","floor":12.0},{"not_picked":["Replay:Undeath\u0027s Touch+1","Disarm"],"picked":"Feel No Pain+1","floor":18.0},{"not_picked":["Anger+1","Seeing Red"],"picked":"Wild Strike+1","floor":20.0},{"not_picked":["hubris:ReadiedAction","Dual Wield"],"picked":"Perfected Strike+1","floor":23.0},{"not_picked":["Exhume","True Grit","Bloodletting+1"],"picked":"SKIP","floor":24.0},{"not_picked":["True Grit","Sever Soul+1"],"picked":"Fire Breathing+1","floor":25.0},{"not_picked":["Heavy Blade+1","Anger+1"],"picked":"Pommel Strike+1","floor":29.0},{"not_picked":["Bludgeon+1","Immolate+1"],"picked":"Offering","floor":33.0},{"not_picked":["Sever Soul+1","Flex","Iron Wave+1"],"picked":"SKIP","floor":35.0},{"not_picked":["Entrench+1","Armaments+1"],"picked":"Power Through+1","floor":38.0},{"not_picked":["Iron Wave+1","Blood for Blood+1"],"picked":"Wild Strike+1","floor":41.0},{"not_picked":["hubris:ReadiedAction+1","Combust","Bludgeon+1"],"picked":"SKIP","floor":44.0},{"not_picked":["Uppercut+1","Rampage+1"],"picked":"ReplayTheSpireMod:Strike From Hell+1","floor":46.0},{"not_picked":["Sword Boomerang+1","hubris:ReadiedAction","Evolve"],"picked":"SKIP","floor":47}],"player_experience":581234,"relics_obtained":[{"floor":6.0,"key":"hubris:MedicalManual"},{"floor":9.0,"key":"Dream Catcher"},{"floor":12.0,"key":"Sundial"},{"floor":24.0,"key":"MealTicket"},{"floor":26.0,"key":"hubris:DeckOfHolding"},{"floor":43.0,"key":"Oddly Smooth Stone"},{"floor":45.0,"key":"hubris:64BitClover"}],"event_choices":[{"damage_healed":0.0,"max_hp_gain":0.0,"max_hp_loss":0.0,"gold_gain":0.0,"event_name":"Shining Light","player_choice":"Entered Light","floor":7.0,"gold_loss":0.0,"damage_taken":16.0,"cards_upgraded":["Dark Embrace","Strike_R"]},{"damage_healed":0.0,"max_hp_gain":0.0,"max_hp_loss":0.0,"gold_gain":0.0,"event_name":"betterNote:BetterNote","player_choice":"Ignored","floor":22.0,"gold_loss":0.0,"damage_taken":0.0,"cards_obtained":["ReplayTheSpireMod:Scrap Shanks"]},{"cards_removed":["hubris:CleavingFinish"],"damage_healed":0.0,"max_hp_gain":0.0,"max_hp_loss":0.0,"gold_gain":0.0,"event_name":"Beggar","player_choice":"Gave Gold","floor":30.0,"gold_loss":75.0,"damage_taken":0.0},{"damage_healed":0.0,"max_hp_gain":0.0,"max_hp_loss":0.0,"gold_gain":0.0,"event_name":"Tomb of Lord Red Mask","player_choice":"Ignored","floor":39.0,"gold_loss":0.0,"damage_taken":0.0},{"damage_healed":0.0,"max_hp_gain":0.0,"max_hp_loss":0.0,"gold_gain":0.0,"event_name":"Mysterious Sphere","player_choice":"Fight","floor":45.0,"gold_loss":0.0,"damage_taken":0.0},{"damage_healed":0,"gold_gain":0,"player_choice":"Ignored","damage_taken":0,"max_hp_gain":0,"max_hp_loss":0,"event_name":"Purifier","floor":48,"gold_loss":0}],"is_beta":false,"boss_relics":[{"not_picked":["Ectoplasm","hubris:CrackedHourglass"],"picked":"Sozu"},{"not_picked":["vexMod:CursedCompass","Honey Jar"],"picked":"Mark of Pain"}],"items_purged_floors":[10],"is_endless":false,"potions_floor_spawned":[1,6,8,11,18,33,38,44,45],"ascension_level":0}}