{"host":"fevvm7bbzuh4s1jc","time":1608576975,"event":{"mods":["BaseMod","Highlight Path","Minty Spire (QoL Compilation)","Relic Stats"],"gold_per_floor":[117,128,147,127,141,167,167,178,205,222,233,253,253,285,285,285,285],"floor_reached":16,"playtime":832,"items_purged":[],"score":332,"play_id":"9fa88483-2e3e-466b-9a5a-12b4ac048bb0","local_time":"20201221135615","is_ascension_mode":true,"campfire_choices":[{"data":"Clothesline","floor":7,"key":"SMITH"},{"data":"True Grit","floor":13,"key":"SMITH"},{"data":"Perfected Strike","floor":15,"key":"SMITH"}],"circlet_count":0,"master_deck":["AscendersBane","Strike_R","Strike_R","Strike_R","Strike_R","Strike_R","Defend_R","Defend_R","Defend_R","Defend_R","Bash","Pommel Strike","Clothesline+1","Thunderclap","True Grit+1","Twin Strike","Inflame","Corruption","Reaper","Perfected Strike+1"],"relics":["Burning Blood","Mercury Hourglass","Anchor","Boot"],"acts_visited":[],"potions_floor_usage":[6,6,10,16],"damage_taken":[{"damage":8,"enemies":"Small Slimes","floor":1,"turns":4},{"damage":1,"enemies":"Cultist","floor":2,"turns":3},{"damage":2,"enemies":"Jaw Worm","floor":3,"turns":5},{"damage":36,"enemies":"Large Slime","floor":5,"turns":9},{"damage":28,"enemies":"Lagavulin","floor":6,"turns":8},{"damage":6,"enemies":"Lots of Slimes","floor":8,"turns":2},{"damage":0,"enemies":"3 Louse","floor":10,"turns":3},{"damage":1,"enemies":"Red Slaver","floor":11,"turns":3},{"damage":3,"enemies":"Exordium Thugs","floor":12,"turns":4},{"damage":12,"enemies":"3 Sentries","floor":14,"turns":7},{"damage":43,"enemies":"The Guardian","floor":16,"turns":9}],"seed_played":"-3883666456508118627","potions_obtained":[{"floor":2,"key":"LiquidMemories"},{"floor":4,"key":"EssenceOfSteel"},{"floor":5,"key":"BloodPotion"},{"floor":8,"key":"BlessingOfTheForge"},{"floor":12,"key":"Strength Potion"}],"is_trial":false,"path_per_floor":["M","M","M","?","M","E","R","M","T","M","M","M","R","E","R","B"],"character_chosen":"IRONCLAD","items_purchased":[],"campfire_rested":0,"item_purchase_floors":[],"current_hp_per_floor":[48,53,57,57,27,20,20,20,20,26,31,34,34,40,40,0,0],"gold":285,"neow_bonus":"THREE_RARE_CARDS","is_daily":false,"chose_seed":false,"campfire_upgraded":3,"win_rate":0.0,"timestamp":1608576975,"path_taken":["M","M","M","?","M","E","R","M","T","M","?","M","R","E","R","BOSS"],"items_purchased_type":[],"build_version":"2020-12-13","purchased_purges":0,"victory":false,"max_hp_per_floor":[75,75,75,75,75,75,75,75,75,75,75,75,75,75,75,75,75],"relic_stats":{"counters":[11,57],"Boot":[3],"obtain_stats":[{"Anchor":9,"Boot":14,"Burning Blood":0,"Mercury Hourglass":6},{"Anchor":6,"Boot":10,"Burning Blood":0,"Mercury Hourglass":5},{"Anchor":31,"Boot":48,"Burning Blood":0,"Mercury Hourglass":29}],"Burning Blood":60,"Mercury Hourglass":[144]},"card_choices":[{"not_picked":["Impervious","Juggernaut"],"picked":"Immolate","floor":0.0},{"not_picked":["True Grit","Havoc"],"picked":"Pommel Strike","floor":1},{"not_picked":["Clash","True Grit"],"picked":"Clothesline","floor":2},{"not_picked":["Sword Boomerang","Entrench"],"picked":"Thunderclap","floor":3},{"not_picked":["Clothesline","Dual Wield"],"picked":"True Grit","floor":5},{"not_picked":["Corruption","Sword Boomerang"],"picked":"Twin Strike","floor":6},{"not_picked":["Clothesline","Havoc"],"picked":"Inflame","floor":8},{"not_picked":["Perfected Strike","Warcry"],"picked":"Corruption","floor":10},{"not_picked":["Clash","Bloodletting","Clothesline"],"picked":"SKIP","floor":11},{"not_picked":["Entrench","Sever Soul"],"picked":"Reaper","floor":12},{"not_picked":["Clash","Body Slam"],"picked":"Perfected Strike","floor":14}],"player_experience":2562501,"relics_obtained":[{"floor":6,"key":"Mercury Hourglass"},{"floor":9,"key":"Anchor"},{"floor":14,"key":"Boot"}],"event_choices":[{"damage_healed":0,"gold_gain":0,"player_choice":"Bought 1 Potion","damage_taken":0,"max_hp_gain":0,"max_hp_loss":0,"event_name":"The Woman in Blue","floor":4,"gold_loss":0}],"is_beta":false,"boss_relics":[],"items_purged_floors":[],"is_endless":false,"potions_floor_spawned":[2,5,8,12],"killed_by":"The Guardian","ascension_level":20}}