{"host":"0gy90rl0ccnvdufw","time":1608531094,"event":{"mods":["AchievementEnabler","Act Like it!","Aspiration","Bard","BaseMod","Better Third Choice","Better Vampires","BetterRewards","ChefMod","Colored Map","Colored Powertips","Conspire","Decade(???)","Downfall","Ekko","Gensokyo","GungeonMod","Halation","Hubris","Infinite Spire","Jedi Mod","KomeijiMod","Luminous","Minty Spire (QoL Compilation)","Quick Restart","Rare Cards Sparkle","Replay The Spire","Robot Space Explorer","StSLib","SuperFastMode","The Cursed","The Disciple","The Dragon Tamer","The Forsaken","The Jungle","[IsaacMod]????","??????REMEMod"],"gold_per_floor":[209,220,239,239,239,239,258,258,258,290,140,171,191,191,191,295,295,306,326,326,337,20,51,51,51,51,68,68,13,13,13,13,110,110,130,130,146,46,318,318,318],"floor_reached":40,"playtime":1211,"items_purged":["Injury","theForsaken:PlagueCurse"],"score":512,"play_id":"38eed96d-b335-48ff-97ce-ba5cac43b243","local_time":"20201221001134","is_ascension_mode":false,"campfire_choices":[{"data":"RobotSpaceExplorer:MiniDrones","floor":6,"key":"SMITH"},{"floor":15,"key":"REST"},{"data":"RobotSpaceExplorer:Accelerator","floor":24,"key":"SMITH"},{"data":"EpicFetus","floor":28,"key":"SMITH"},{"data":"RobotSpaceExplorer:MiniBoosters","floor":30,"key":"SMITH"},{"data":"RobotSpaceExplorer:MiniLasers","floor":32,"key":"SMITH"}],"circlet_count":0,"master_deck":["RobotSpaceExplorer:Strike","RobotSpaceExplorer:Strike","RobotSpaceExplorer:Strike","RobotSpaceExplorer:Strike","RobotSpaceExplorer:Defend","RobotSpaceExplorer:Defend","RobotSpaceExplorer:Defend","RobotSpaceExplorer:Defend","RobotSpaceExplorer:Scan","RobotSpaceExplorer:MiniLasers+1","EpicFetus+1","bard:Aphasia","RobotSpaceExplorer:MiniBoosters+1","RobotSpaceExplorer:MiniDrones+1","RobotSpaceExplorer:SurgingStrike","RobotSpaceExplorer:ScrapMissile","RobotSpaceExplorer:StunGrenade","RobotSpaceExplorer:Pulsar","RobotSpaceExplorer:PowerGlove","RobotSpaceExplorer:Accelerator+1","RobotSpaceExplorer:RigExplosive+1","RobotSpaceExplorer:SurgingShield+1","RobotSpaceExplorer:GearShield+1","RobotSpaceExplorer:RigExplosive+1","RobotSpaceExplorer:RigExplosive+1","RobotSpaceExplorer:ShockMissile","RobotSpaceExplorer:GearShield+1"],"relics":["RobotSpaceExplorer:TurboCore","REME_ComplimentaryCards","HushsDoor","YumHeart","hubris:Icosahedron","hubris:Towel","Vajra","DemoMod:MonsterBlood","Strange Spoon","Oddly Smooth Stone","hubris:BottledHeart","Replay:Bottled Flurry","DemoMod:GlassGuonStoneRelic","jedi:arcanewood","infinitespire:ShieldingShard","conspire:SlowCooker","theForsaken:PlagueMask"],"acts_visited":["Exordium","TheCity","TheBeyond"],"potions_floor_usage":[19,19,21,23,23,27,33,33,33,33,33,35,35,35,35,37,37],"damage_taken":[{"damage":0,"enemies":"Cultist","floor":1,"turns":4},{"damage":15,"enemies":"Small Slimes","floor":2,"turns":3},{"damage":4,"enemies":"2 Louse","floor":3,"turns":2},{"damage":10,"enemies":"Blue Slaver","floor":7,"turns":4},{"damage":6,"enemies":"Lagavulin","floor":10,"turns":5},{"damage":10,"enemies":"3 Sentries","floor":12,"turns":4},{"damage":0,"enemies":"3 Louse","floor":13,"turns":3},{"damage":10,"enemies":"Slime Boss","floor":16,"turns":5},{"damage":5,"enemies":"Chosen","floor":18,"turns":5},{"damage":0,"enemies":"Spheric Guardian","floor":19,"turns":3},{"damage":0,"enemies":"Centurion and Healer","floor":21,"turns":8},{"damage":0,"enemies":"Slavers","floor":23,"turns":5},{"damage":0,"enemies":"Snake Plant","floor":27,"turns":4},{"damage":0,"enemies":"Collector","floor":33,"turns":7},{"damage":0,"enemies":"3 Shapes","floor":35,"turns":2},{"damage":0,"enemies":"Orb Walker","floor":37,"turns":2},{"damage":3,"enemies":"Reptomancer","floor":40,"turns":2}],"seed_played":"7401954877257013224","potions_obtained":[{"floor":7,"key":"SkillPotion"},{"floor":13,"key":"RobotSpaceExplorer:PlasmaFlask"},{"floor":18,"key":"Fire Potion"},{"floor":37,"key":"Regen Potion"}],"is_trial":false,"path_per_floor":["M","M","M","?","?","R","M","?","T","E","$","E","M","?","R","B",null,"M","M","?","M","$","E","R","$","T","M","R","$","R","$","R","B",null,"M","?","M","$","?","E"],"character_chosen":"RobotSpaceExplorer","items_purchased":["Strange Spoon","Replay:Bottled Flurry","RobotSpaceExplorer:RigExplosive+1"],"campfire_rested":1,"item_purchase_floors":[11,22,29],"current_hp_per_floor":[75,60,56,56,56,56,46,46,46,47,47,37,37,37,61,51,82,77,77,1,1,1,1,1,1,1,1,1,1,1,1,1,1,1,1,1,1,1,1,0,0],"gold":318,"neow_bonus":"HUNDRED_GOLD","is_daily":false,"chose_seed":false,"campfire_upgraded":5,"win_rate":0.0,"timestamp":1608531094,"path_taken":["M","M","?","?","?","R","M","?","T","E","?","E","?","?","R","BOSS","M","M","?","M","?","E","R","$","T","?","R","$","?","?","R","BOSS","M","?","?","$","?","E"],"items_purchased_type":["Relic","Relic","Card"],"build_version":"2020-12-13","purchased_purges":2,"victory":false,"max_hp_per_floor":[75,75,75,75,75,75,75,75,75,82,82,82,82,82,82,82,82,82,82,1,1,1,1,1,1,1,1,1,1,1,1,1,1,1,1,1,1,1,1,1,1],"card_choices":[{"not_picked":[],"picked":"EpicFetus","floor":0},{"not_picked":["RobotSpaceExplorer:ExhaustFan","RobotSpaceExplorer:SurgingStrike"],"picked":"RobotSpaceExplorer:MiniBoosters","floor":1},{"not_picked":["RobotSpaceExplorer:Reload","RobotSpaceExplorer:FranticSearch"],"picked":"RobotSpaceExplorer:MiniDrones","floor":2},{"not_picked":["RobotSpaceExplorer:ExhaustFan","RobotSpaceExplorer:BlastShield"],"picked":"RobotSpaceExplorer:SurgingStrike","floor":3},{"not_picked":["RobotSpaceExplorer:SelfCleaning","RobotSpaceExplorer:Probe"],"picked":"RobotSpaceExplorer:ScrapMissile","floor":7},{"not_picked":["RobotSpaceExplorer:ToxicBomb","RobotSpaceExplorer:StunGrenade","RobotSpaceExplorer:TurboDodge"],"picked":"SKIP","floor":10},{"not_picked":["RobotSpaceExplorer:ToxicBomb","RobotSpaceExplorer:TurboDodge"],"picked":"RobotSpaceExplorer:StunGrenade","floor":10},{"not_picked":["RobotSpaceExplorer:Electroshield","RobotSpaceExplorer:GlueSpray"],"picked":"RobotSpaceExplorer:Pulsar","floor":12},{"not_picked":["RobotSpaceExplorer:SwiftStep","RobotSpaceExplorer:Explosion"],"picked":"RobotSpaceExplorer:PowerGlove","floor":13},{"not_picked":["RobotSpaceExplorer:HighVoltage","RobotSpaceExplorer:ChargingLaser"],"picked":"RobotSpaceExplorer:Accelerator","floor":16},{"not_picked":["RobotSpaceExplorer:FreezingShield+1","RobotSpaceExplorer:SurgingShield+1"],"picked":"RobotSpaceExplorer:RigExplosive+1","floor":18},{"not_picked":["RobotSpaceExplorer:DoubleBlock+1","RobotSpaceExplorer:Autoloader"],"picked":"RobotSpaceExplorer:SurgingShield+1","floor":19},{"not_picked":["RobotSpaceExplorer:DoubleBlock+1","RobotSpaceExplorer:SurgingShield+1","RobotSpaceExplorer:Ammunition+1"],"picked":"SKIP","floor":21},{"not_picked":["RobotSpaceExplorer:IronShell+1","RobotSpaceExplorer:ScrapToss"],"picked":"RobotSpaceExplorer:GearShield+1","floor":23},{"not_picked":["RobotSpaceExplorer:ShockKick","RobotSpaceExplorer:SurgingShield+1","RobotSpaceExplorer:Pulsar+1"],"picked":"SKIP","floor":27},{"not_picked":["RobotSpaceExplorer:Wormhole+1","RobotSpaceExplorer:HighVoltage"],"picked":"RobotSpaceExplorer:ShockMissile","floor":33},{"not_picked":["RobotSpaceExplorer:ScrapMissile","RobotSpaceExplorer:ShovelStrike","RobotSpaceExplorer:SurgingShield+1"],"picked":"SKIP","floor":35},{"not_picked":["RobotSpaceExplorer:SurgingStrike","RobotSpaceExplorer:Counterblock+1","RobotSpaceExplorer:Probe+1"],"picked":"SKIP","floor":37},{"not_picked":["RobotSpaceExplorer:Electropulse","RobotSpaceExplorer:StunGrenade"],"picked":"RobotSpaceExplorer:GearShield+1","floor":39}],"player_experience":303356,"relics_obtained":[{"floor":9,"key":"Vajra"},{"floor":10,"key":"DemoMod:MonsterBlood"},{"floor":12,"key":"Oddly Smooth Stone"},{"floor":23,"key":"jedi:arcanewood"},{"floor":26,"key":"infinitespire:ShieldingShard"}],"event_choices":[{"damage_healed":0,"gold_gain":0,"player_choice":"Leave","damage_taken":0,"max_hp_gain":0,"max_hp_loss":0,"event_name":"conspire:Investor","floor":8,"gold_loss":0},{"damage_healed":0,"gold_gain":0,"player_choice":"Obtain Plague Curse","damage_taken":0,"max_hp_gain":0,"max_hp_loss":0,"event_name":"Plague Doctor","floor":36,"gold_loss":0,"cards_obtained":["theForsaken:PlagueCurse"]}],"is_beta":false,"boss_relics":[{"not_picked":["SacredBark","ChewingGum"],"picked":"RobotSpaceExplorer:TurboCore"},{"not_picked":[]},{"not_picked":["halation:SmartPhone","theForsaken:PaleLantern"],"picked":"conspire:SlowCooker"},{"not_picked":[]}],"items_purged_floors":[22,38],"is_endless":false,"potions_floor_spawned":[7,13,18,37],"killed_by":"Reptomancer","ascension_level":0}}