{"host":"kw4o7b3ro2ktmmbe","time":1608544250,"event":{"mods":["BaseMod","Minty Spire (QoL Compilation)","StSLib","The Poker Player"],"gold_per_floor":[109,120,133,133,145,145,163,163,188,188,206,206,217,237,237,332,332,344,364,380,455,473,507,521,521,521,521,521,538,538,538,538],"floor_reached":30,"playtime":3335,"items_purged":[],"score":273,"play_id":"1271a301-7c0c-4a50-a311-a738c2e76421","local_time":"20201221225050","is_ascension_mode":false,"metric_token":274,"campfire_choices":[{"data":"PokerPlayerMod:CardPrinter+1","floor":6.0,"key":"SMITH"},{"data":"PokerPlayerMod:TheDieIsCast","floor":12.0,"key":"SMITH"},{"data":"PokerPlayerMod:CardPrinter+2","floor":15.0,"key":"SMITH"},{"data":"PokerPlayerMod:CardPrinter+3","floor":25.0,"key":"SMITH"},{"data":"PokerPlayerMod:CardPrinter+4","floor":28,"key":"SMITH"}],"circlet_count":0,"master_deck":["PokerPlayerMod:Diamond2","PokerPlayerMod:Diamond3","PokerPlayerMod:Diamond4","PokerPlayerMod:Diamond5","PokerPlayerMod:Spade1","PokerPlayerMod:Spade2","PokerPlayerMod:Spade3","PokerPlayerMod:Spade4","PokerPlayerMod:Club1","PokerPlayerMod:Club2","PokerPlayerMod:Heart2","PokerPlayerMod:TrumpStrike","PokerPlayerMod:BadJoker","PokerPlayerMod:Mulligan","PokerPlayerMod:CardPrinter+5","PokerPlayerMod:Heart4","PokerPlayerMod:Club4","PokerPlayerMod:Club5","PokerPlayerMod:TheDieIsCast+1","PokerPlayerMod:ItsShowtime"],"relics":["PokerPlayerMod:DeckCase","Strawberry","Boot","Busted Crown","Orichalcum"],"acts_visited":["Exordium","TheCity"],"potions_floor_usage":[30,30],"damage_taken":[{"damage":0.0,"enemies":"Jaw Worm","floor":1.0,"turns":2.0},{"damage":0.0,"enemies":"Cultist","floor":2.0,"turns":2.0},{"damage":0.0,"enemies":"Small Slimes","floor":3.0,"turns":3.0},{"damage":8.0,"enemies":"Blue Slaver","floor":5.0,"turns":3.0},{"damage":13.0,"enemies":"Red Slaver","floor":7.0,"turns":4.0},{"damage":8.0,"enemies":"Exordium Wildlife","floor":11.0,"turns":3.0},{"damage":8.0,"enemies":"Gremlin Gang","floor":13.0,"turns":2.0},{"damage":2.0,"enemies":"Blue Slaver","floor":14.0,"turns":3.0},{"damage":10.0,"enemies":"The Guardian","floor":16.0,"turns":6.0},{"damage":28.0,"enemies":"2 Thieves","floor":18.0,"turns":3.0},{"damage":8.0,"enemies":"Chosen","floor":19.0,"turns":4.0},{"damage":23.0,"enemies":"Snecko","floor":20.0,"turns":5.0},{"damage":12.0,"enemies":"Centurion and Healer","floor":22.0,"turns":5.0},{"damage":41.0,"enemies":"Slavers","floor":23.0,"turns":6.0},{"damage":20.0,"enemies":"Snake Plant","floor":24.0,"turns":5.0},{"damage":4,"enemies":"Sentry and Sphere","floor":29,"turns":3},{"damage":37,"enemies":"Book of Stabbing","floor":30,"turns":5}],"seed_played":"539580246562554950","potions_obtained":[{"floor":1.0,"key":"EssenceOfSteel"},{"floor":7.0,"key":"LiquidMemories"},{"floor":11.0,"key":"BlessingOfTheForge"},{"floor":23.0,"key":"Energy Potion"}],"is_trial":false,"path_per_floor":["M","M","M","?","M","R","M","?","T","T","M","R","M","M","R","B",null,"M","M","M","?","M","E","M","R","T","?","R","M","E"],"character_chosen":"THE_POKER_PLAYER","items_purchased":[],"campfire_rested":0,"item_purchase_floors":[],"current_hp_per_floor":[57,57,57,57,49,49,43,48,55,55,53,53,50,64,64,61,69,57,69,51,45,47,25,13,13,13,13,13,21,0,0,0],"gold":538,"neow_bonus":"TEN_PERCENT_HP_BONUS","is_daily":false,"chose_seed":false,"campfire_upgraded":5,"win_rate":0.0,"timestamp":1608544250,"path_taken":["M","M","M","?","M","R","?","?","T","?","M","R","M","?","R","BOSS","M","M","M","?","?","E","M","R","T","?","R","M","E"],"items_purchased_type":[],"build_version":"2020-12-13","purchased_purges":0,"victory":false,"max_hp_per_floor":[57,57,57,57,57,57,57,62,69,69,69,69,69,69,69,69,69,69,69,69,69,69,69,69,69,69,69,69,69,69,69,69],"card_choices":[{"not_picked":["PokerPlayerMod:Diamond7","PokerPlayerMod:Configure"],"picked":"PokerPlayerMod:CardPrinter","floor":1.0},{"not_picked":["PokerPlayerMod:Diamond1","PokerPlayerMod:Fold"],"picked":"PokerPlayerMod:Heart4","floor":2.0},{"not_picked":["PokerPlayerMod:Diamond1","PokerPlayerMod:Configure"],"picked":"PokerPlayerMod:Club4","floor":3.0},{"not_picked":["PokerPlayerMod:CardBurn","PokerPlayerMod:Club1"],"picked":"PokerPlayerMod:Club5","floor":5.0},{"not_picked":["PokerPlayerMod:Manipulation","PokerPlayerMod:Raise","PokerPlayerMod:DartThrow"],"picked":"SKIP","floor":7.0},{"not_picked":["PokerPlayerMod:CloakAndDiamond","PokerPlayerMod:JackOfSpades"],"picked":"PokerPlayerMod:TheDieIsCast","floor":11.0},{"not_picked":["PokerPlayerMod:Fold","PokerPlayerMod:Diamond4","PokerPlayerMod:Spade5"],"picked":"SKIP","floor":13.0},{"not_picked":["PokerPlayerMod:DartThrow","PokerPlayerMod:CardBurn","PokerPlayerMod:Diamond3"],"picked":"SKIP","floor":14.0},{"not_picked":["PokerPlayerMod:RoyalStrike","PokerPlayerMod:Spade8"],"picked":"PokerPlayerMod:ItsShowtime","floor":16.0},{"not_picked":["PokerPlayerMod:Club3"],"picked":"SKIP","floor":18.0},{"not_picked":["PokerPlayerMod:Diamond4"],"picked":"SKIP","floor":19.0},{"not_picked":["PokerPlayerMod:Raise"],"picked":"SKIP","floor":20.0},{"not_picked":["PokerPlayerMod:DiamondStrike"],"picked":"SKIP","floor":22.0},{"not_picked":["PokerPlayerMod:Club6"],"picked":"SKIP","floor":23.0},{"not_picked":["PokerPlayerMod:Club6"],"picked":"SKIP","floor":23.0},{"not_picked":["PokerPlayerMod:Spade6"],"picked":"SKIP","floor":24.0},{"not_picked":["PokerPlayerMod:Fold"],"picked":"SKIP","floor":29}],"player_experience":1747632,"relics_obtained":[{"floor":9.0,"key":"Strawberry"},{"floor":10.0,"key":"Boot"},{"floor":23.0,"key":"Orichalcum"}],"event_choices":[{"damage_healed":0.0,"max_hp_gain":0.0,"max_hp_loss":0.0,"gold_gain":0.0,"event_name":"Upgrade Shrine","player_choice":"Upgraded","floor":4.0,"gold_loss":0.0,"damage_taken":0.0,"cards_upgraded":["PokerPlayerMod:CardPrinter"]},{"damage_healed":0.0,"max_hp_gain":5.0,"max_hp_loss":0.0,"gold_gain":0.0,"event_name":"Big Fish","player_choice":"Donut","floor":8.0,"gold_loss":0.0,"damage_taken":0.0},{"damage_healed":0.0,"max_hp_gain":0.0,"max_hp_loss":0.0,"gold_gain":75.0,"event_name":"FaceTrader","player_choice":"Touch","floor":21.0,"gold_loss":0.0,"damage_taken":6.0},{"cards_removed":["PokerPlayerMod:Diamond1"],"damage_healed":0,"gold_gain":0,"player_choice":"Elegance","damage_taken":0,"max_hp_gain":0,"max_hp_loss":0,"event_name":"PokerPlayerMod:BackToBasicsPoker","floor":27,"gold_loss":0}],"is_beta":false,"boss_relics":[{"not_picked":["Astrolabe","Philosopher\u0027s Stone"],"picked":"Busted Crown"}],"items_purged_floors":[],"is_endless":false,"potions_floor_spawned":[1,7,11,16,18,23,29],"killed_by":"Book of Stabbing","ascension_level":0}}