{"host":"a1kj1kkwgoo3jtle","time":1608576790,"event":{"mods":["2.2 Compatiblity","AchievementEnabler","AlwaysNeverKeys","BaseMod","Better Synergies","Better Third Choice","Colored Powertips","Communication Mod","Custom Start","Downfall","Faster Ascension Climbing","Filter the Spire","Friendly Minions","GifTheSpireLib","Gremlin Skip","Highlight Path","HololiveMod","Infinite Spire","Luminous","Minty Spire (QoL Compilation)","Quick Restart","Reimu??????","Relic Stats","Remilia??????","Replay The Spire","Reworked Bosses","Shade Mod","StSLib","The Alterego","The Druid","The Exalted","The Runesmith","The Servant 0.9.4","TheSwordswoman","Wandering Minibosses","WarShipGirlsR/????R mod","Yuri Mod"],"gold_per_floor":[133,408,444,470,442,448,448],"floor_reached":6,"playtime":569,"items_purged":[],"score":72,"play_id":"e50b7615-fc5e-4920-be4e-d48bdd662d2a","local_time":"20201221205310","daily_mods":["Heirloom","Uncertain Future"],"is_ascension_mode":true,"campfire_choices":[],"circlet_count":0,"master_deck":["AscendersBane","theDruid:Strike_O","theDruid:Strike_O","theDruid:Strike_O","theDruid:Strike_O","theDruid:Defend_O","theDruid:Defend_O","theDruid:Defend_O","theDruid:Defend_O","theDruid:BriarArmor","theDruid:WildSlash","theDruid:ExposingSlash","Regret","theDruid:AstralShield","theDruid:NaturalAgility","theDruid:AstralShield"],"relics":["theDruid:CrownOfTheWilds","Unceasing Top","Black Star","Blood Vial","Lizard Tail","Strange Spoon","Replay:Bandana","Bag of Preparation"],"acts_visited":["Exordium"],"potions_floor_usage":[],"damage_taken":[{"damage":4.0,"enemies":"Small Slimes","floor":1.0,"turns":3.0},{"damage":3.0,"enemies":"Cultist","floor":3.0,"turns":3.0},{"damage":8.0,"enemies":"Jaw Worm","floor":4.0,"turns":4.0},{"damage":20.0,"enemies":"Looter","floor":5.0,"turns":6.0},{"damage":4,"enemies":"Lagavulin","floor":6,"turns":5}],"seed_played":"-8962450406886416808","potions_obtained":[{"floor":3.0,"key":"GrandPatriotsElixir:ReiMu"},{"floor":4.0,"key":"sneckomod:MuddlingPotion"}],"is_trial":true,"path_per_floor":["M","?","M","M","M","E"],"character_chosen":"DRUID","items_purchased":[],"campfire_rested":0,"item_purchase_floors":[],"current_hp_per_floor":[59,59,58,52,34,32,32],"gold":448,"neow_bonus":"","is_daily":false,"chose_seed":false,"campfire_upgraded":0,"win_rate":0.0,"timestamp":1608576790,"path_taken":["M","?","M","M","?","E"],"items_purchased_type":[],"build_version":"2020-12-13","purchased_purges":0,"victory":false,"max_hp_per_floor":[68,68,68,68,68,68,68],"relic_stats":{"Blood Vial":10,"Strange Spoon":[2],"Lizard Tail":0,"counters":[5,21],"Black Star":0,"Bag of Preparation":[10],"obtain_stats":[{"Blood Vial":0,"Strange Spoon":0,"Lizard Tail":0,"Replay:Bandana":0,"Black Star":0,"Bag of Preparation":0,"Unceasing Top":0,"theDruid:CrownOfTheWilds":0},{"Blood Vial":0,"Strange Spoon":0,"Lizard Tail":0,"Replay:Bandana":0,"Black Star":0,"Bag of Preparation":0,"Unceasing Top":0,"theDruid:CrownOfTheWilds":0},{"Blood Vial":0,"Strange Spoon":0,"Lizard Tail":0,"Replay:Bandana":0,"Black Star":0,"Bag of Preparation":0,"Unceasing Top":0,"theDruid:CrownOfTheWilds":0}],"Unceasing Top":[2]},"card_choices":[{"not_picked":["theDruid:FuriousSlash","theDruid:TakeShelter"],"picked":"theDruid:ExposingSlash","floor":1.0},{"not_picked":["theDruid:Prowl","theDruid:BloodiedFur"],"picked":"theDruid:AstralShield","floor":3.0},{"not_picked":["theDruid:PlagueClaw","theDruid:Moonbeam"],"picked":"theDruid:NaturalAgility","floor":4.0},{"not_picked":["theDruid:Recoil","theDruid:Moonbeam"],"picked":"theDruid:AstralShield","floor":5.0}],"player_experience":56881,"relics_obtained":[],"event_choices":[{"damage_healed":0.0,"max_hp_gain":0.0,"max_hp_loss":0.0,"gold_gain":275.0,"event_name":"Golden Shrine","player_choice":"Desecrate","floor":2.0,"gold_loss":0.0,"damage_taken":0.0,"cards_obtained":["Regret"]}],"is_beta":false,"boss_relics":[],"items_purged_floors":[],"is_endless":false,"potions_floor_spawned":[3,4],"killed_by":"Lagavulin","ascension_level":20}}