{"host":"xodzlm10r37577ou","time":1608526947,"event":{"mods":["Act Like it!","BaseMod","Gensokyo","Koishi","Marisa（F雨　魔理沙）","Minty Spire (QoL Compilation)","Reimu（博丽灵梦）","Replay The Spire","StSLib","【东方二次创作】八云紫mod"],"gold_per_floor":[116,116,116,32,44,44,72,72,118,134,134,134,151,164,164,265,265,285,304,81,101,117,145,145,175,175,175,175,3,3,3],"floor_reached":30,"playtime":959,"items_purged":["Koishi:BasicStrike"],"score":325,"play_id":"6eaf9108-a723-4a1e-96f3-6854097aa686","local_time":"20201221130227","is_ascension_mode":true,"campfire_choices":[{"data":"Koishi:SubconsciousSweep","floor":6.0,"key":"SMITH"},{"data":"Koishi:FleetingPhantom","floor":8.0,"key":"SMITH"},{"data":"Koishi:ImGoingToCallYouNow","floor":11.0,"key":"SMITH"},{"data":"Koishi:Prune","floor":15.0,"key":"SMITH"},{"data":"Koishi:FadingMemory","floor":28.0,"key":"SMITH"}],"circlet_count":0,"master_deck":["Koishi:BasicStrike","Koishi:BasicStrike","Koishi:BasicDefend","Koishi:BasicDefend","Koishi:BasicDefend","Koishi:Provoke","Koishi:Prune+1","Koishi:StingingMind+1","Koishi:SubconsciousSweep+1","Koishi:ParalyzingFear+1","Koishi:FleetingPhantom+1","Koishi:ImGoingToCallYouNow+1","Koishi:FadingMemory+1","Koishi:SprinkleStarAndHeart"],"relics":["Koishi:ImaginaryFriend","Happy Flower","Gensokyo:PortableGap","Gremlin Horn","PreservedInsect","Pantograph","Empty Cage","Potion Belt","Ornamental Fan","Blue Candle","Darkstone Periapt","Replay:Wax Seal","Membership Card"],"acts_visited":["Gensokyo:Gensokyo","Gensokyo:Gensokyoer"],"potions_floor_usage":[],"damage_taken":[{"damage":7.0,"enemies":"Gensokyo:Python","floor":1.0,"turns":4.0},{"damage":0.0,"enemies":"Gensokyo:3_Fairies","floor":5.0,"turns":3.0},{"damage":13.0,"enemies":"Gensokyo:Mamizou","floor":7.0,"turns":8.0},{"damage":6.0,"enemies":"Gensokyo:Gryphon","floor":10.0,"turns":3.0},{"damage":0.0,"enemies":"Gensokyo:LivingMonolith","floor":13.0,"turns":2.0},{"damage":9.0,"enemies":"Gensokyo:VengefulSpirit","floor":14.0,"turns":3.0},{"damage":44.0,"enemies":"Gensokyo:Yukari","floor":16.0,"turns":10.0},{"damage":8.0,"enemies":"Gensokyo:2_Gloops","floor":18.0,"turns":4.0},{"damage":35.0,"enemies":"Gensokyo:3_Dogs","floor":19.0,"turns":4.0},{"damage":29.0,"enemies":"Gensokyo:Chomper_and_Gloop","floor":21.0,"turns":4.0},{"damage":36.0,"enemies":"Gensokyo:Wraith","floor":22.0,"turns":5.0},{"damage":31.0,"enemies":"Gensokyo:Tenshi","floor":23.0,"turns":5.0},{"damage":0.0,"enemies":"Gensokyo:Swordslinger","floor":24.0,"turns":1.0},{"damage":15.0,"enemies":"Gensokyo:Koishi","floor":25.0,"turns":4.0},{"damage":0,"enemies":"Gensokyo:Slime_Group","floor":30,"turns":1}],"seed_played":"1309943076929645109","potions_obtained":[{"floor":7.0,"key":"Fruit Juice"},{"floor":10.0,"key":"Reflective Coating"},{"floor":13.0,"key":"Fruit Juice"},{"floor":18.0,"key":"SmokeBomb"},{"floor":19.0,"key":"Regen Potion"},{"floor":22.0,"key":"ColorlessPotion"}],"is_trial":false,"path_per_floor":["M","?","?","$","M","R","E","R","T","M","R","T","M","M","R","B",null,"M","M","$","M","M","E","M","E","T","T","R","$","M"],"character_chosen":"KOISHI","items_purchased":["Koishi:SubconsciousSweep","Koishi:ParalyzingFear+1","Potion Belt","Membership Card","Koishi:SprinkleStarAndHeart"],"campfire_rested":0,"item_purchase_floors":[4,4,20,29,29],"current_hp_per_floor":[53,53,53,53,53,53,51,51,51,49,49,49,54,49,49,63,64,62,31,31,42,33,29,29,23,23,23,23,23,23,23],"gold":3,"neow_bonus":"RANDOM_EVENT","is_daily":false,"chose_seed":false,"campfire_upgraded":5,"win_rate":0.0,"timestamp":1608526947,"path_taken":["M","?","?","$","M","R","E","R","T","M","R","?","M","M","R","BOSS","M","M","$","M","M","E","M","E","T","?","R","$","M"],"items_purchased_type":["Card","Card","Relic","Relic","Card"],"build_version":"2020-12-13","purchased_purges":1,"victory":false,"max_hp_per_floor":[60,60,54,54,54,54,59,59,59,59,59,59,64,64,64,64,64,64,64,64,64,64,64,64,64,64,64,64,64,64,64],"card_choices":[{"not_picked":["Koishi:PhilosophyOfTheDespised","Koishi:FreudianInstinct"],"picked":"Koishi:Prune","floor":1.0},{"not_picked":["Koishi:TraumaticStroke","Koishi:SpiritedAway"],"picked":"Koishi:FleetingPhantom","floor":5.0},{"not_picked":["Koishi:SuperEgo","Koishi:EmbryosDream","Koishi:HeartfeltFancy"],"picked":"SKIP","floor":7.0},{"not_picked":["Koishi:Jaunt","Koishi:UnconsciousUrges"],"picked":"Koishi:ImGoingToCallYouNow","floor":10.0},{"not_picked":["Koishi:ParalyzingFear","Koishi:StingingMind","Koishi:FleetingPhantom"],"picked":"SKIP","floor":13.0},{"not_picked":["Koishi:Vanish","Koishi:HeartfeltFancy","Koishi:SpiritedAway"],"picked":"SKIP","floor":14.0},{"not_picked":["Koishi:MindStellarRelief","Koishi:RollingInRichesHeart"],"picked":"Koishi:FadingMemory","floor":16.0},{"not_picked":["Koishi:PhantomStrike","Koishi:FreudianInstinct","Koishi:UnseenTerror"],"picked":"SKIP","floor":18.0},{"not_picked":["Koishi:PhantomStrike","Koishi:PhilosophyOfTheDespised","Koishi:FleetingPhantom+1"],"picked":"SKIP","floor":19.0},{"not_picked":["Koishi:Prune","Koishi:PhilosophyOfTheDespised+1","Koishi:ParalyzingFear+1"],"picked":"SKIP","floor":21.0},{"not_picked":["Koishi:PhantomBarrier","Koishi:ReflexRadar","Koishi:FidgetySnatcher+1"],"picked":"SKIP","floor":22.0},{"not_picked":["Koishi:LastRemote","Koishi:PhantomStrike","Koishi:SubterraneanRose"],"picked":"SKIP","floor":23.0},{"not_picked":["Koishi:RacingHeart","Koishi:UnansweredLove","Koishi:VengefulSpirit"],"picked":"SKIP","floor":25.0}],"player_experience":574716,"relics_obtained":[{"floor":7.0,"key":"Gremlin Horn"},{"floor":9.0,"key":"PreservedInsect"},{"floor":12.0,"key":"Pantograph"},{"floor":23.0,"key":"Ornamental Fan"},{"floor":25.0,"key":"Blue Candle"},{"floor":26.0,"key":"Darkstone Periapt"},{"floor":27.0,"key":"Replay:Wax Seal"}],"event_choices":[],"is_beta":false,"boss_relics":[{"not_picked":["SacredBark","Ring of Chaos"],"picked":"Empty Cage"}],"items_purged_floors":[20],"is_endless":false,"potions_floor_spawned":[7,10,13,18,19,22],"killed_by":"Gensokyo:Slime_Group","ascension_level":5}}