{"host":"f55lpzc7830gmx23","time":1608581750,"event":{"mods":["BaseMod","Better Note","Downfall","Hermit","Minty Spire (QoL Compilation)","StSLib","The Blackbeard","The Cursed","The Necromancer"],"gold_per_floor":[119,84,10,10,85,85,85,105,105,105],"floor_reached":8,"playtime":284,"items_purged":[],"score":63,"play_id":"bfb70ca0-02d9-44f5-8f82-1b85958d5f82","local_time":"20201221211550","is_ascension_mode":true,"campfire_choices":[{"data":"blackbeard:Cutlass","floor":6,"key":"SMITH"}],"circlet_count":0,"master_deck":["AscendersBane","blackbeard:BlackbeardStrike","blackbeard:BlackbeardStrike","blackbeard:BlackbeardStrike","blackbeard:BlackbeardStrike","blackbeard:IntimidatingStrike","blackbeard:BlackbeardDefend","blackbeard:BlackbeardDefend","blackbeard:BlackbeardDefend","blackbeard:BlackbeardDefend","blackbeard:Cutlass+1","blackbeard:TheDrunkenSailor","blackbeard:RearmingStrike","blackbeard:Bandana","Regret"],"relics":["blackbeard:LoadTheCannons","Juzu Bracelet","Ancient Tea Set"],"acts_visited":["Exordium"],"potions_floor_usage":[],"damage_taken":[{"damage":8,"enemies":"Jaw Worm","floor":1,"turns":4},{"damage":33,"enemies":"Gremlin Nob","floor":8,"turns":4}],"seed_played":"758536118798949600","potions_obtained":[],"is_trial":false,"path_per_floor":["M","?","$","?","?","R","?","E"],"character_chosen":"BLACKBEARD_CLASS","items_purchased":["blackbeard:Bandana"],"campfire_rested":0,"item_purchase_floors":[3],"current_hp_per_floor":[60,75,75,75,64,64,39,6,6,6],"gold":105,"neow_bonus":"ONE_RANDOM_RARE_CARD","is_daily":false,"chose_seed":false,"campfire_upgraded":1,"win_rate":0.0,"timestamp":1608581750,"path_taken":["M","?","$","?","?","R","?","E"],"items_purchased_type":["Card"],"build_version":"2020-12-13","purchased_purges":0,"victory":false,"max_hp_per_floor":[75,75,75,75,75,75,75,75,75,75],"card_choices":[{"not_picked":["blackbeard:DoubleBottom","blackbeard:GhostInTheRum"],"picked":"blackbeard:RearmingStrike","floor":1}],"player_experience":435452,"relics_obtained":[],"event_choices":[{"damage_healed":18,"gold_gain":0,"player_choice":"Healed","damage_taken":0,"max_hp_gain":0,"max_hp_loss":0,"event_name":"The Cleric","floor":2,"gold_loss":35},{"damage_healed":0,"gold_gain":0,"player_choice":"Box","damage_taken":0,"relics_obtained":["Juzu Bracelet"],"max_hp_gain":0,"max_hp_loss":0,"event_name":"Big Fish","floor":4,"gold_loss":0,"cards_obtained":["Regret"]},{"damage_healed":0,"gold_gain":75,"player_choice":"Gather Gold","damage_taken":11,"max_hp_gain":0,"max_hp_loss":0,"event_name":"World of Goop","floor":5,"gold_loss":0},{"damage_healed":0,"gold_gain":0,"player_choice":"Success","damage_taken":25,"relics_obtained":["Ancient Tea Set"],"max_hp_gain":0,"max_hp_loss":0,"event_name":"Scrap Ooze","floor":7,"gold_loss":0}],"is_beta":false,"boss_relics":[],"items_purged_floors":[],"is_endless":false,"potions_floor_spawned":[],"killed_by":"Gremlin Nob","ascension_level":10}}