{"host":"qwv9nni2x0umspiu","time":1608593544,"event":{"mods":["BaseMod","Downfall","Minty Spire (QoL Compilation)","Replay The Spire","StSLib","The Hierophant","Wandering Minibosses"],"gold_per_floor":[110,157,157,82,82,112,112,130,130,144,144,44,63,73,73,33,33],"floor_reached":16,"playtime":459,"items_purged":["hierophant:Defend_Hierophant","hierophant:Strike_Hierophant"],"score":250,"play_id":"fb0d9082-07c9-4c29-9a72-ce045a07aad7","local_time":"20201221153224","is_ascension_mode":true,"campfire_choices":[{"data":"hierophant:ChurchCoffers","floor":7,"key":"SMITH"},{"data":"hierophant:Punish","floor":11,"key":"SMITH"},{"data":"hierophant:Chorus","floor":15,"key":"SMITH"}],"circlet_count":0,"master_deck":["AscendersBane","hierophant:Strike_Hierophant","hierophant:Strike_Hierophant","hierophant:Punish+1","hierophant:Defend_Hierophant","hierophant:Defend_Hierophant","hierophant:Defend_Hierophant","hierophant:ChurchCoffers+1","hierophant:Community","hierophant:SealAway","hierophant:HammerAndAnvil","hierophant:Smite","hierophant:Chorus+1"],"relics":["hierophant:PropheticMaskRelic","NeowsBlessing","Golden Egg","Snack Pack","Ice Cream"],"acts_visited":["Exordium"],"potions_floor_usage":[16,16],"damage_taken":[{"damage":0,"enemies":"2 Louse","floor":1,"turns":1},{"damage":0,"enemies":"Lagavulin","floor":6,"turns":1},{"damage":0,"enemies":"Jaw Worm","floor":8,"turns":1},{"damage":1,"enemies":"Cultist","floor":10,"turns":4},{"damage":0,"enemies":"3 Louse","floor":13,"turns":1},{"damage":0,"enemies":"2 Fungi Beasts","floor":14,"turns":2},{"damage":24,"enemies":"Hexaghost","floor":16,"turns":9}],"seed_played":"3447658527624023904","potions_obtained":[{"floor":1,"key":"Dexterity Potion"},{"floor":6,"key":"PowerPotion"},{"floor":14,"key":"hexamod:EctoCoolerPotion"}],"is_trial":false,"path_per_floor":["M","?","?","$","?","E","R","M","T","M","R","$","M","M","R","B"],"character_chosen":"HIEROPHANT","items_purchased":[],"campfire_rested":0,"item_purchase_floors":[],"current_hp_per_floor":[68,44,44,44,44,44,44,44,44,43,43,43,43,43,43,23,23],"gold":33,"neow_bonus":"THREE_ENEMY_KILL","is_daily":false,"chose_seed":false,"campfire_upgraded":3,"win_rate":0.0,"timestamp":1608593544,"path_taken":["M","?","?","?","?","E","R","M","T","M","R","$","?","M","R","BOSS"],"items_purchased_type":[],"build_version":"2020-12-13","purchased_purges":2,"victory":false,"max_hp_per_floor":[75,75,75,75,75,75,75,75,75,75,75,75,75,75,75,75,75],"card_choices":[{"not_picked":["hierophant:CoinFling","hierophant:MorningPrayer"],"picked":"hierophant:Community","floor":1},{"not_picked":["hierophant:RecallFunds","hierophant:PristineSoul"],"picked":"hierophant:SealAway","floor":2},{"not_picked":["hierophant:PristineSoul","hierophant:PassingBell"],"picked":"hierophant:HammerAndAnvil","floor":2},{"not_picked":["hierophant:TollTheBells","hierophant:Anathema","hierophant:OrnateBuckler"],"picked":"SKIP","floor":6},{"not_picked":["hierophant:PassingBell","hierophant:AuricBeam","hierophant:ArchangelShield"],"picked":"SKIP","floor":8},{"not_picked":["hierophant:Shelter","hierophant:Refuge"],"picked":"hierophant:Smite","floor":10},{"not_picked":["hierophant:SealAway","hierophant:Sermon","hierophant:PristineSoul"],"picked":"SKIP","floor":13},{"not_picked":["hierophant:RepressedViolence","hierophant:OrnateBuckler"],"picked":"hierophant:Chorus","floor":14}],"player_experience":1292330,"relics_obtained":[{"floor":2,"key":"Golden Egg"},{"floor":6,"key":"Snack Pack"},{"floor":9,"key":"Ice Cream"}],"event_choices":[],"is_beta":false,"boss_relics":[],"items_purged_floors":[4,12],"is_endless":false,"potions_floor_spawned":[1,6,14],"killed_by":"Hexaghost","ascension_level":20}}