{"host":"usewcu4ohw2wtmxk","time":1608546856,"event":{"mods":["BaseMod","Minty Spire (QoL Compilation)","Permanent Neow","Quick Restart","Relic Stats"],"gold_per_floor":[114,39,58,76,76,76,94,94,94,94,19,19,35,70,70,143,143,158,58,58,77,77,109,109,141,141,141,151,185,185,202,202,276,276,296,196,214,227,240,240,240,270,270,270,270,160,160,173,173,173,173,173,173,0,32,32],"floor_reached":57,"playtime":1409,"items_purged":["Strike_R","Strike_R","Bash"],"score":2786,"play_id":"ebbee688-2be9-4199-add8-c5474aed8f5a","local_time":"20201221183416","is_ascension_mode":true,"campfire_choices":[{"data":"Searing Blow","floor":6.0,"key":"SMITH"},{"data":"Searing Blow+1","floor":8.0,"key":"SMITH"},{"data":"Searing Blow+2","floor":10.0,"key":"SMITH"},{"data":"Searing Blow+3","floor":12.0,"key":"SMITH"},{"data":"Searing Blow+4","floor":15.0,"key":"SMITH"},{"data":"Searing Blow+5","floor":24.0,"key":"SMITH"},{"data":"Searing Blow+6","floor":27.0,"key":"SMITH"},{"data":"Searing Blow+7","floor":32.0,"key":"SMITH"},{"data":"Armaments","floor":40.0,"key":"SMITH"},{"data":"Searing Blow+8","floor":41.0,"key":"SMITH"},{"data":"Searing Blow+9","floor":44.0,"key":"SMITH"},{"data":"Searing Blow+10","floor":45.0,"key":"SMITH"},{"data":"Searing Blow+11","floor":47.0,"key":"SMITH"},{"floor":49.0,"key":"RECALL"},{"data":"Searing Blow+12","floor":53.0,"key":"SMITH"}],"circlet_count":0,"master_deck":["AscendersBane","Defend_R","Defend_R","Bloodletting","Offering","Searing Blow+13","Shrug It Off","Second Wind+1","Offering","Ghostly","Ghostly","Ghostly","Pommel Strike+1","Shockwave","Double Tap","Berserk","Armaments+1","Evolve","Berserk","Barricade"],"relics":["Black Blood","Question Card","MutagenicStrength","WingedGreaves","Girya","The Courier","Red Mask","Runic Cube","Eternal Feather","Blue Candle","Bottled Tornado"],"acts_visited":["Exordium","TheCity","TheBeyond","TheEnding"],"potions_floor_usage":[56,56,56],"damage_taken":[{"damage":7.0,"enemies":"Small Slimes","floor":1.0,"turns":3.0},{"damage":9.0,"enemies":"Jaw Worm","floor":3.0,"turns":5.0},{"damage":6.0,"enemies":"Cultist","floor":4.0,"turns":2.0},{"damage":22.0,"enemies":"Lots of Slimes","floor":7.0,"turns":4.0},{"damage":6.0,"enemies":"Blue Slaver","floor":13.0,"turns":1.0},{"damage":18.0,"enemies":"Lagavulin","floor":14.0,"turns":5.0},{"damage":17.0,"enemies":"Hexaghost","floor":16.0,"turns":8.0},{"damage":29.0,"enemies":"3 Byrds","floor":18.0,"turns":6.0},{"damage":13.0,"enemies":"2 Thieves","floor":21.0,"turns":3.0},{"damage":3.0,"enemies":"Gremlin Leader","floor":23.0,"turns":4.0},{"damage":27.0,"enemies":"Book of Stabbing","floor":25.0,"turns":5.0},{"damage":4.0,"enemies":"Centurion and Healer","floor":28.0,"turns":4.0},{"damage":8.0,"enemies":"Masked Bandits","floor":29.0,"turns":4.0},{"damage":6.0,"enemies":"Snake Plant","floor":31.0,"turns":1.0},{"damage":4.0,"enemies":"Collector","floor":33.0,"turns":3.0},{"damage":1.0,"enemies":"Orb Walker","floor":35.0,"turns":1.0},{"damage":4.0,"enemies":"3 Darklings","floor":37.0,"turns":2.0},{"damage":8.0,"enemies":"4 Shapes","floor":38.0,"turns":3.0},{"damage":7.0,"enemies":"Writhing Mass","floor":39.0,"turns":4.0},{"damage":1.0,"enemies":"Nemesis","floor":42.0,"turns":3.0},{"damage":0.0,"enemies":"Spire Growth","floor":48.0,"turns":1.0},{"damage":8.0,"enemies":"Donu and Deca","floor":50.0,"turns":5.0},{"damage":11.0,"enemies":"Awakened One","floor":51.0,"turns":3.0},{"damage":10.0,"enemies":"Shield and Spear","floor":55.0,"turns":3.0},{"damage":25,"enemies":"The Heart","floor":56,"turns":5}],"seed_played":"7807831894281838236","potions_obtained":[{"floor":3.0,"key":"Dexterity Potion"},{"floor":4.0,"key":"Weak Potion"},{"floor":18.0,"key":"DuplicationPotion"},{"floor":21.0,"key":"LiquidBronze"},{"floor":25.0,"key":"AttackPotion"},{"floor":33.0,"key":"EntropicBrew"}],"is_trial":false,"path_per_floor":["M","$","M","M","?","R","M","R","T","R","?","R","M","E","R","B",null,"M","$","?","M","?","E","R","E","T","R","M","?","?","M","R","B",null,"M","$","M","M","M","R","R","E","T","R","R","?","R","M","R","B","B",null,"R","$","E","B",null],"character_chosen":"IRONCLAD","items_purchased":["Evolve","Berserk"],"campfire_rested":0,"item_purchase_floors":[54,54],"current_hp_per_floor":[49,49,46,46,51,51,35,35,35,35,35,35,35,23,23,12,63,46,46,46,45,40,40,40,25,25,25,33,37,37,40,40,40,40,40,40,40,40,40,40,40,40,40,40,40,40,40,40,40,40,40,40,40,40,40,27],"gold":32,"neow_bonus":"TRANSFORM_TWO_CARDS","is_daily":false,"chose_seed":false,"campfire_upgraded":14,"win_rate":0.0,"timestamp":1608546856,"path_taken":["M","$","M","M","?","R","M","R","T","R","?","R","M","E","R","BOSS","M","$","?","M","?","E","R","E","T","R","M","?","?","?","R","BOSS","M","?","M","M","M","R","R","E","T","R","R","?","R","M","R","BOSS","BOSS","R","$","E","BOSS"],"items_purchased_type":["Card","Card"],"build_version":"2020-12-13","purchased_purges":3,"victory":true,"max_hp_per_floor":[75,75,75,75,80,80,80,80,80,80,80,80,80,80,80,80,80,80,80,80,80,40,40,40,40,40,40,40,40,40,40,40,40,40,40,40,40,40,40,40,40,40,40,40,40,40,40,40,40,40,40,40,40,40,40,40],"relic_stats":{"counters":[25,88],"Blue Candle":[1],"Black Blood":180,"Eternal Feather":0,"Question Card":17,"obtain_stats":[{"Girya":25,"MutagenicStrength":20,"Blue Candle":43,"Black Blood":17,"Eternal Feather":42,"WingedGreaves":23,"The Courier":26,"Red Mask":29,"Bottled Tornado":55,"Question Card":14,"Burning Blood":0,"Runic Cube":34},{"Girya":11,"MutagenicStrength":8,"Blue Candle":20,"Black Blood":7,"Eternal Feather":20,"WingedGreaves":10,"The Courier":11,"Red Mask":13,"Bottled Tornado":24,"Question Card":6,"Burning Blood":0,"Runic Cube":15},{"Girya":46,"MutagenicStrength":34,"Blue Candle":71,"Black Blood":28,"Eternal Feather":71,"WingedGreaves":41,"The Courier":46,"Red Mask":54,"Bottled Tornado":83,"Question Card":20,"Burning Blood":0,"Runic Cube":58}],"Runic Cube":[60]},"card_choices":[{"not_picked":["Havoc","Pommel Strike"],"picked":"Searing Blow","floor":1.0},{"not_picked":["Inflame","Headbutt","Iron Wave"],"picked":"SKIP","floor":3.0},{"not_picked":["Cleave","Wild Strike","Clash"],"picked":"SKIP","floor":4.0},{"not_picked":["Sentinel","Anger"],"picked":"Shrug It Off","floor":7.0},{"not_picked":["Cleave","Entrench","Corruption"],"picked":"SKIP","floor":13.0},{"not_picked":["Shrug It Off","Iron Wave"],"picked":"Second Wind","floor":14.0},{"not_picked":["Berserk","Fiend Fire","Double Tap"],"picked":"Offering","floor":16.0},{"not_picked":["Shrug It Off","Carnage","Thunderclap","Whirlwind+1"],"picked":"SKIP","floor":18.0},{"not_picked":["Flex","Perfected Strike","Iron Wave","Seeing Red"],"picked":"SKIP","floor":21.0},{"not_picked":["Dropkick","Warcry","Havoc","Blood for Blood"],"picked":"SKIP","floor":23.0},{"not_picked":["Dropkick","Clothesline","Combust+1"],"picked":"Pommel Strike+1","floor":25.0},{"not_picked":["Entrench","Rupture","True Grit"],"picked":"Shockwave","floor":28.0},{"not_picked":["Thunderclap","Clothesline","Body Slam+1","Havoc"],"picked":"SKIP","floor":31.0},{"not_picked":["Impervious","Exhume","Limit Break"],"picked":"Berserk","floor":33.0},{"not_picked":["Clash+1","Anger","Twin Strike","Heavy Blade"],"picked":"SKIP","floor":35.0},{"not_picked":["Sword Boomerang+1","Pummel","Clash+1","Pommel Strike"],"picked":"SKIP","floor":37.0},{"not_picked":["Heavy Blade","Wild Strike","Brutality","Clothesline"],"picked":"SKIP","floor":38.0},{"not_picked":["True Grit","Armaments","Metallicize","Clothesline"],"picked":"SKIP","floor":39.0},{"not_picked":["True Grit","Metallicize","Clothesline"],"picked":"Armaments","floor":39.0},{"not_picked":["Entrench","Searing Blow","Shrug It Off","Flex"],"picked":"SKIP","floor":42.0},{"not_picked":["Pommel Strike","Dropkick+1","True Grit+1","Wild Strike"],"picked":"SKIP","floor":48.0},{"not_picked":["Flex","Fire Breathing","Feel No Pain"],"picked":"Barricade","floor":55}],"player_experience":208810,"relics_obtained":[{"floor":14.0,"key":"Question Card"},{"floor":23.0,"key":"WingedGreaves"},{"floor":25.0,"key":"Girya"},{"floor":26.0,"key":"The Courier"},{"floor":29.0,"key":"Red Mask"},{"floor":42.0,"key":"Eternal Feather"},{"floor":43.0,"key":"Blue Candle"},{"floor":55,"key":"Bottled Tornado"}],"event_choices":[{"damage_healed":0.0,"max_hp_gain":5.0,"max_hp_loss":0.0,"gold_gain":0.0,"event_name":"Big Fish","player_choice":"Donut","floor":5.0,"gold_loss":0.0,"damage_taken":0.0},{"cards_removed":["Strike_R"],"damage_healed":0.0,"max_hp_gain":0.0,"max_hp_loss":0.0,"gold_gain":0.0,"event_name":"The Cleric","player_choice":"Card Removal","floor":11.0,"gold_loss":75.0,"damage_taken":0.0},{"damage_healed":0.0,"max_hp_gain":0.0,"max_hp_loss":0.0,"gold_gain":0.0,"event_name":"Drug Dealer","player_choice":"Inject Mutagens","floor":20.0,"gold_loss":0.0,"damage_taken":0.0,"relics_obtained":["MutagenicStrength"]},{"damage_healed":0.0,"max_hp_gain":0.0,"max_hp_loss":40.0,"gold_gain":0.0,"event_name":"Ghosts","player_choice":"Became a Ghost","floor":22.0,"gold_loss":0.0,"damage_taken":0.0,"cards_obtained":["Ghostly","Ghostly","Ghostly"]},{"damage_healed":0.0,"max_hp_gain":0.0,"max_hp_loss":0.0,"gold_gain":0.0,"event_name":"Masked Bandits","player_choice":"Fought Bandits","floor":29.0,"gold_loss":0.0,"damage_taken":0.0},{"damage_healed":0.0,"max_hp_gain":0.0,"max_hp_loss":0.0,"gold_gain":0.0,"cards_transformed":["Strike_R"],"event_name":"Transmorgrifier","player_choice":"Transformed","floor":30.0,"gold_loss":0.0,"damage_taken":0.0,"cards_obtained":["Double Tap"]},{"cards_removed":["Defend_R"],"damage_healed":0.0,"max_hp_gain":0.0,"max_hp_loss":0.0,"gold_gain":0.0,"event_name":"Designer","player_choice":"Upgrade and Remove","floor":46.0,"gold_loss":110.0,"damage_taken":0.0,"cards_upgraded":["Second Wind"]}],"is_beta":false,"boss_relics":[{"not_picked":["Black Star","Cursed Key"],"picked":"Black Blood"},{"not_picked":["Pandora\u0027s Box","Fusion Hammer"],"picked":"Runic Cube"}],"items_purged_floors":[2,19,36],"is_endless":false,"potions_floor_spawned":[3,4,18,21,25,33,37,38,39],"ascension_level":20}}