{"host":"yn17ruofed46ymbq","time":1608568386,"event":{"mods":["AchievementEnabler","BaseMod","Block Reminder","Colored Map","Colored Powertips","DeckTracker","Googly Eyes","Highlight Path","Keyboard Shortcuts","Minty Spire (QoL Compilation)","Permanent Neow","Quick Restart","Rare Cards Sparkle","Relic Stats","SuperFastMode","everything is the same but u backflip on backflip","slay the spire mod where everything is the same but ironclad has a cowboy hat"],"gold_per_floor":[13,13,32,49,60,60,87,87,110,122,122,122,132,161,161,161,161],"floor_reached":16,"playtime":446,"items_purged":[],"score":133,"play_id":"aa26d2d1-1a26-482e-bf57-2e9aca3ab4da","local_time":"20201222013306","is_ascension_mode":true,"campfire_choices":[{"data":"Body Slam","floor":6.0,"key":"SMITH"},{"data":"Corruption","floor":8,"key":"SMITH"},{"floor":12,"key":"REST"},{"floor":15,"key":"REST"}],"circlet_count":0,"master_deck":["Strike_R","Strike_R","Strike_R","Strike_R","Defend_R","Defend_R","Bash","Corruption+1","Inflame","Disarm","Wild Strike","Body Slam+1","Thunderclap","Sentinel","Havoc","Shrug It Off","Power Through"],"relics":["Burning Blood","Orichalcum","Ancient Tea Set","Red Skull","Odd Mushroom"],"acts_visited":["Exordium"],"potions_floor_usage":[7,7,14],"damage_taken":[{"damage":14.0,"enemies":"Jaw Worm","floor":1.0,"turns":4.0},{"damage":3.0,"enemies":"Cultist","floor":3.0,"turns":4.0},{"damage":12.0,"enemies":"2 Louse","floor":4.0,"turns":3.0},{"damage":13.0,"enemies":"Looter","floor":5.0,"turns":3.0},{"damage":18,"enemies":"Gremlin Nob","floor":7,"turns":4},{"damage":10,"enemies":"3 Louse","floor":10,"turns":4},{"damage":7,"enemies":"Blue Slaver","floor":13,"turns":3},{"damage":25,"enemies":"The Mushroom Lair","floor":14,"turns":4},{"damage":73,"enemies":"Slime Boss","floor":16,"turns":10}],"seed_played":"-8758852433487465586","potions_obtained":[{"floor":1.0,"key":"Fire Potion"},{"floor":5.0,"key":"Weak Potion"},{"floor":13,"key":"Weak Potion"}],"is_trial":false,"path_per_floor":["M","?","M","M","M","R","E","R","T","M","?","R","M","?","R","B"],"character_chosen":"IRONCLAD","items_purchased":[],"campfire_rested":2,"item_purchase_floors":[],"current_hp_per_floor":[64,64,67,61,54,54,42,42,42,38,38,62,61,42,66,0,0],"gold":161,"neow_bonus":"TRANSFORM_TWO_CARDS","is_daily":false,"chose_seed":false,"campfire_upgraded":2,"win_rate":0.0,"timestamp":1608568386,"path_taken":["M","?","M","M","?","R","E","R","T","M","?","R","M","?","R","BOSS"],"items_purchased_type":[],"build_version":"2020-12-13","purchased_purges":0,"victory":false,"max_hp_per_floor":[80,80,80,80,80,80,80,80,80,80,80,80,80,80,80,80,80],"relic_stats":{"counters":[9,39],"Orichalcum":[54],"obtain_stats":[{"Orichalcum":7,"Odd Mushroom":14,"Ancient Tea Set":9,"Burning Blood":0,"Red Skull":11},{"Orichalcum":5,"Odd Mushroom":8,"Ancient Tea Set":5,"Burning Blood":0,"Red Skull":6},{"Orichalcum":18,"Odd Mushroom":29,"Ancient Tea Set":18,"Burning Blood":0,"Red Skull":22}],"Burning Blood":48},"card_choices":[{"not_picked":["Perfected Strike","Heavy Blade"],"picked":"Disarm","floor":1.0},{"not_picked":["Flex","Body Slam"],"picked":"Wild Strike","floor":3.0},{"not_picked":["Havoc","Flame Barrier"],"picked":"Body Slam","floor":4.0},{"not_picked":["Clash","Shockwave"],"picked":"Thunderclap","floor":5.0},{"not_picked":["Twin Strike","Shockwave"],"picked":"Sentinel","floor":7},{"not_picked":["Twin Strike","Perfected Strike"],"picked":"Havoc","floor":10},{"not_picked":["Perfected Strike","Headbutt"],"picked":"Shrug It Off","floor":13},{"not_picked":["Iron Wave","Sentinel"],"picked":"Power Through","floor":14}],"player_experience":422982,"relics_obtained":[{"floor":7,"key":"Orichalcum"},{"floor":9,"key":"Ancient Tea Set"},{"floor":14,"key":"Odd Mushroom"}],"event_choices":[{"cards_removed":["Defend_R"],"damage_healed":0.0,"max_hp_gain":0.0,"max_hp_loss":0.0,"gold_gain":0.0,"event_name":"Bonfire Elementals","player_choice":"Offered Basic","floor":2.0,"gold_loss":0.0,"damage_taken":0.0},{"damage_healed":0,"gold_gain":0,"player_choice":"Searched \u00272\u0027 times","damage_taken":0,"relics_obtained":["Red Skull"],"max_hp_gain":0,"max_hp_loss":0,"event_name":"Dead Adventurer","floor":11,"gold_loss":0},{"damage_healed":0,"gold_gain":0,"player_choice":"Fought Mushrooms","damage_taken":0,"max_hp_gain":0,"max_hp_loss":0,"event_name":"Mushrooms","floor":14,"gold_loss":0}],"is_beta":false,"boss_relics":[],"items_purged_floors":[],"is_endless":false,"potions_floor_spawned":[1,5,13],"killed_by":"Slime Boss","ascension_level":6}}