{"host":"baymyijz6sxaqj5s","time":1608554491,"event":{"mods":["AchievementEnabler","BaseMod","Colored Map","Colored Powertips","DeckTracker","KOR Keyword Fix","Keyboard Shortcuts","Minty Spire (QoL Compilation)","StSLib","SuperFastMode"],"gold_per_floor":[117,135,152,152,172,205,205,216,216,216,228,153,166,176,176,176,176],"floor_reached":16,"playtime":524,"items_purged":["Strike_R"],"score":131,"play_id":"ec7c4874-3bca-4955-b491-a84f375c58cf","local_time":"20201221214131","is_ascension_mode":false,"campfire_choices":[{"data":"Double Tap","floor":7,"key":"SMITH"},{"data":"Impervious","floor":10,"key":"SMITH"},{"data":"Body Slam","floor":15,"key":"SMITH"}],"circlet_count":0,"master_deck":["Strike_R","Strike_R","Strike_R","Defend_R","Defend_R","Defend_R","Defend_R","Bash","Double Tap+1","Ghostly Armor","Armaments","Twin Strike","Cleave","Impervious+1","Body Slam+1","Shrug It Off","Entrench"],"relics":["Burning Blood","Question Card","Centennial Puzzle","Self Forming Clay"],"acts_visited":["Exordium"],"potions_floor_usage":[6,6,16],"damage_taken":[{"damage":8,"enemies":"Cultist","floor":1,"turns":5},{"damage":3,"enemies":"Small Slimes","floor":2,"turns":4},{"damage":5,"enemies":"Jaw Worm","floor":3,"turns":5},{"damage":15,"enemies":"Looter","floor":5,"turns":3},{"damage":0,"enemies":"Gremlin Nob","floor":6,"turns":4},{"damage":1,"enemies":"2 Fungi Beasts","floor":8,"turns":3},{"damage":6,"enemies":"3 Louse","floor":11,"turns":3},{"damage":8,"enemies":"Exordium Wildlife","floor":13,"turns":3},{"damage":6,"enemies":"2 Fungi Beasts","floor":14,"turns":3},{"damage":80,"enemies":"Hexaghost","floor":16,"turns":23}],"seed_played":"440209707360266078","potions_obtained":[{"floor":1,"key":"BlessingOfTheForge"},{"floor":3,"key":"EssenceOfSteel"},{"floor":13,"key":"LiquidMemories"}],"is_trial":false,"path_per_floor":["M","M","M","T","M","E","R","M","T","R","M","$","M","M","R","B"],"character_chosen":"IRONCLAD","items_purchased":[],"campfire_rested":0,"item_purchase_floors":[],"current_hp_per_floor":[78,80,80,80,71,77,77,80,80,80,80,80,78,78,78,0,0],"gold":176,"neow_bonus":"TRANSFORM_CARD","is_daily":false,"chose_seed":false,"campfire_upgraded":3,"win_rate":0.0,"timestamp":1608554491,"path_taken":["M","M","M","?","M","E","R","M","T","R","M","$","M","M","R","BOSS"],"items_purchased_type":[],"build_version":"2020-12-13","purchased_purges":1,"victory":false,"max_hp_per_floor":[80,80,80,80,80,80,80,80,80,80,80,80,80,80,80,80,80],"card_choices":[{"not_picked":["Twin Strike","Wild Strike"],"picked":"Ghostly Armor","floor":1},{"not_picked":["Anger","Feel No Pain"],"picked":"Armaments","floor":2},{"not_picked":["Hemokinesis","Armaments"],"picked":"Twin Strike","floor":3},{"not_picked":["Intimidate","Hemokinesis","Feel No Pain"],"picked":"Cleave","floor":5},{"not_picked":["Wild Strike","Second Wind","Intimidate","Clash"],"picked":"SKIP","floor":6},{"not_picked":["Iron Wave","Clash","Heavy Blade"],"picked":"Impervious","floor":8},{"not_picked":["Heavy Blade","Rupture","Wild Strike"],"picked":"Body Slam","floor":11},{"not_picked":["Entrench","Armaments","Dual Wield"],"picked":"Shrug It Off","floor":13},{"not_picked":["Second Wind","Wild Strike","Headbutt"],"picked":"Entrench","floor":14}],"player_experience":168805,"relics_obtained":[{"floor":4,"key":"Question Card"},{"floor":6,"key":"Centennial Puzzle"},{"floor":9,"key":"Self Forming Clay"}],"event_choices":[],"is_beta":false,"boss_relics":[],"items_purged_floors":[12],"is_endless":false,"potions_floor_spawned":[1,3,13],"killed_by":"Hexaghost","ascension_level":0}}