{"host":"egyxg9lnjq7g2hmw","time":1608527391,"event":{"mods":["AchievementEnabler","BaseMod","Block Reminder","Colored Map","Colored Powertips","Highlight Path","Minty Spire (QoL Compilation)","Rare Cards Sparkle","StSLib"],"gold_per_floor":[117,42,42,91,111,145,171,171,171,204,204,224,252,19,19,92,92,104,122,122,9,9,9,9,9],"floor_reached":24,"playtime":936,"items_purged":["Strike_G"],"score":470,"play_id":"bdbcaa03-9166-4908-8f9c-7b9c5e3ea18d","local_time":"20201220210951","is_ascension_mode":true,"campfire_choices":[{"data":"Acrobatics","floor":8.0,"key":"SMITH"},{"floor":11.0,"key":"REST"},{"data":"Caltrops","floor":15.0,"key":"SMITH"},{"floor":23.0,"key":"REST"}],"circlet_count":0,"master_deck":["AscendersBane","Strike_G","Strike_G","Strike_G","Defend_G","Defend_G","Defend_G","Defend_G","Defend_G","Survivor","Neutralize","Eviscerate","Setup","Dagger Throw","Acrobatics+1","Caltrops+1","Backstab","Eviscerate","Night Terror","Tactician","Flechettes","Shame","Concentrate"],"relics":["Ring of the Snake","NeowsBlessing","Ancient Tea Set","Centennial Puzzle","Odd Mushroom","Sundial","Gremlin Horn","The Courier","Vajra","Runic Pyramid","Snake Skull"],"acts_visited":["Exordium","TheCity"],"potions_floor_usage":[24],"damage_taken":[{"damage":0.0,"enemies":"Jaw Worm","floor":1.0,"turns":1.0},{"damage":0.0,"enemies":"Small Slimes","floor":5.0,"turns":1.0},{"damage":0.0,"enemies":"Lagavulin","floor":6.0,"turns":1.0},{"damage":25.0,"enemies":"The Mushroom Lair","floor":7.0,"turns":5.0},{"damage":14.0,"enemies":"3 Sentries","floor":10.0,"turns":8.0},{"damage":0.0,"enemies":"2 Louse","floor":12.0,"turns":2.0},{"damage":26.0,"enemies":"Gremlin Nob","floor":13.0,"turns":4.0},{"damage":4.0,"enemies":"Hexaghost","floor":16.0,"turns":5.0},{"damage":35.0,"enemies":"Shell Parasite","floor":18.0,"turns":5.0},{"damage":0.0,"enemies":"Chosen","floor":19.0,"turns":3.0},{"damage":40,"enemies":"Slavers","floor":24,"turns":6}],"seed_played":"1565596461392196375","potions_obtained":[{"floor":1.0,"key":"GamblersBrew"},{"floor":7.0,"key":"DuplicationPotion"},{"floor":12.0,"key":"PowerPotion"},{"floor":18.0,"key":"BlessingOfTheForge"}],"is_trial":false,"path_per_floor":["M","?","?","T","M","E","?","R","T","E","R","M","E","$","R","B",null,"M","M","?","$","?","R","E"],"character_chosen":"THE_SILENT","items_purchased":["Vajra","Energy Potion","Concentrate","Energy Potion"],"campfire_rested":2,"item_purchase_floors":[14,14,21,21],"current_hp_per_floor":[59,59,59,59,59,59,34,34,34,20,39,39,13,13,13,9,52,17,17,17,17,17,36,0,0],"gold":9,"neow_bonus":"THREE_ENEMY_KILL","is_daily":false,"chose_seed":false,"campfire_upgraded":2,"win_rate":0.0,"timestamp":1608527391,"path_taken":["M","?","?","?","?","E","?","R","T","E","R","M","E","$","R","BOSS","M","M","?","$","?","R","E"],"items_purchased_type":["Relic","Potion","Card","Potion"],"build_version":"2020-12-13","purchased_purges":1,"victory":false,"max_hp_per_floor":[66,66,66,66,66,66,66,66,66,66,66,66,66,66,66,66,66,66,66,66,66,66,66,66,66],"card_choices":[{"not_picked":["All Out Attack","Sucker Punch"],"picked":"Eviscerate","floor":1.0},{"not_picked":["Tactician","Bane"],"picked":"Setup","floor":5.0},{"not_picked":["Deadly Poison","Dash"],"picked":"Dagger Throw","floor":6.0},{"not_picked":["Predator","Deflect"],"picked":"Acrobatics","floor":7.0},{"not_picked":["Bouncing Flask","Blade Dance"],"picked":"Caltrops","floor":10.0},{"not_picked":["Calculated Gamble","Deadly Poison"],"picked":"Backstab","floor":12.0},{"not_picked":["Deflect","Burst"],"picked":"Eviscerate","floor":13.0},{"not_picked":["Burst","Malaise"],"picked":"Night Terror","floor":16.0},{"not_picked":["Bouncing Flask","All Out Attack"],"picked":"Tactician","floor":18.0},{"not_picked":["Blade Dance","Backflip+1"],"picked":"Flechettes","floor":19.0}],"player_experience":560476,"relics_obtained":[{"floor":4.0,"key":"Ancient Tea Set"},{"floor":6.0,"key":"Centennial Puzzle"},{"floor":7.0,"key":"Odd Mushroom"},{"floor":9.0,"key":"Sundial"},{"floor":10.0,"key":"Gremlin Horn"},{"floor":13.0,"key":"The Courier"}],"event_choices":[{"cards_removed":["Strike_G"],"damage_healed":0.0,"max_hp_gain":0.0,"max_hp_loss":0.0,"gold_gain":0.0,"event_name":"The Cleric","player_choice":"Card Removal","floor":2.0,"gold_loss":75.0,"damage_taken":0.0},{"damage_healed":0.0,"max_hp_gain":0.0,"max_hp_loss":0.0,"gold_gain":0.0,"event_name":"Liars Game","player_choice":"Ignored","floor":3.0,"gold_loss":0.0,"damage_taken":0.0},{"damage_healed":0.0,"max_hp_gain":0.0,"max_hp_loss":0.0,"gold_gain":0.0,"event_name":"Mushrooms","player_choice":"Fought Mushrooms","floor":7.0,"gold_loss":0.0,"damage_taken":0.0},{"damage_healed":0.0,"max_hp_gain":0.0,"max_hp_loss":0.0,"gold_gain":0.0,"event_name":"Addict","player_choice":"Stole Relic","floor":20.0,"gold_loss":0.0,"damage_taken":0.0,"relics_obtained":["Snake Skull"],"cards_obtained":["Shame"]},{"damage_healed":0.0,"max_hp_gain":0.0,"max_hp_loss":0.0,"gold_gain":0.0,"event_name":"Cursed Tome","player_choice":"Ignored","floor":22.0,"gold_loss":0.0,"damage_taken":0.0}],"is_beta":false,"boss_relics":[{"not_picked":["Black Star","Sozu"],"picked":"Runic Pyramid"}],"items_purged_floors":[14],"is_endless":false,"potions_floor_spawned":[1,7,12,18],"killed_by":"Slavers","ascension_level":20}}