{"host":"wonp23fsqqcu31ie","time":1608527852,"event":{"mods":["2.2 Compatiblity","AchievementEnabler","Aspiration","BaseMod","Bestiary","Better Altar","Better Match","Better Sensory Stone","Better Skull","Better Third Choice","BetterRewards","Block Reminder","Colored Map","Colored Powertips","Conspire","DeckTracker","Displayed Cursed Tome","Downfall","Hermit","Highlight Path","Hubris","Minty Spire (QoL Compilation)","Permanent Neow","Quick Restart","Rare Cards Sparkle","Relic Stats","Replay The Spire","Shade Mod","Shop Mod","StSLib","SuperFastMode","The Animator","The Cursed","The Dragon Tamer","The Gatherer","The Necromancer","The Runesmith","The Servant 0.9.4"],"gold_per_floor":[110,157,169,235,200,226,61,116,116,66,102,116,141,156,156,260,310,341,37,37,55,55,55,55,55,55,55,55,90,90,136,136,239,239,251,251,251,262,262,293,333,333,333],"floor_reached":42,"playtime":1432,"items_purged":["hermit:Strike_Hermit","conspire:Blindness"],"score":712,"play_id":"7820d199-19b7-41aa-af02-a9c1652c96c4","local_time":"20201221161732","is_ascension_mode":true,"campfire_choices":[{"floor":15,"key":"REST"},{"floor":23,"key":"RECALL"},{"floor":27,"key":"DIG"},{"floor":32,"key":"REST"}],"circlet_count":0,"master_deck":["hermit:Strike_Hermit","hermit:Strike_Hermit","hermit:Strike_Hermit","hermit:Defend_Hermit","hermit:Defend_Hermit","hermit:Defend_Hermit","hermit:Defend_Hermit+1","hermit:Snapshot","hermit:Covet","hermit:Determination","hermit:Determination","hermit:Virtue","hermit:Coalescence","hermit:Quickdraw","hermit:Enervate","Replay:Parry","HandOfGreed","Discovery","hermit:CalledShot","hermit:Gestalt+1","hermit:Brawl","hermit:Deadeye","Dark Shackles","hermit:Quickdraw","hermit:WideOpen","hermit:HighCaliber","hermit:Manifest","hermit:GoldenBullet","hermit:Headshot","hermit:Shortfuse","hermit:Desperado","expansioncontent:DonusPower","hubris:EnhanceAbility","hermit:GhostlyPresence+1","hermit:FullyLoaded+1","hermit:Determination+1","hermit:Manifest+1","hermit:Ricochet+1"],"relics":["hermit:Momento","hubris:Spice","MerchantsRug","Replay:Multitool","Bird Faced Urn","hubris:MedicalManual","ReplayTheSpireMod:CursedCoin","Pen Nib","Onion Ring","Toy Ornithopter","aspiration:RitualStick","MutagenicStrength","aspiration:Lifesprig","StoneCalendar","Iron Hammer"],"acts_visited":["Exordium","TheCity","TheBeyond"],"potions_floor_usage":[6,13,14,14,16,18,21,29,31,33,33,40],"damage_taken":[{"damage":0,"enemies":"Jaw Worm","floor":1,"turns":3},{"damage":7,"enemies":"conspire:MimicChest","floor":2,"turns":4},{"damage":5,"enemies":"conspire:RoseBush","floor":3,"turns":6},{"damage":2,"enemies":"Lagavulin","floor":6,"turns":6},{"damage":0,"enemies":"2 Louse","floor":11,"turns":2},{"damage":3,"enemies":"Looter","floor":12,"turns":2},{"damage":15,"enemies":"Gremlin Nob","floor":13,"turns":3},{"damage":0,"enemies":"Blue Slaver","floor":14,"turns":1},{"damage":19,"enemies":"Fading Forest","floor":16,"turns":11},{"damage":0,"enemies":"conspire:FuzzyDice","floor":18,"turns":5},{"damage":0,"enemies":"3 Byrds","floor":21,"turns":5},{"damage":5,"enemies":"Shelled Parasite and Fungi","floor":29,"turns":4},{"damage":26,"enemies":"Slavers","floor":31,"turns":4},{"damage":4,"enemies":"Champ","floor":33,"turns":8},{"damage":23,"enemies":"3 Darklings","floor":35,"turns":4},{"damage":14,"enemies":"3 Shapes","floor":38,"turns":2},{"damage":63,"enemies":"Reptomancer","floor":40,"turns":7},{"damage":7,"enemies":"Spire Growth","floor":41,"turns":3},{"damage":28,"enemies":"Writhing Mass","floor":42,"turns":1}],"seed_played":"3735511500183365386","potions_obtained":[{"floor":6,"key":"hermit:BlackBile"},{"floor":12,"key":"Swift Potion"},{"floor":14,"key":"Explosive Potion"},{"floor":16,"key":"Adrenaline Potion"},{"floor":17,"key":"LifebloodPotion"},{"floor":21,"key":"Strength Potion"},{"floor":33,"key":"Swift Potion"},{"floor":38,"key":"Reflective Coating"},{"floor":41,"key":"Toxic Potion"}],"is_trial":false,"path_per_floor":["M","?","M","?","?","E","$","R","T","$","M","M","E","M","R","B",null,"M","$","T","M","?","R","?","R","T","R","?","M","T","E","R","B",null,"M","T","T","M","?","E","M","M"],"character_chosen":"HERMIT","items_purchased":["Potion Belt","MerchantsRug","BargainBundle","hermit:Determination","hermit:Virtue","hermit:Coalescence","hermit:Quickdraw","hermit:Enervate","Replay:Parry","HandOfGreed","Replay:Multitool","Strength Potion","DuplicationPotion","Energy Potion","Discovery","ReplayTheSpireMod:CursedCoin","Pen Nib","hermit:Deadeye","Dark Shackles","Toy Ornithopter","Strength Potion","ColorlessPotion","hermit:Shortfuse"],"campfire_rested":2,"item_purchase_floors":[0,0,0,0,0,0,0,0,0,0,0,0,0,0,0,7,7,7,7,19,19,19,19],"current_hp_per_floor":[38,31,30,30,50,54,54,54,54,54,56,55,50,52,79,80,88,88,88,88,88,70,70,70,88,80,72,72,69,69,53,72,70,64,45,45,45,33,74,17,12,0,0],"gold":333,"neow_bonus":"","is_daily":false,"chose_seed":false,"campfire_upgraded":0,"win_rate":0.0,"timestamp":1608527852,"path_taken":["M","?","M","?","?","E","?","R","T","$","M","?","E","M","R","BOSS","M","$","?","M","?","R","?","R","T","R","?","M","?","E","R","BOSS","M","?","?","M","?","E","M","?"],"items_purchased_type":["Relic","Relic","Relic","Card","Card","Card","Card","Card","Card","Card","Relic","Potion","Potion","Potion","Card","Relic","Relic","Card","Card","Relic","Potion","Potion","Card"],"build_version":"2020-12-13","purchased_purges":2,"victory":false,"max_hp_per_floor":[83,83,83,83,83,83,83,83,83,83,83,83,91,91,91,83,88,88,88,88,88,88,88,88,88,80,72,72,72,72,72,72,72,64,64,64,64,64,74,74,74,74,74],"relic_stats":{"counters":[48,230],"Bird Faced Urn":[42],"StoneCalendar":[0],"Pen Nib":[14],"obtain_stats":[{"Darkstone Periapt":29,"Regal Pillow":6,"Lantern":39,"aspiration:Lifesprig":31,"Tiny House":17,"Gremlin Horn":2,"Vajra":53,"StoneCalendar":36,"Replay:Multitool":0,"Replay:Mystery Machine":9,"Boot":17,"Ancient Tea Set":40,"hubris:EvacipatedBox":20,"aspiration:RitualStick":22,"Lizard Tail":17,"Iron Hammer":37,"aspiration:DSix":0,"Potion Belt":7,"Gremlin Food":17,"MerchantsRug":0,"BargainBundle":0,"HollowMod:LifeEnderRelic":8,"hubris:64BitClover":36,"ReplayTheSpireMod:CursedCoin":7,"Replay:WaspNest":0,"PreservedInsect":13,"hubris:MedicalManual":6,"Pen Nib":7,"aspiration:HummingbirdHeart":53,"Mercury Hourglass":20,"Calling Bell":17,"Strange Spoon":7,"Pondfish Scales":23,"hubris:Spice":0,"Bird Faced Urn":2,"MutagenicStrength":28,"Simple Rune":0,"Onion Ring":26,"ChewingGum":34,"hubris:GrandSneckoEye":0,"hubris:TenFootPole":39,"Runesmith:AutoHammer":54,"hermit:Momento":0,"TungstenRod":27,"Toy Ornithopter":47},{"Darkstone Periapt":16,"Regal Pillow":4,"Lantern":22,"aspiration:Lifesprig":42,"Tiny House":38,"Gremlin Horn":2,"Vajra":27,"StoneCalendar":44,"Replay:Multitool":29,"Replay:Mystery Machine":5,"Boot":9,"Ancient Tea Set":23,"hubris:EvacipatedBox":10,"aspiration:RitualStick":40,"Lizard Tail":9,"Iron Hammer":44,"aspiration:DSix":0,"Potion Belt":4,"Gremlin Food":9,"MerchantsRug":0,"BargainBundle":29,"HollowMod:LifeEnderRelic":5,"hubris:64BitClover":21,"ReplayTheSpireMod:CursedCoin":33,"Replay:WaspNest":0,"PreservedInsect":7,"hubris:MedicalManual":33,"Pen Nib":33,"aspiration:HummingbirdHeart":27,"Mercury Hourglass":10,"Calling Bell":9,"Strange Spoon":4,"Pondfish Scales":13,"hubris:Spice":29,"Bird Faced Urn":31,"MutagenicStrength":40,"Simple Rune":0,"Onion Ring":14,"ChewingGum":19,"hubris:GrandSneckoEye":0,"hubris:TenFootPole":22,"Runesmith:AutoHammer":28,"hermit:Momento":0,"TungstenRod":15,"Toy Ornithopter":25},{"Darkstone Periapt":72,"Regal Pillow":12,"Lantern":104,"aspiration:Lifesprig":205,"Tiny House":187,"Gremlin Horn":6,"Vajra":134,"StoneCalendar":217,"Replay:Multitool":149,"Replay:Mystery Machine":16,"Boot":34,"Ancient Tea Set":109,"hubris:EvacipatedBox":40,"aspiration:RitualStick":197,"Lizard Tail":34,"Iron Hammer":217,"aspiration:DSix":0,"Potion Belt":12,"Gremlin Food":34,"MerchantsRug":0,"BargainBundle":149,"HollowMod:LifeEnderRelic":16,"hubris:64BitClover":101,"ReplayTheSpireMod:CursedCoin":168,"Replay:WaspNest":0,"PreservedInsect":22,"hubris:MedicalManual":168,"Pen Nib":168,"aspiration:HummingbirdHeart":134,"Mercury Hourglass":40,"Calling Bell":34,"Strange Spoon":12,"Pondfish Scales":59,"hubris:Spice":149,"Bird Faced Urn":156,"MutagenicStrength":197,"Simple Rune":0,"Onion Ring":64,"ChewingGum":90,"hubris:GrandSneckoEye":0,"hubris:TenFootPole":104,"Runesmith:AutoHammer":140,"hermit:Momento":0,"TungstenRod":67,"Toy Ornithopter":116}],"Toy Ornithopter":20,"aspiration:RitualStick":[0]},"card_choices":[{"not_picked":["hermit:ItchyTrigger","hermit:Enervate"],"picked":"hermit:CalledShot","floor":1},{"not_picked":["hermit:BodyArmor","hermit:Maintenance"],"picked":"hermit:Gestalt","floor":2},{"not_picked":["hermit:ItchyTrigger","hermit:Spite"],"picked":"hermit:Brawl","floor":3},{"not_picked":["hermit:Grudge","hermit:TrackingShot"],"picked":"hermit:FinalCanter","floor":6},{"not_picked":["hermit:LuckOfTheDraw","hermit:ItchyTrigger"],"picked":"hermit:Quickdraw","floor":11},{"not_picked":["hermit:TrackingShot","hermit:ShadowCloak"],"picked":"hermit:WideOpen","floor":12},{"not_picked":["hermit:Snipe","hermit:Enervate"],"picked":"hermit:HighCaliber","floor":13},{"not_picked":["hermit:Adapt","hermit:TakeAim"],"picked":"hermit:Manifest","floor":14},{"not_picked":["hermit:HighNoon","hermit:FinalCanter"],"picked":"hubris:SpiceAddiction","floor":16},{"not_picked":["hubris:SpiceAddiction","hubris:SpiceAddiction"],"picked":"hermit:GoldenBullet","floor":17},{"not_picked":["hubris:SpiceAddiction","hermit:Coalescence+1"],"picked":"hermit:Headshot","floor":18},{"not_picked":["hubris:SpiceAddiction","hermit:Coalescence"],"picked":"hermit:Desperado","floor":21},{"not_picked":["Midas Touch","expansioncontent:DarkVoid"],"picked":"expansioncontent:DonusPower","floor":24},{"not_picked":["Violence","Replay:SS_hec_1"],"picked":"hubris:EnhanceAbility","floor":24},{"not_picked":["hermit:SprayPray","hermit:LoneWolf+1"],"picked":"hermit:GhostlyPresence+1","floor":29},{"not_picked":["hermit:Feint+1","hermit:Midnight","hubris:SpiceAddiction"],"picked":"SKIP","floor":31},{"not_picked":["hermit:Misfire","hermit:HighCaliber+1"],"picked":"hermit:FullyLoaded+1","floor":35},{"not_picked":["hubris:SpiceAddiction","hermit:CalledShot"],"picked":"hermit:Determination+1","floor":38},{"not_picked":["hermit:Virtue+1","hermit:Desperado+1"],"picked":"hermit:Manifest+1","floor":40},{"not_picked":["hermit:Deadeye","hermit:LuckOfTheDraw+1"],"picked":"hermit:Ricochet+1","floor":41}],"player_experience":659536,"relics_obtained":[{"floor":2,"key":"Bird Faced Urn"},{"floor":6,"key":"hubris:MedicalManual"},{"floor":9,"key":"Onion Ring"},{"floor":13,"key":"hubris:Spice"},{"floor":26,"key":"hubris:Spice"},{"floor":27,"key":"hubris:Spice"},{"floor":31,"key":"aspiration:Lifesprig"},{"floor":36,"key":"StoneCalendar"},{"floor":37,"key":"Iron Hammer"}],"event_choices":[{"damage_healed":0,"gold_gain":66,"player_choice":"Gained Gold","damage_taken":0,"max_hp_gain":0,"max_hp_loss":0,"event_name":"Golden Wing","floor":4,"gold_loss":0},{"damage_healed":20,"gold_gain":0,"player_choice":"Healed","damage_taken":0,"max_hp_gain":0,"max_hp_loss":0,"event_name":"The Cleric","floor":5,"gold_loss":35},{"damage_healed":0,"gold_gain":2,"player_choice":"1","damage_taken":0,"max_hp_gain":0,"max_hp_loss":0,"event_name":"betterStone:BetterStone","floor":24,"gold_loss":0},{"damage_healed":0,"gold_gain":0,"player_choice":"Inject Mutagens","damage_taken":0,"relics_obtained":["MutagenicStrength"],"max_hp_gain":0,"max_hp_loss":0,"event_name":"Drug Dealer","floor":28,"gold_loss":0},{"cards_removed":["hermit:FinalCanter"],"damage_healed":31,"gold_gain":0,"player_choice":"Offered Rare","damage_taken":0,"max_hp_gain":10,"max_hp_loss":0,"event_name":"Bonfire Elementals","floor":39,"gold_loss":0}],"is_beta":false,"boss_relics":[{"not_picked":["aspiration:SecretTechniqueScroll","hubris:Spice"],"picked":"Tiny House"},{"not_picked":["hubris:Spice","ReplayTheSpireMod:DimensionalGlitch"],"picked":"hubris:Spice"}],"items_purged_floors":[0,10],"is_endless":false,"potions_floor_spawned":[6,12,14,16,21,33,38,41],"killed_by":"Writhing Mass","ascension_level":2}}