{"host":"athd8lg4sftw81ak","time":1608519996,"event":{"mods":["BaseMod","Downfall","Hermit","Jorbs\u0027s Wanderer Trilogy","Minty Spire (QoL Compilation)","StSLib"],"gold_per_floor":[99,110,110,137,312,326,326,326,351,351,451,12,26,50,68,172,172,172,190,216,232,232,232,285,322,334,374,398,426,65,82,101,203,203,203,237,247,281,206,218,288,288,317,242,258,270,270,50,65,65],"floor_reached":51,"playtime":3798,"items_purged":["Doubt","champ:Strike","champ:Strike"],"score":918,"play_id":"79efa656-c3db-4ab4-9421-16fc7b75a59b","local_time":"20201220220636","is_ascension_mode":true,"campfire_choices":[{"data":"champ:Taunt","floor":1.0,"key":"SMITH"},{"data":"champ:PerfectedStrike","floor":3.0,"key":"SMITH"},{"data":"champ:Duel","floor":8.0,"key":"SMITH"},{"data":"champ:Balance","floor":10.0,"key":"SMITH"},{"data":"champ:IronFortress","floor":18.0,"key":"SMITH"},{"data":"champ:FlashCut","floor":23.0,"key":"SMITH"},{"data":"champ:DefensiveStyle","floor":26.0,"key":"SMITH"},{"floor":35,"key":"RECALL"},{"floor":39,"key":"REST"},{"floor":42,"key":"REST"},{"floor":44,"key":"REST"}],"circlet_count":0,"master_deck":["champ:Strike","champ:Strike","champ:Defend","champ:Defend","champ:Defend","champ:Defend","champ:Execute","champ:Taunt+1","champ:PerfectedStrike+1","champ:Encircle","champ:DefensiveShout","champ:Duel+1","champ:Balance+1","champ:BladeFlurry","champ:VampiricStrike","champ:IronFortress+1","champ:AdrenalArmor","champ:FanOfKnives","champ:FlashCut+1","champ:CrookedStrike","champ:LastStand","champ:VampiricStrike","champ:CrookedStrike+1","champ:FocusedBerserking","champ:Backstep","champ:DefensiveStyle+1","champ:GutPunch","champ:EndlessRage","champ:PerfectedStrike","champ:IgnorePain","champ:Haymaker","champ:CalledShot","champ:SwordSigil","champ:GladiatorStyle+1","champ:Improvising","champ:GladiatorStyle+1","champ:PreciseThrust+1","champ:FlashCut+1","champ:ShieldWall","champ:StanceDance+1","expansioncontent:DefensiveStance","champ:Circumvent+1","champ:Backstep+1","champ:RageSigil+1"],"relics":["champ:ChampionCrown","Darkstone Periapt","Eternal Feather","Pear","CloakClasp","Odd Mushroom","Black Star","Vajra","Calipers","MawBank","champ:GladiatorsBookOfMartialProwess","Torii","Matryoshka","Orichalcum","Fusion Hammer","Strawberry","Bird Faced Urn","Pen Nib","Blood Vial","downfall:HeartBlessingRed","Regal Pillow","Blue Candle","Pantograph","Toxic Egg 2","downfall:HeartBlessingGreen","Kunai"],"acts_visited":["Exordium","TheCity","TheBeyond"],"potions_floor_usage":[31,33,33,43,45,50],"damage_taken":[{"damage":7.0,"enemies":"2 Louse","floor":2.0,"turns":3.0},{"damage":16.0,"enemies":"Gremlin Nob","floor":4.0,"turns":3.0},{"damage":7.0,"enemies":"Small Slimes","floor":6.0,"turns":4.0},{"damage":26.0,"enemies":"Lagavulin","floor":9.0,"turns":6.0},{"damage":23.0,"enemies":"Lagavulin","floor":11.0,"turns":10.0},{"damage":7.0,"enemies":"downfall:FleeingMerchant","floor":12.0,"turns":4.0},{"damage":3.0,"enemies":"Cultist","floor":13.0,"turns":2.0},{"damage":8.0,"enemies":"The Mushroom Lair","floor":14.0,"turns":3.0},{"damage":4.0,"enemies":"Exordium Wildlife","floor":15.0,"turns":2.0},{"damage":66.0,"enemies":"downfall:Defect","floor":16.0,"turns":9.0},{"damage":16.0,"enemies":"3 Byrds","floor":19.0,"turns":6.0},{"damage":25.0,"enemies":"Slavers","floor":20.0,"turns":7.0},{"damage":9.0,"enemies":"Chosen","floor":21.0,"turns":4.0},{"damage":60.0,"enemies":"Gremlin Leader","floor":25.0,"turns":9.0},{"damage":15.0,"enemies":"Book of Stabbing","floor":27.0,"turns":6.0},{"damage":11.0,"enemies":"Shelled Parasite and Fungi","floor":28.0,"turns":6.0},{"damage":4,"enemies":"Snake Plant","floor":29,"turns":3},{"damage":2,"enemies":"downfall:FleeingMerchant","floor":30,"turns":4},{"damage":8,"enemies":"3 Cultists","floor":31,"turns":4},{"damage":0,"enemies":"Snecko","floor":32,"turns":4},{"damage":41,"enemies":"downfall:Ironclad","floor":33,"turns":8},{"damage":57,"enemies":"Giant Head","floor":36,"turns":9},{"damage":35,"enemies":"3 Darklings","floor":37,"turns":6},{"damage":24,"enemies":"Nemesis","floor":38,"turns":7},{"damage":1,"enemies":"Orb Walker","floor":40,"turns":3},{"damage":41,"enemies":"Giant Head","floor":43,"turns":10},{"damage":22,"enemies":"4 Shapes","floor":45,"turns":4},{"damage":29,"enemies":"Jaw Worm Horde","floor":46,"turns":4},{"damage":2,"enemies":"downfall:FleeingMerchant","floor":48,"turns":4},{"damage":7,"enemies":"Maw","floor":49,"turns":8},{"damage":53,"enemies":"downfall:Silent","floor":50,"turns":10}],"seed_played":"864978869846541220","potions_obtained":[{"floor":2.0,"key":"DuplicationPotion"},{"floor":11.0,"key":"hexamod:EctoCoolerPotion"},{"floor":14.0,"key":"GamblersBrew"},{"floor":15.0,"key":"FairyPotion"},{"floor":22.0,"key":"EntropicBrew"},{"floor":22.0,"key":"Guardian:BlockOnCardUsePotion"},{"floor":28.0,"key":"Dexterity Potion"},{"floor":29,"key":"hexamod:EctoCoolerPotion"},{"floor":32,"key":"LiquidMemories"},{"floor":37,"key":"Explosive Potion"},{"floor":38,"key":"Dexterity Potion"},{"floor":45,"key":"PowerPotion"},{"floor":46,"key":"Weak Potion"}],"is_trial":false,"path_per_floor":["R","M","R","E","?","M","T","R","E","R","?","$","M","?","M","B",null,"R","M","E","M","?","R","T","E","R","E","M","M","$","M","M","B",null,"R","E","M","E","R","M","T","R","E","R","M","M","?","$","M","B",null],"character_chosen":"THE_CHAMP","items_purchased":["champ:VampiricStrike","champ:IronFortress","champ:AdrenalArmor","champ:FanOfKnives","SpeedPotion","champ:IgnorePain","champ:Haymaker","champ:CalledShot","Kunai","expansioncontent:DefensiveStance","champ:Circumvent+1","champ:Backstep+1"],"campfire_rested":3,"item_purchase_floors":[12,12,12,12,12,30,30,30,48,48,48,48],"current_hp_per_floor":[90,88,88,74,80,80,80,89,78,87,71,71,81,79,77,57,106,106,104,98,106,106,106,106,86,101,106,106,106,106,106,106,93,106,106,113,113,113,113,113,113,113,90,113,113,113,113,113,113,113],"gold":65,"neow_bonus":"THREE_CARDS","is_daily":false,"chose_seed":false,"campfire_upgraded":7,"win_rate":0.0,"timestamp":1608519996,"path_taken":["R","M","R","E","?","M","T","R","E","R","?","$","M","?","M","BOSS","R","M","E","M","?","R","T","E","R","E","M","M","?","M","M","BOSS","R","E","M","E","R","M","T","R","E","R","M","M","?","$","M","BOSS"],"items_purchased_type":["Card","Card","Card","Card","Potion","Card","Card","Card","Relic","Card","Card","Card"],"build_version":"2020-12-13","purchased_purges":3,"victory":true,"max_hp_per_floor":[90,90,90,90,96,96,96,96,106,106,106,106,106,106,106,106,106,106,106,106,106,106,106,106,106,106,106,106,106,106,106,106,106,106,106,113,113,113,113,113,113,113,113,113,113,113,113,113,113,113],"card_choices":[{"not_picked":["champ:GladiatorsShout","champ:CrookedStrike"],"picked":"champ:PerfectedStrike","floor":0.0},{"not_picked":["champ:DefensiveShout","champ:GladiatorsShout"],"picked":"champ:Encircle","floor":2.0},{"not_picked":["champ:ShieldWall","champ:BringItOn"],"picked":"champ:DefensiveShout","floor":4.0},{"not_picked":["champ:EndlessRage","champ:Haymaker"],"picked":"champ:Duel","floor":6.0},{"not_picked":["champ:StanceDance","champ:DefensiveShout"],"picked":"champ:Balance","floor":9.0},{"not_picked":["champ:ShieldSigil","champ:GladiatorsShout"],"picked":"champ:BladeFlurry","floor":11.0},{"not_picked":["champ:Balance","champ:Circumvent","champ:BladeFlurry"],"picked":"SKIP","floor":12.0},{"not_picked":["champ:Circumvent","champ:FanOfKnives"],"picked":"champ:FlashCut","floor":13.0},{"not_picked":["champ:DefensiveShout","champ:FalseCounter"],"picked":"champ:CrookedStrike","floor":14.0},{"not_picked":["champ:FanOfKnives","champ:RecklessLeap"],"picked":"champ:LastStand","floor":15.0},{"not_picked":["champ:LastStand","champ:SwordThrow"],"picked":"champ:VampiricStrike","floor":16.0},{"not_picked":["champ:FanOfKnives+1","champ:Circumvent"],"picked":"champ:CrookedStrike+1","floor":19.0},{"not_picked":["champ:BerserkersShout","champ:TornadoPunch+1"],"picked":"champ:FocusedBerserking","floor":20.0},{"not_picked":["champ:GladiatorStyle","champ:SkillfulDodge"],"picked":"champ:Backstep","floor":21.0},{"not_picked":["champ:AdrenalArmor","champ:CrookedStrike+1"],"picked":"champ:DefensiveStyle","floor":25.0},{"not_picked":["champ:Improvising","champ:ShieldSigil"],"picked":"champ:GutPunch","floor":27.0},{"not_picked":["champ:BladeFlurry+1","champ:Circumvent","champ:Encircle"],"picked":"SKIP","floor":28.0},{"not_picked":["champ:EnragedBash","champ:Circumvent"],"picked":"champ:EndlessRage","floor":29},{"not_picked":["champ:Backstep","champ:Circumvent"],"picked":"champ:PerfectedStrike","floor":30},{"not_picked":["champ:Balance","champ:GladiatorsShout+1"],"picked":"champ:SwordSigil","floor":31},{"not_picked":["champ:BladeFlurry","champ:SwordSigil"],"picked":"champ:GladiatorStyle+1","floor":32},{"not_picked":["champ:Devastate","champ:IgnorePain"],"picked":"champ:Improvising","floor":33},{"not_picked":["champ:PerfectedStrike+1","champ:BladeFlurry+1"],"picked":"champ:GladiatorStyle+1","floor":36},{"not_picked":["champ:SwordSigil","champ:GladiatorsShout","champ:BerserkerStyle"],"picked":"SKIP","floor":37},{"not_picked":["champ:SkillfulDodge+1","champ:DefensiveStyle"],"picked":"champ:PreciseThrust+1","floor":38},{"not_picked":["champ:DefensiveStyle+1","champ:GutPunch+1"],"picked":"champ:FlashCut+1","floor":40},{"not_picked":["champ:BladeFlurry+1","champ:FlashCut+1"],"picked":"champ:ShieldWall","floor":43},{"not_picked":["champ:BerserkersShout+1","champ:Balance+1","champ:GladiatorsShout+1"],"picked":"SKIP","floor":45},{"not_picked":["champ:EnGarde+1","champ:FlashCut","champ:ShieldWall"],"picked":"SKIP","floor":46},{"not_picked":["champ:Encircle+1","champ:AdrenalArmor+1"],"picked":"champ:StanceDance+1","floor":48},{"not_picked":["champ:Circumvent+1","champ:DefensiveShout+1"],"picked":"champ:RageSigil+1","floor":49}],"player_experience":564456,"relics_obtained":[{"floor":4.0,"key":"Darkstone Periapt"},{"floor":7.0,"key":"Eternal Feather"},{"floor":9.0,"key":"Pear"},{"floor":11.0,"key":"CloakClasp"},{"floor":14.0,"key":"Odd Mushroom"},{"floor":20.0,"key":"Vajra"},{"floor":20.0,"key":"Calipers"},{"floor":24.0,"key":"MawBank"},{"floor":25.0,"key":"champ:GladiatorsBookOfMartialProwess"},{"floor":25.0,"key":"Torii"},{"floor":27.0,"key":"Matryoshka"},{"floor":27.0,"key":"Orichalcum"},{"floor":36,"key":"Strawberry"},{"floor":36,"key":"Bird Faced Urn"},{"floor":38,"key":"Pen Nib"},{"floor":38,"key":"Blood Vial"},{"floor":41,"key":"Regal Pillow"},{"floor":41,"key":"Blue Candle"},{"floor":43,"key":"Pantograph"},{"floor":43,"key":"Toxic Egg 2"}],"event_choices":[{"damage_healed":0.0,"max_hp_gain":0.0,"max_hp_loss":0.0,"gold_gain":0.0,"event_name":"Mushrooms","player_choice":"Fought Mushrooms","floor":14.0,"gold_loss":0.0,"damage_taken":0.0},{"damage_healed":0.0,"max_hp_gain":0.0,"max_hp_loss":0.0,"gold_gain":0.0,"event_name":"Lab","player_choice":"Got Potions","floor":22.0,"gold_loss":0.0,"damage_taken":0.0}],"is_beta":false,"boss_relics":[{"not_picked":["Calling Bell","Tiny House"],"picked":"Black Star"},{"not_picked":["champ:ChampionCrownUpgraded","Pandora\u0027s Box"],"picked":"Fusion Hammer"}],"items_purged_floors":[12,30,48],"is_endless":false,"potions_floor_spawned":[2,11,14,15,28,29,32,37,38,45,46,49],"ascension_level":1}}