{"host":"hfvpa4llnnjpeawn","time":1608525271,"event":{"mods":["2.2 Compatiblity","AchievementEnabler","Act Like it!","Aspiration","Bard","BaseMod","Beaked The Cultist","Better Sensory Stone","Better Skull","Better Third Choice","BetterRewards","CapriCore","Conspire","Downfall","Elementarium","Energized Spire","Hermit","Hubris","Jorbs\u0027s Wanderer Trilogy","Koishi","Lobotomy","LobotomyExtend","Minty Spire (QoL Compilation)","Replay The Spire","Shade Mod","Spicy Shops","StSLib","The Bladedancer","The Factory","The Gatherer","The Jungle","The Marked","Waifu the Spire","Wandering Minibosses"],"gold_per_floor":[18,31,31,31,50,50,75,95,95,95,95],"floor_reached":10,"playtime":456,"items_purged":[],"score":68,"play_id":"ca5fd807-4c87-4237-94a3-a1d78bcc0bb0","local_time":"20201220233431","is_ascension_mode":false,"campfire_choices":[{"floor":6,"key":"REST"}],"circlet_count":0,"master_deck":["theMarked:Strike+1","theMarked:Strike","theMarked:Strike","theMarked:Strike","theMarked:Strike","theMarked:Defend","theMarked:Defend","theMarked:Defend","theMarked:Defend","theMarked:SoldierOfQuellstein+1","theMarked:SwordAndMagic","theMarked:RogueSparks"],"relics":["theMarked:ArtifactOfAir","conspire:InfiniteJournal","LetterFromLob","Singing Bowl","Nunchaku","Replay:Ringing Soul"],"acts_visited":["Exordium"],"potions_floor_usage":[],"damage_taken":[{"damage":0,"enemies":"conspire:RoseBush","floor":1,"turns":3},{"damage":8,"enemies":"Jaw Worm","floor":2,"turns":4},{"damage":4,"enemies":"Small Slimes","floor":5,"turns":3},{"damage":27,"enemies":"Gremlin Nob","floor":7,"turns":4},{"damage":9,"enemies":"Blue Slaver","floor":8,"turns":3},{"damage":34,"enemies":"3 Sentries","floor":10,"turns":6}],"seed_played":"-3352369388290019004","potions_obtained":[],"is_trial":false,"path_per_floor":["M","M","?","T","M","R","E","M","T","E"],"character_chosen":"THE_DEFAULT","items_purchased":[],"campfire_rested":1,"item_purchase_floors":[],"current_hp_per_floor":[70,62,48,48,44,65,40,33,33,0,0],"gold":95,"neow_bonus":"ONE_RARE_RELIC","is_daily":false,"chose_seed":false,"campfire_upgraded":0,"win_rate":0.0,"timestamp":1608525271,"path_taken":["M","M","?","?","M","R","E","M","T","E"],"items_purchased_type":[],"build_version":"2020-12-13","purchased_purges":0,"victory":false,"max_hp_per_floor":[70,70,70,70,70,70,72,74,74,74,74],"card_choices":[{"not_picked":["theMarked:Improvise","theMarked:Parkour","theMarked:BanishingStrike"],"picked":"SKIP","floor":1},{"not_picked":["theMarked:Overthink","theMarked:LightningStrikesTwice"],"picked":"theMarked:SwordAndMagic","floor":2},{"not_picked":["theMarked:Reabsorb","theMarked:RepellingDischarge"],"picked":"theMarked:RogueSparks","floor":5},{"not_picked":["theMarked:SwordAndMagic","theMarked:RepellingDischarge","theMarked:WardOff"],"picked":"Singing Bowl","floor":7},{"not_picked":["theMarked:Improvise","theMarked:Electrocute","theMarked:RepellingDischarge"],"picked":"Singing Bowl","floor":8}],"player_experience":300066,"relics_obtained":[{"floor":1,"key":"LetterFromLob"},{"floor":4,"key":"Singing Bowl"},{"floor":7,"key":"Nunchaku"},{"floor":9,"key":"Replay:Ringing Soul"}],"event_choices":[{"damage_healed":62,"gold_gain":0,"player_choice":"Upgrade","damage_taken":14,"max_hp_gain":0,"max_hp_loss":70,"event_name":"betterThird:BetterShining","floor":3,"gold_loss":0,"cards_upgraded":["theMarked:Strike","theMarked:SoldierOfQuellstein"]}],"is_beta":false,"boss_relics":[],"items_purged_floors":[],"is_endless":false,"potions_floor_spawned":[],"killed_by":"3 Sentries","ascension_level":0}}