{"host":"is2s59edl8twrhoj","time":1608545374,"event":{"mods":["BaseMod","Colored Map","Colored Powertips","DeckTracker","Downfall","Minty Spire (QoL Compilation)","StSLib"],"gold_per_floor":[99,112,124,144,174,31,85,85,85,85,85,103,117,136,147,250,250,250,250,250,281,281,60,60,71,98,117,132,145,80,80,90,90,90,90],"floor_reached":33,"playtime":2254,"items_purged":["hexamod:Strike","hexamod:Strike","hexamod:Defend"],"score":314,"play_id":"f09f0c45-5548-4df2-8e27-aba8f0ad6f2e","local_time":"20201221100934","is_ascension_mode":false,"campfire_choices":[{"data":"hexamod:Sear","floor":1.0,"key":"SMITH"},{"data":"hexamod:RainOfEmbers","floor":8.0,"key":"SMITH"},{"data":"hexamod:AdvancingGuard","floor":10.0,"key":"SMITH"},{"data":"hexamod:HeatShield","floor":18,"key":"SMITH"},{"data":"hexamod:HeatCrush","floor":20,"key":"SMITH"},{"data":"hexamod:Firestarter","floor":22,"key":"SMITH"}],"circlet_count":0,"master_deck":["hexamod:Strike","hexamod:Strike","hexamod:Defend","hexamod:Defend","hexamod:Defend","hexamod:Sear+1","hexamod:Float+1","hexamod:HeatCrush+1","hexamod:HeatShield+1","hexamod:StepThrough","hexamod:AdvancingGuard+1","hexamod:RainOfEmbers+1","hexamod:AdvancingGuard","hexamod:Hexaguard","hexamod:Firestarter+1","hexamod:ThermalTransfer","hexamod:PhantomCloak","hexamod:GhostflameBarrier","hexamod:ExtraCrispy","hexamod:ChargedBarrage"],"relics":["hexamod:SpiritBrand","Smiling Mask","Potion Belt","Strawberry","Velvet Choker","Akabeko","Mercury Hourglass","Unceasing Top"],"acts_visited":["Exordium","TheCity"],"potions_floor_usage":[16,16,16,16,21,26,33,33,33],"damage_taken":[{"damage":0.0,"enemies":"Cultist","floor":2.0,"turns":3.0},{"damage":2.0,"enemies":"Small Slimes","floor":3.0,"turns":3.0},{"damage":2.0,"enemies":"2 Louse","floor":4.0,"turns":4.0},{"damage":22.0,"enemies":"3 Sentries","floor":5.0,"turns":9.0},{"damage":0.0,"enemies":"downfall:FleeingMerchant","floor":6.0,"turns":4.0},{"damage":6,"enemies":"Exordium Wildlife","floor":12,"turns":3},{"damage":0,"enemies":"Blue Slaver","floor":13,"turns":4},{"damage":0,"enemies":"Gremlin Gang","floor":14,"turns":6},{"damage":0,"enemies":"Lots of Slimes","floor":15,"turns":5},{"damage":22,"enemies":"downfall:Silent","floor":16,"turns":9},{"damage":33,"enemies":"Gremlin Leader","floor":21,"turns":6},{"damage":2,"enemies":"downfall:FleeingMerchant","floor":23,"turns":4},{"damage":0,"enemies":"3 Byrds","floor":25,"turns":5},{"damage":13,"enemies":"Slavers","floor":26,"turns":3},{"damage":0,"enemies":"Spheric Guardian","floor":27,"turns":5},{"damage":0,"enemies":"Chosen and Byrds","floor":28,"turns":5},{"damage":9,"enemies":"Snecko","floor":29,"turns":4},{"damage":0,"enemies":"downfall:FleeingMerchant","floor":30,"turns":4},{"damage":4,"enemies":"Snake Plant","floor":32,"turns":4},{"damage":23,"enemies":"downfall:Watcher","floor":33,"turns":4}],"seed_played":"7477485216402023766","potions_obtained":[{"floor":2.0,"key":"GamblersBrew"},{"floor":4.0,"key":"Swift Potion"},{"floor":13,"key":"PowerPotion"},{"floor":15,"key":"Block Potion"},{"floor":16,"key":"Explosive Potion"},{"floor":27,"key":"SmokeBomb"},{"floor":28,"key":"hexamod:EctoCoolerPotion"},{"floor":29,"key":"SkillPotion"},{"floor":31,"key":"CultistPotion"}],"is_trial":false,"path_per_floor":["R","M","M","M","E","$","T","R","?","R","?","M","M","M","M","B",null,"R","?","R","E","R","$","T","M","E","M","M","M","$","?","M","B"],"character_chosen":"THE_SPIRIT","items_purchased":["hexamod:AdvancingGuard","hexamod:RainOfEmbers","DuplicationPotion","hexamod:PhantomCloak"],"campfire_rested":0,"item_purchase_floors":[6,6,23,23],"current_hp_per_floor":[70,70,68,66,44,44,44,44,33,33,33,27,27,27,27,5,77,77,77,77,44,44,42,42,42,29,29,29,20,20,20,16,0,0,0],"gold":90,"neow_bonus":"UPGRADE_CARD","is_daily":false,"chose_seed":false,"campfire_upgraded":6,"win_rate":0.0,"timestamp":1608545374,"path_taken":["R","M","?","M","E","$","T","R","?","R","?","M","M","?","M","BOSS","R","?","R","E","R","$","T","M","E","M","M","M","$","?","M","BOSS"],"items_purchased_type":["Card","Card","Potion","Card"],"build_version":"2020-12-13","purchased_purges":3,"victory":false,"max_hp_per_floor":[70,70,70,70,70,70,70,70,77,77,77,77,77,77,77,77,77,77,77,77,77,77,77,77,77,77,77,77,77,77,77,77,77,77,77],"card_choices":[{"not_picked":["hexamod:FastForward","hexamod:ThermalTransfer"],"picked":"hexamod:HeatCrush","floor":2.0},{"not_picked":["hexamod:GhostShield","hexamod:SwordOfDarkness","hexamod:AdvancingGuard"],"picked":"SKIP","floor":3.0},{"not_picked":["hexamod:NightmareGuise","hexamod:SwordOfDarkness"],"picked":"hexamod:HeatShield","floor":4.0},{"not_picked":["hexamod:SwordOfDarkness","hexamod:PhantomFireball"],"picked":"hexamod:StepThrough","floor":5.0},{"not_picked":["hexamod:Again","hexamod:PhantomCloak","hexamod:NightmareStrike"],"picked":"SKIP","floor":6.0},{"not_picked":["hexamod:ShieldOfDarkness","hexamod:Rewind"],"picked":"hexamod:AdvancingGuard","floor":12},{"not_picked":["hexamod:BacktrackSmack","hexamod:SpectersWail"],"picked":"hexamod:Hexaguard","floor":13},{"not_picked":["hexamod:SixthSeal","hexamod:InspiringFlames","hexamod:ShieldOfDarkness"],"picked":"SKIP","floor":14},{"not_picked":["hexamod:PhantomFireball","hexamod:Rewind"],"picked":"hexamod:Firestarter","floor":15},{"not_picked":["hexamod:GhostOfSpirePresent","hexamod:FlamesFromBeyond","hexamod:SecondSeal"],"picked":"SKIP","floor":21},{"not_picked":["hexamod:GhostOfSpirePresent","hexamod:FlamesFromBeyond","hexamod:SecondSeal"],"picked":"SKIP","floor":21},{"not_picked":["hexamod:GhostShield+1","hexamod:FastForward"],"picked":"hexamod:ThermalTransfer","floor":23},{"not_picked":["hexamod:ShieldOfDarkness+1","hexamod:HauntingEcho+1","hexamod:HeatCrush"],"picked":"SKIP","floor":25},{"not_picked":["hexamod:FlamesFromBeyond","hexamod:SwordOfDarkness","hexamod:SpectersWail"],"picked":"SKIP","floor":26},{"not_picked":["hexamod:ThermalTransfer+1","hexamod:ThirdSeal"],"picked":"hexamod:GhostflameBarrier","floor":27},{"not_picked":["hexamod:HauntingEcho","hexamod:AdvancingGuard+1"],"picked":"hexamod:ExtraCrispy","floor":28},{"not_picked":["hexamod:BurningTouch","hexamod:EmpoweredFlame"],"picked":"hexamod:ChargedBarrage","floor":29},{"not_picked":["hexamod:TurnItUp","hexamod:InspiringFlames+1","hexamod:NightmareGuise+1"],"picked":"SKIP","floor":30},{"not_picked":["hexamod:ChargedBarrage","hexamod:Rewind+1","hexamod:SoulSteal"],"picked":"SKIP","floor":32}],"player_experience":665762,"relics_obtained":[{"floor":5.0,"key":"Smiling Mask"},{"floor":7.0,"key":"Potion Belt"},{"floor":21,"key":"Akabeko"},{"floor":24,"key":"Mercury Hourglass"},{"floor":26,"key":"Unceasing Top"}],"event_choices":[{"damage_healed":0.0,"max_hp_gain":0.0,"max_hp_loss":0.0,"gold_gain":0.0,"event_name":"Scrap Ooze","player_choice":"Success","floor":9.0,"gold_loss":0.0,"damage_taken":18.0,"relics_obtained":["Strawberry"]}],"is_beta":false,"boss_relics":[{"not_picked":["Sozu","Snecko Eye"],"picked":"Velvet Choker"}],"items_purged_floors":[6,23,30],"is_endless":false,"potions_floor_spawned":[2,4,13,15,16,27,28,29],"killed_by":"downfall:Watcher","ascension_level":0}}