{"host":"6pgtslebjnyv5xmi","time":1608564073,"event":{"mods":["AchievementEnabler","BaseMod","Colored Map","Minty Spire (QoL Compilation)","Rare Cards Sparkle","SuperFastMode","everything is the same but u backflip on backflip"],"gold_per_floor":[111,111,111,186,32,62,62,92,92,17,17,42,84,108,120,235,247,275,287,40,59,75,75,87,87,87,100,111,61,61,61],"floor_reached":30,"playtime":1406,"items_purged":["Strike_G","Strike_G"],"score":356,"play_id":"1c9fe9d4-1723-430b-8816-c82d58cc94e7","local_time":"20201222002113","is_ascension_mode":true,"campfire_choices":[{"data":"Bullet Time","floor":15,"key":"SMITH"},{"data":"Bouncing Flask","floor":23,"key":"SMITH"}],"circlet_count":0,"master_deck":["Strike_G","Defend_G","Defend_G","Defend_G","Defend_G","Defend_G","Survivor","Neutralize","Cloak And Dagger","Die Die Die","PiercingWail","Footwork","Bouncing Flask+1","Bullet Time+1","Corpse Explosion","Writhe","Deadly Poison","Sadistic Nature","Deadly Poison"],"relics":["Ring of the Snake","NeowsBlessing","Ancient Tea Set","Blue Candle","MawBank","Odd Mushroom","SlaversCollar","Strawberry","Membership Card","Nloth\u0027s Gift"],"acts_visited":["Exordium","TheCity"],"potions_floor_usage":[16,16,18,21,28],"damage_taken":[{"damage":0,"enemies":"2 Louse","floor":1,"turns":1},{"damage":0,"enemies":"Gremlin Nob","floor":6,"turns":1},{"damage":0,"enemies":"Lagavulin","floor":8,"turns":1},{"damage":0,"enemies":"Jaw Worm","floor":12,"turns":10},{"damage":8,"enemies":"The Mushroom Lair","floor":13,"turns":6},{"damage":0,"enemies":"Small Slimes","floor":14,"turns":2},{"damage":13,"enemies":"Hexaghost","floor":16,"turns":10},{"damage":30,"enemies":"2 Thieves","floor":18,"turns":4},{"damage":11,"enemies":"Shell Parasite","floor":21,"turns":7},{"damage":10,"enemies":"Centurion and Healer","floor":22,"turns":4},{"damage":27,"enemies":"Snake Plant","floor":24,"turns":4},{"damage":7,"enemies":"Cultist and Chosen","floor":27,"turns":4},{"damage":16,"enemies":"Centurion and Healer","floor":28,"turns":4},{"damage":15,"enemies":"3 Cultists","floor":30,"turns":3}],"seed_played":"-6804215131482003522","potions_obtained":[{"floor":1,"key":"EssenceOfSteel"},{"floor":6,"key":"Weak Potion"},{"floor":16,"key":"Poison Potion"},{"floor":18,"key":"Regen Potion"},{"floor":21,"key":"Fire Potion"}],"is_trial":false,"path_per_floor":["M","?","?","?","$","E","?","E","T","$","T","M","?","M","R","B",null,"M","?","$","M","M","R","M","?","T","M","M","$","M"],"character_chosen":"THE_SILENT","items_purchased":["Die Die Die","Membership Card","Deadly Poison","Sadistic Nature"],"campfire_rested":0,"item_purchase_floors":[5,20,20,20],"current_hp_per_floor":[70,70,63,52,52,52,57,57,67,67,67,67,59,59,59,46,85,55,62,62,66,56,56,29,29,29,22,6,6,0,0],"gold":61,"neow_bonus":"THREE_ENEMY_KILL","is_daily":false,"chose_seed":false,"campfire_upgraded":2,"win_rate":0.0,"timestamp":1608564073,"path_taken":["M","?","?","?","$","E","?","E","T","$","?","M","?","M","R","BOSS","M","?","$","M","M","R","M","?","T","M","M","$","M"],"items_purchased_type":["Card","Relic","Card","Card"],"build_version":"2020-12-13","purchased_purges":2,"victory":false,"max_hp_per_floor":[70,70,70,70,70,70,75,75,85,85,85,85,85,85,85,85,85,85,92,92,92,92,92,92,92,92,92,92,92,92,92],"card_choices":[{"not_picked":["Choke","Underhanded Strike","Bane"],"picked":"SKIP","floor":1},{"not_picked":["Slice","Sucker Punch"],"picked":"PiercingWail","floor":6},{"not_picked":["Tactician","Dagger Throw"],"picked":"Footwork","floor":8},{"not_picked":["Expertise","Catalyst","Slice"],"picked":"SKIP","floor":12},{"not_picked":["Dagger Spray","Deadly Poison"],"picked":"Bouncing Flask","floor":13},{"not_picked":["Quick Slash","Well Laid Plans"],"picked":"Bullet Time","floor":14},{"not_picked":["Tools of the Trade","Bullet Time"],"picked":"Corpse Explosion","floor":16},{"not_picked":["Crippling Poison","Dagger Spray+1","Finisher+1"],"picked":"SKIP","floor":18},{"not_picked":["Backflip","Quick Slash","Bane"],"picked":"SKIP","floor":21},{"not_picked":["Dagger Spray+1","Acrobatics"],"picked":"Deadly Poison","floor":22},{"not_picked":["Underhanded Strike","Bane","Finisher+1"],"picked":"SKIP","floor":24},{"not_picked":["Calculated Gamble","Dagger Throw","Concentrate+1"],"picked":"SKIP","floor":27},{"not_picked":["Infinite Blades","Bane","Cloak And Dagger+1"],"picked":"SKIP","floor":28}],"player_experience":341317,"relics_obtained":[{"floor":6,"key":"Ancient Tea Set"},{"floor":8,"key":"Blue Candle"},{"floor":9,"key":"Pear"},{"floor":11,"key":"MawBank"},{"floor":13,"key":"Odd Mushroom"}],"event_choices":[{"damage_healed":0,"gold_gain":0,"cards_transformed":["Strike_G"],"player_choice":"Change","damage_taken":0,"max_hp_gain":0,"max_hp_loss":0,"event_name":"Living Wall","floor":2,"gold_loss":0,"cards_obtained":["Cloak And Dagger"]},{"cards_removed":["Strike_G"],"damage_healed":0,"gold_gain":0,"player_choice":"Card Removal","damage_taken":7,"max_hp_gain":0,"max_hp_loss":0,"event_name":"Golden Wing","floor":3,"gold_loss":0},{"damage_healed":0,"gold_gain":75,"player_choice":"Gather Gold","damage_taken":11,"max_hp_gain":0,"max_hp_loss":0,"event_name":"World of Goop","floor":4,"gold_loss":0},{"damage_healed":0,"gold_gain":0,"player_choice":"Donut","damage_taken":0,"max_hp_gain":5,"max_hp_loss":0,"event_name":"Big Fish","floor":7,"gold_loss":0},{"damage_healed":0,"gold_gain":0,"player_choice":"Fought Mushrooms","damage_taken":0,"max_hp_gain":0,"max_hp_loss":0,"event_name":"Mushrooms","floor":13,"gold_loss":0},{"damage_healed":0,"gold_gain":0,"player_choice":"Opened","damage_taken":0,"relics_obtained":["Strawberry"],"max_hp_gain":0,"max_hp_loss":0,"event_name":"The Mausoleum","floor":19,"gold_loss":0,"cards_obtained":["Writhe"]},{"damage_healed":0,"gold_gain":0,"player_choice":"Traded Relic","damage_taken":0,"relics_obtained":["Nloth\u0027s Gift"],"max_hp_gain":0,"max_hp_loss":0,"event_name":"N\u0027loth","floor":25,"relics_lost":["Pear"],"gold_loss":0}],"is_beta":false,"boss_relics":[{"not_picked":["Fusion Hammer","Sozu"],"picked":"SlaversCollar"}],"items_purged_floors":[10,29],"is_endless":false,"potions_floor_spawned":[1,6,16,18,21],"killed_by":"3 Cultists","ascension_level":3}}