{"host":"6h0diz2ap0m56grs","time":1608585751,"event":{"mods":["2.2 Compatiblity","BaseMod","Colored Map","Marisa????????","Minty Spire (QoL Compilation)","Quick Restart","Replay The Spire","Shop Mod","StSLib","The Servant 0.9.4"],"gold_per_floor":[116,127,127,127,144,179,205,234,234,264,264,295,328,328,328,429,429,449,449,449,449,449,481,501,526,526,526,526,560,601,641,653,765,777,802,828,858,870,901,942,979,1018,1030,1042,1054,672,672,101,101,101],"floor_reached":51,"playtime":1441,"items_purged":[],"score":1355,"play_id":"db4b3ce3-af21-4bcf-891d-e5283ad6eb07","local_time":"20201221152231","daily_mods":["SealedDeck","Heirloom","Time Dilation","Flight"],"is_ascension_mode":true,"campfire_choices":[{"data":"Draining Mist","floor":11,"key":"SMITH"},{"data":"Bouncing Flask","floor":15,"key":"SMITH"},{"data":"Replay:Poison Smokescreen","floor":28,"key":"SMITH"},{"data":"Replay:Poison Smokescreen","floor":32,"key":"SMITH"},{"data":"Replay:Poison Smokescreen","floor":44,"key":"SMITH"},{"data":"Noxious Fumes","floor":47,"key":"SMITH"},{"data":"Malaise","floor":49,"key":"SMITH"}],"circlet_count":0,"master_deck":["Backflip","All Out Attack","Fluid Movement","Backflip","Blur","Dagger Spray","Leg Sweep","Catalyst+1","Dash+1","Bouncing Flask+1","Leg Sweep","Atom Bomb+1","Burst","Draining Mist+1","Riddle With Holes","Bullet Time","Replay:Poison Smokescreen+1","Replay:Poison Smokescreen+1","Replay:Poison Smokescreen+1","Crippling Poison","Malaise+1","Draining Mist","Poisoned Stab+1","Leg Sweep","Noxious Fumes+1","Noxious Fumes"],"relics":["Snecko Eye","Ring of Chaos","replay:Trail_Library","Torii","Smiling Mask","Mercury Hourglass","Centennial Puzzle","Happy Flower","Vajra","Omamori","Sozu","The Courier","Chameleon Ring","Kunai","Philosopher\u0027s Stone","Singing Bowl","Replay:Mystery Machine","ReplayTheSpireMod:Lightbulb","MerchantsRug","Chemical X","Ornamental Fan","Replay:Bottled Flurry","Frozen Eye","InkBottle","Garlic"],"acts_visited":["Exordium","TheCity","TheBeyond"],"potions_floor_usage":[50,50,50],"damage_taken":[{"damage":0,"enemies":"Jaw Worm","floor":1,"turns":2},{"damage":0,"enemies":"2 Louse","floor":2,"turns":1},{"damage":0,"enemies":"Small Slimes","floor":5,"turns":2},{"damage":0,"enemies":"Gremlin Nob","floor":6,"turns":3},{"damage":0,"enemies":"Lagavulin","floor":7,"turns":2},{"damage":0,"enemies":"Gremlin Nob","floor":8,"turns":1},{"damage":0,"enemies":"Lagavulin","floor":10,"turns":3},{"damage":7,"enemies":"3 Sentries","floor":12,"turns":3},{"damage":0,"enemies":"Gremlin Nob","floor":13,"turns":1},{"damage":0,"enemies":"Hexaghost","floor":16,"turns":2},{"damage":0,"enemies":"2 Thieves","floor":18,"turns":2},{"damage":0,"enemies":"Gremlin Leader","floor":23,"turns":1},{"damage":0,"enemies":"Shell Parasite","floor":24,"turns":1},{"damage":0,"enemies":"Book of Stabbing","floor":25,"turns":2},{"damage":0,"enemies":"Gremlin Leader","floor":29,"turns":1},{"damage":4,"enemies":"Slavers","floor":30,"turns":2},{"damage":0,"enemies":"Book of Stabbing","floor":31,"turns":2},{"damage":0,"enemies":"Champ","floor":33,"turns":4},{"damage":0,"enemies":"3 Shapes","floor":35,"turns":2},{"damage":0,"enemies":"Orb Walker","floor":36,"turns":2},{"damage":0,"enemies":"Writhing Mass","floor":37,"turns":2},{"damage":0,"enemies":"4 Shapes","floor":39,"turns":2},{"damage":3,"enemies":"Reptomancer","floor":40,"turns":3},{"damage":0,"enemies":"R_Hoarder","floor":41,"turns":3},{"damage":0,"enemies":"Giant Head","floor":42,"turns":5},{"damage":1,"enemies":"Replay:Hell Engine","floor":50,"turns":6}],"seed_played":"-2569799348965297617","potions_obtained":[{"floor":5,"key":"PowerPotion"},{"floor":6,"key":"Dexterity Potion"},{"floor":12,"key":"Adrenaline Potion"}],"is_trial":true,"path_per_floor":["M","M","$","?","M","E","E","E","T","E","R","E","E","?","R","B",null,"M","?","?","?","T","E","M","E","T","?","R","E","E","E","R","B",null,"M","M","M","?","M","E","E","E","T","R","?","$","R","$","R","B",null],"character_chosen":"THE_SILENT","items_purchased":["MerchantsRug","Chemical X","Noxious Fumes","Ornamental Fan","Replay:Bottled Flurry","Noxious Fumes","Frozen Eye","InkBottle","Garlic"],"campfire_rested":0,"item_purchase_floors":[46,46,46,46,46,48,48,48,48],"current_hp_per_floor":[70,70,70,70,70,70,70,70,70,70,70,63,63,60,60,60,70,70,70,70,70,70,70,70,70,70,70,70,70,66,68,68,70,70,70,70,70,80,80,79,93,96,96,96,96,96,96,96,96,95],"gold":101,"neow_bonus":"","is_daily":false,"chose_seed":false,"campfire_upgraded":7,"win_rate":0.0,"timestamp":1608585751,"path_taken":["M","M","$","?","M","E","E","E","T","E","R","E","E","?","R","BOSS","M","?","?","?","?","E","?","E","T","?","R","E","E","E","R","BOSS","M","M","?","?","?","E","E","E","T","R","?","$","R","$","R","BOSS"],"items_purchased_type":["Relic","Relic","Card","Relic","Relic","Card","Relic","Relic","Relic"],"build_version":"2020-12-13","purchased_purges":0,"victory":true,"max_hp_per_floor":[70,70,70,70,70,70,70,70,70,70,70,70,70,70,70,70,70,70,70,70,70,70,70,70,70,70,70,70,70,70,70,70,70,70,70,70,70,80,80,82,94,96,96,96,96,96,96,96,96,96],"card_choices":[{"not_picked":["Dodge and Roll","Cloak And Dagger"],"picked":"Leg Sweep","floor":1},{"not_picked":["Hidden Blade","Finisher","Backstab"],"picked":"SKIP","floor":2},{"not_picked":["Infinite Blades","Dagger Spray"],"picked":"Atom Bomb","floor":5},{"not_picked":["Caltrops","Dagger Spray","Quick Slash"],"picked":"SKIP","floor":6},{"not_picked":["Leg Sweep","Bane"],"picked":"Burst","floor":7},{"not_picked":["Cloak And Dagger","Backstab"],"picked":"Draining Mist","floor":8},{"not_picked":["Dagger Throw","Hidden Blade","Expertise"],"picked":"SKIP","floor":10},{"not_picked":["ReplayTheSpireMod:Shiv Toss","Dagger Throw","Acrobatics"],"picked":"SKIP","floor":12},{"not_picked":["Endless Agony","ReplayTheSpireMod:Exploit Weakness","Dagger Throw"],"picked":"SKIP","floor":13},{"not_picked":["Doppelganger","ReplayTheSpireMod:From All Sides"],"picked":"Bullet Time","floor":16},{"not_picked":["Prepared","Slice","Dagger Spray+1"],"picked":"SKIP","floor":18},{"not_picked":["ReplayTheSpireMod:Speed Training","Slice"],"picked":"ReplayTheSpireMod:From All Sides","floor":23},{"not_picked":["Hidden Blade+1","Dagger Spray","Bane"],"picked":"SKIP","floor":24},{"not_picked":["Cloak And Dagger","Riddle With Holes","Setup"],"picked":"SKIP","floor":25},{"not_picked":["PiercingWail+1","Deadly Poison"],"picked":"Crippling Poison","floor":29},{"not_picked":["Grand Finale","Outmaneuver","Concentrate"],"picked":"SKIP","floor":30},{"not_picked":["ReplayTheSpireMod:Shiv Toss","Sucker Punch","ReplayTheSpireMod:Scrap Shanks"],"picked":"SKIP","floor":31},{"not_picked":["Wraith Form v2","Unload"],"picked":"Malaise","floor":33},{"not_picked":["Dagger Throw","Outmaneuver+1"],"picked":"Draining Mist","floor":35},{"not_picked":["Heel Hook+1","Dagger Spray+1","Caltrops"],"picked":"SKIP","floor":36},{"not_picked":["Choke","Acrobatics"],"picked":"Poisoned Stab+1","floor":37},{"not_picked":["Distraction+1","Flying Knee","Deflect+1"],"picked":"SKIP","floor":39},{"not_picked":["Infinite Blades+1","Flying Knee","Sucker Punch+1"],"picked":"Singing Bowl","floor":40},{"not_picked":["Underhanded Strike+1","After Image","Backflip+1"],"picked":"Singing Bowl","floor":41},{"not_picked":["Deflect+1","Blade Dance","Adrenaline"],"picked":"Singing Bowl","floor":42}],"player_experience":126914,"relics_obtained":[{"floor":6,"key":"Meat on the Bone"},{"floor":7,"key":"Smiling Mask"},{"floor":8,"key":"Mercury Hourglass"},{"floor":9,"key":"Centennial Puzzle"},{"floor":10,"key":"Happy Flower"},{"floor":12,"key":"Vajra"},{"floor":13,"key":"Girya"},{"floor":22,"key":"Chameleon Ring"},{"floor":23,"key":"Whetstone"},{"floor":25,"key":"MealTicket"},{"floor":26,"key":"Kunai"},{"floor":29,"key":"MawBank"},{"floor":30,"key":"Blood Vial"},{"floor":31,"key":"Regal Pillow"},{"floor":40,"key":"Singing Bowl"},{"floor":41,"key":"Pear"},{"floor":42,"key":"Replay:Mystery Machine"},{"floor":43,"key":"ReplayTheSpireMod:Lightbulb"}],"event_choices":[{"damage_healed":0,"gold_gain":0,"player_choice":"Grow","damage_taken":0,"max_hp_gain":0,"max_hp_loss":0,"event_name":"Living Wall","floor":4,"gold_loss":0,"cards_upgraded":["Catalyst"]},{"damage_healed":0,"gold_gain":0,"player_choice":"Success","damage_taken":3,"relics_obtained":["Omamori"],"max_hp_gain":0,"max_hp_loss":0,"event_name":"Scrap Ooze","floor":14,"gold_loss":0},{"damage_healed":0,"gold_gain":0,"player_choice":"Opened","damage_taken":0,"relics_obtained":["The Courier"],"max_hp_gain":0,"max_hp_loss":0,"event_name":"The Mausoleum","floor":19,"gold_loss":0},{"damage_healed":0,"gold_gain":0,"player_choice":"Ignored","damage_taken":0,"max_hp_gain":0,"max_hp_loss":0,"event_name":"Ghosts","floor":20,"gold_loss":0},{"damage_healed":0,"gold_gain":0,"player_choice":"Read","damage_taken":0,"max_hp_gain":0,"max_hp_loss":0,"event_name":"The Library","floor":21,"gold_loss":0,"cards_obtained":["Replay:Poison Smokescreen"]},{"damage_healed":0,"gold_gain":0,"player_choice":"Upgraded","damage_taken":0,"max_hp_gain":0,"max_hp_loss":0,"event_name":"Upgrade Shrine","floor":27,"gold_loss":0,"cards_upgraded":["Sneak Up"]},{"cards_removed":["ReplayTheSpireMod:From All Sides"],"damage_healed":0,"gold_gain":0,"player_choice":"Offered Rare","damage_taken":0,"max_hp_gain":10,"max_hp_loss":0,"event_name":"Bonfire Elementals","floor":38,"gold_loss":0},{"damage_healed":0,"gold_gain":0,"player_choice":"Ignored","damage_taken":0,"max_hp_gain":0,"max_hp_loss":0,"event_name":"Tomb of Lord Red Mask","floor":45,"gold_loss":0}],"is_beta":false,"boss_relics":[{"not_picked":["ReplayTheSpireMod:DimensionalGlitch","Replay:Bronze Core"],"picked":"Sozu"},{"not_picked":["Snecko Heart","ChewingGum"],"picked":"Philosopher\u0027s Stone"}],"items_purged_floors":[],"is_endless":false,"potions_floor_spawned":[5,6,12,13,18,25,29,37,39,42],"ascension_level":1}}