{"host":"7l2t4psy44vpcd9q","time":1608561314,"event":{"mods":["AchievementEnabler","BaseMod","DeckTracker","Minty Spire (QoL Compilation)","SuperFastMode"],"gold_per_floor":[117,133,133,76,76,103,114,139,139,152,202,202,215,234,234,234,234],"floor_reached":16,"playtime":421,"items_purged":[],"score":267,"play_id":"2904f5cf-a8e3-48c3-8b1b-6219fd6f2bda","local_time":"20201221233514","is_ascension_mode":true,"campfire_choices":[{"floor":12,"key":"REST"},{"floor":15,"key":"REST"}],"circlet_count":0,"master_deck":["AscendersBane","Strike_B","Strike_B","Strike_B","Strike_B","Defend_B","Defend_B","Defend_B","Defend_B","Zap","Dualcast","Sweeping Beam","Chaos","Ball Lightning","Glacier","Aggregate","Streamline","Coolheaded"],"relics":["Cracked Core","NeowsBlessing","Singing Bowl","Pocketwatch","Calipers"],"acts_visited":["Exordium"],"potions_floor_usage":[8,8],"damage_taken":[{"damage":0,"enemies":"2 Louse","floor":1,"turns":1},{"damage":0,"enemies":"Cultist","floor":2,"turns":1},{"damage":0,"enemies":"Lagavulin","floor":6,"turns":1},{"damage":7,"enemies":"Small Slimes","floor":7,"turns":2},{"damage":34,"enemies":"Gremlin Nob","floor":8,"turns":4},{"damage":6,"enemies":"Gremlin Gang","floor":10,"turns":6},{"damage":13,"enemies":"Blue Slaver","floor":13,"turns":2},{"damage":13,"enemies":"Exordium Thugs","floor":14,"turns":4},{"damage":50,"enemies":"The Guardian","floor":16,"turns":12}],"seed_played":"-8310383336599374654","potions_obtained":[{"floor":3,"key":"DuplicationPotion"},{"floor":3,"key":"AttackPotion"}],"is_trial":false,"path_per_floor":["M","M","?","$","$","E","M","E","T","M","?","R","M","M","R","B"],"character_chosen":"DEFECT","items_purchased":["Ball Lightning"],"campfire_rested":2,"item_purchase_floors":[4],"current_hp_per_floor":[64,64,64,64,64,66,59,25,25,19,19,40,29,16,38,0,0],"gold":234,"neow_bonus":"THREE_ENEMY_KILL","is_daily":false,"chose_seed":false,"campfire_upgraded":0,"win_rate":0.0,"timestamp":1608561314,"path_taken":["M","M","?","?","$","E","?","E","T","M","?","R","M","M","R","BOSS"],"items_purchased_type":["Card"],"build_version":"2020-12-13","purchased_purges":0,"victory":false,"max_hp_per_floor":[71,71,71,71,71,73,73,73,73,73,73,73,75,75,75,75,75],"card_choices":[{"not_picked":["Compile Driver","Go for the Eyes"],"picked":"Sweeping Beam","floor":1},{"not_picked":["Turbo","Blizzard"],"picked":"Chaos","floor":2},{"not_picked":["Steam","Sweeping Beam","Blizzard"],"picked":"Singing Bowl","floor":6},{"not_picked":["Steam","Auto Shields"],"picked":"Glacier","floor":7},{"not_picked":["Turbo","Barrage"],"picked":"Aggregate","floor":8},{"not_picked":["Rebound","Steam"],"picked":"Streamline","floor":10},{"not_picked":["Reprogram","Chaos","Darkness"],"picked":"Singing Bowl","floor":13},{"not_picked":["Blizzard","Barrage"],"picked":"Coolheaded","floor":14}],"player_experience":1117854,"relics_obtained":[{"floor":6,"key":"Singing Bowl"},{"floor":8,"key":"Pocketwatch"},{"floor":9,"key":"Calipers"}],"event_choices":[{"damage_healed":0,"gold_gain":0,"player_choice":"Got Potions","damage_taken":0,"max_hp_gain":0,"max_hp_loss":0,"event_name":"Lab","floor":3,"gold_loss":0},{"damage_healed":0,"gold_gain":50,"player_choice":"Pray","damage_taken":0,"max_hp_gain":0,"max_hp_loss":0,"event_name":"Golden Shrine","floor":11,"gold_loss":0}],"is_beta":false,"boss_relics":[],"items_purged_floors":[],"is_endless":false,"potions_floor_spawned":[6,7],"killed_by":"The Guardian","ascension_level":19}}