{"host":"4nnhb5rglsgyie7t","time":1608555887,"event":{"mods":["Act Like it!","BaseMod","Challenge The Spire","Gensokyo","Koishi","KomeijiMod","Marisa（F雨　魔理沙）","Minty Spire (QoL Compilation)","Prisma Mod","Remilia（蕾米莉亚）","Shop Mod","StSLib","Td1madao Mod","The Servant 0.9.4","Youmu（魂魄妖梦）","Yuyuko","【东方二次创作】八云紫mod","【功能Mod】聪明的最终Boss","【角色mod】十八桐人"],"gold_per_floor":[172,172,172,23,43,70,0,15,42,42,58,58,58,58,58,161,161,173,148,398,418,418,418,449,549,599,629,629,629,629,629,629,725,725,735,1084,712,724,742,776,795,827,872,326,326,341,371,385,385,385,385,385,5,38,38],"floor_reached":56,"playtime":5235,"items_purged":[],"score":1344,"play_id":"8e5a7b10-d602-4810-a007-b25d7a594bc4","local_time":"20201221210447","is_ascension_mode":false,"campfire_choices":[{"data":"ServantFlier","floor":12.0,"key":"SMITH"},{"floor":15.0,"key":"RECALL"},{"data":"AllTheWorldInNightmare","floor":23.0,"key":"SMITH"},{"floor":28.0,"key":"REST"},{"data":"CombatMeter","floor":30.0,"key":"SMITH"},{"data":"Gensokyo:MissMary","floor":32.0,"key":"SMITH"},{"floor":49,"key":"REST"},{"data":"Culling","floor":52,"key":"SMITH"}],"circlet_count":0,"master_deck":["Strike_Remiria","Strike_Remiria","Strike_Remiria","Strike_Remiria","Defend_Remirira+1","Defend_Remirira","Defend_Remirira","Absorbed+1","Scratch","ServantFlier+1","Feint+1","StigmaNizer","StigmaNizer","AllTheWorldInNightmare+1","Warpath","Culling+1","CombatMeter+1","YoungDemonLord+1","RocketKickup+1","Gensokyo:MissMary+1","Gensokyo:ShootingStar","RemiliaStalker","DamonLordCradle_Remiria+1","TricksterDevil","CurseofVladTepes+1","VampirishNight","VampireKiss_Remiria","BloodCollect","Finesse","Feint+1","DamonLordCradle_Remiria+1","QueenOfMidnight"],"relics":["UnsealingCross","NeowsBlessing","Gensokyo:NagashiBinaDoll","Strawberry","HoshigumaDish","ShirouKen","Anchor","Gensokyo:CelestialsFlawlessClothing","Black Star","Gensokyo:RedStar","ScarletDevilRocket","Bag of Marbles","KyoryuNoHagoromo","Du-Vu Doll","Regal Pillow","War Paint","Gensokyo:ChorusOfJoy","Old Coin","NitorisBag","Boot","Kunai","Bottled Lightning","Vajra","Happy Flower","Lantern","Pear","Centennial Puzzle","Omamori","Toxic Egg 2","TungstenRod","Pen Nib","Shuriken"],"acts_visited":["Exordium","Gensokyo:Gensokyo","TheBeyond","TheEnding"],"potions_floor_usage":[39,40,47,50,55],"damage_taken":[{"damage":0.0,"enemies":"Gensokyo:2_Kodama","floor":1.0,"turns":1.0},{"damage":0.0,"enemies":"Gensokyo:3_Fairies","floor":5.0,"turns":2.0},{"damage":0.0,"enemies":"Gensokyo:Mamizou","floor":6.0,"turns":2.0},{"damage":1.0,"enemies":"Gensokyo:Gryphon","floor":8.0,"turns":2.0},{"damage":0.0,"enemies":"Gensokyo:LivingMonolith","floor":11.0,"turns":2.0},{"damage":25.0,"enemies":"Gensokyo:Kokoro","floor":16.0,"turns":10.0},{"damage":4.0,"enemies":"Gensokyo:2_Gloops","floor":18.0,"turns":3.0},{"damage":12.0,"enemies":"Gensokyo:CosmicMonolith","floor":21.0,"turns":3.0},{"damage":42.0,"enemies":"Gensokyo:Tenshi","floor":24.0,"turns":3.0},{"damage":25.0,"enemies":"Gensokyo:Tenshi","floor":25.0,"turns":6.0},{"damage":125.0,"enemies":"Gensokyo:Koishi","floor":27.0,"turns":10.0},{"damage":91.0,"enemies":"Gensokyo:Eiki","floor":33.0,"turns":12.0},{"damage":15.0,"enemies":"Orb Walker","floor":35.0,"turns":4.0},{"damage":23,"enemies":"2 Orb Walkers","floor":36,"turns":5},{"damage":0,"enemies":"3 Shapes","floor":38,"turns":3},{"damage":0,"enemies":"Maw","floor":39,"turns":6},{"damage":9,"enemies":"Giant Head","floor":40,"turns":8},{"damage":0,"enemies":"Sphere and 2 Shapes","floor":41,"turns":2},{"damage":12,"enemies":"Reptomancer","floor":42,"turns":4},{"damage":31,"enemies":"Spire Growth","floor":46,"turns":4},{"damage":18,"enemies":"Giant Head","floor":47,"turns":6},{"damage":16,"enemies":"Writhing Mass","floor":48,"turns":4},{"damage":29,"enemies":"Awakened One","floor":50,"turns":9},{"damage":30,"enemies":"Shield and Spear","floor":54,"turns":9},{"damage":68,"enemies":"The Heart","floor":55,"turns":9}],"seed_played":"-1966169586549208908","potions_obtained":[{"floor":6.0,"key":"FearPotion"},{"floor":8.0,"key":"SteroidPotion"},{"floor":16.0,"key":"DuplicationPotion"},{"floor":24.0,"key":"AttackPotion"},{"floor":25.0,"key":"LiquidBronze"},{"floor":33.0,"key":"PowerPotion"},{"floor":36,"key":"GamblersBrew"},{"floor":38,"key":"DistilledChaos"},{"floor":42,"key":"LiquidBronze"}],"is_trial":false,"path_per_floor":["M","?","?","$","M","E","?","M","T","?","M","R","?","?","R","B",null,"M","$","?","M","?","R","E","?","T","E","R","?","R","?","R","B",null,"M","?","$","M","M","E","M","E","T","$","?","M","E","M","R","B",null,"R","$","E","B",null],"character_chosen":"RemiriaScarlet","items_purchased":["HoshigumaDish","Warpath","NitorisBag","CurseofVladTepes","Boot","Pear","Centennial Puzzle","BloodCollect","Finesse","Regen Potion","TungstenRod"],"campfire_rested":2,"item_purchase_floors":[4,19,37,37,37,44,44,44,44,53,53],"current_hp_per_floor":[100,100,97,97,97,97,97,96,96,70,70,70,85,85,85,60,107,103,103,101,89,89,89,47,22,22,6,51,51,51,51,51,63,91,76,53,53,53,53,53,53,44,44,54,54,29,21,17,62,39,101,101,101,83,45],"gold":38,"neow_bonus":"THREE_ENEMY_KILL","is_daily":false,"chose_seed":false,"campfire_upgraded":5,"win_rate":0.0,"timestamp":1608555887,"path_taken":["M","?","?","$","M","E","?","M","T","?","?","R","?","?","R","BOSS","M","$","?","M","?","R","E","?","T","E","R","?","R","?","R","BOSS","M","?","$","M","M","E","M","E","T","$","?","M","E","?","R","BOSS","R","$","E","BOSS"],"items_purchased_type":["Relic","Card","Relic","Card","Relic","Relic","Relic","Card","Card","Potion","Relic"],"build_version":"2020-12-13","purchased_purges":0,"victory":true,"max_hp_per_floor":[100,100,107,107,107,107,107,107,107,107,107,107,107,107,107,107,107,107,107,101,101,101,101,101,101,101,101,101,101,101,91,91,91,91,91,91,91,91,91,91,91,91,91,101,101,101,101,101,101,101,101,101,101,101,101],"card_choices":[{"not_picked":["DemonsDinnerFork_Remiria","CruelSlaughter"],"picked":"ServantFlier","floor":1.0},{"not_picked":["Exsanguinate","Cripple"],"picked":"Feint","floor":5.0},{"not_picked":["FastHealing","FateEnsemble"],"picked":"StigmaNizer","floor":6.0},{"not_picked":["ServantFlier","FateMeister"],"picked":"StigmaNizer","floor":8.0},{"not_picked":["FierceSweep","FastHealing","DemonsDinnerFork_Remiria"],"picked":"SKIP","floor":11.0},{"not_picked":["HeartBreak_Remiria","MiserableFate_Remiria"],"picked":"AllTheWorldInNightmare","floor":16.0},{"not_picked":["VampirishNight","DamonLordCradle_Remiria","FateCollect+1"],"picked":"SKIP","floor":18.0},{"not_picked":["DoubleEdge","FateMeister"],"picked":"Culling","floor":21.0},{"not_picked":["SealingFear","TrickFate"],"picked":"CombatMeter","floor":24.0},{"not_picked":["FierceSweep","FastHealing"],"picked":"YoungDemonLord","floor":25.0},{"not_picked":["ThirstForBlood","BadLadyScramble"],"picked":"RocketKickup+1","floor":27.0},{"not_picked":["Gensokyo:MonkeysPaw","Gensokyo:Doppelganger"],"picked":"Gensokyo:MissMary","floor":31.0},{"not_picked":[],"picked":"Gensokyo:ShootingStar","floor":33.0},{"not_picked":["FateSonata","FitfulNightmare"],"picked":"RemiliaStalker","floor":33.0},{"not_picked":["Rewrite+1","SealingFear+1"],"picked":"DamonLordCradle_Remiria+1","floor":35.0},{"not_picked":["ServantFlier","NightDance+1"],"picked":"TricksterDevil","floor":36},{"not_picked":["BloodCleaner+1","DoubleEdge+1","BloodySuit"],"picked":"SKIP","floor":38},{"not_picked":["ScarletNetherworld+1","DemonsDinnerFork_Remiria","Culling"],"picked":"SKIP","floor":39},{"not_picked":["Warpath+1","Cripple","ServantFlier"],"picked":"SKIP","floor":40},{"not_picked":["DemonLordWalk+1","BloodyMagicSquare"],"picked":"VampirishNight","floor":41},{"not_picked":["TricksterDevil+1","BloodySuit"],"picked":"VampireKiss_Remiria","floor":42},{"not_picked":["FateMeister","BloodySuit+1"],"picked":"Feint+1","floor":46},{"not_picked":["FateConcerto+1","BloodCollect+1"],"picked":"DamonLordCradle_Remiria+1","floor":47},{"not_picked":["ServantFlier+1","ThePrice+1","BloodCollect+1"],"picked":"SKIP","floor":48},{"not_picked":["Impregnable+1","ServantFlier+1"],"picked":"QueenOfMidnight","floor":54}],"player_experience":137540,"relics_obtained":[{"floor":6.0,"key":"ShirouKen"},{"floor":9.0,"key":"Anchor"},{"floor":24.0,"key":"ScarletDevilRocket"},{"floor":24.0,"key":"Bag of Marbles"},{"floor":25.0,"key":"KyoryuNoHagoromo"},{"floor":25.0,"key":"Du-Vu Doll"},{"floor":27.0,"key":"Regal Pillow"},{"floor":27.0,"key":"War Paint"},{"floor":36,"key":"Old Coin"},{"floor":40,"key":"Kunai"},{"floor":40,"key":"Bottled Lightning"},{"floor":42,"key":"Vajra"},{"floor":42,"key":"Happy Flower"},{"floor":43,"key":"Lantern"},{"floor":47,"key":"Omamori"},{"floor":47,"key":"Toxic Egg 2"},{"floor":54,"key":"Pen Nib"},{"floor":54,"key":"Shuriken"}],"event_choices":[{"damage_healed":0,"gold_gain":0,"player_choice":"Fight","damage_taken":0,"max_hp_gain":0,"max_hp_loss":0,"event_name":"Mysterious Sphere","floor":36,"gold_loss":0},{"damage_healed":0,"gold_gain":0,"player_choice":"Upgraded","damage_taken":0,"max_hp_gain":0,"max_hp_loss":0,"event_name":"Upgrade Shrine","floor":45,"gold_loss":0,"cards_upgraded":["CurseofVladTepes"]}],"is_beta":false,"boss_relics":[{"not_picked":["Fusion Hammer","SlaversCollar"],"picked":"Black Star"},{"not_picked":["Tiny House","Runic Pyramid"],"picked":"UnsealingCross"}],"items_purged_floors":[],"is_endless":false,"potions_floor_spawned":[6,8,16,24,25,33,36,38,42],"ascension_level":0}}