{"host":"f1miojwxaupu79sp","time":1608537376,"event":{"mods":["BaseMod","Better Vampires","Minty Spire (QoL Compilation)","Shop Mod"],"gold_per_floor":[115,115,131,131,8,8,33,8,8,22,22,55,70,170,170,296,296,314,122,146,71,71,71,71,71,71,90,125,143,46,60,60,158,158,177,191,113,113,23,34,34,50,50,50,83,83,100,117,117,117],"floor_reached":51,"playtime":6159,"items_purged":["Strike_G","Strike_G"],"score":1035,"play_id":"ab7af7d7-6a8f-4e8e-9351-d39df994cce0","local_time":"20201221025616","is_ascension_mode":true,"campfire_choices":[{"data":"Venomology","floor":6.0,"key":"SMITH"},{"data":"Caltrops","floor":11.0,"key":"SMITH"},{"floor":15,"key":"REST"},{"data":"Venomology","floor":23,"key":"SMITH"},{"data":"Footwork","floor":25,"key":"SMITH"},{"floor":32,"key":"REST"},{"data":"Night Terror","floor":44,"key":"SMITH"},{"data":"Leg Sweep","floor":46,"key":"SMITH"},{"floor":49,"key":"REST"}],"circlet_count":0,"master_deck":["AscendersBane","Defend_G","Defend_G","Defend_G","Defend_G+1","Survivor","Neutralize","Venomology+1","Caltrops+1","Cloak And Dagger","Deflect","Poisoned Stab","Cloak And Dagger","Escape Plan","Noxious Fumes","Footwork+1","Venomology+1","Caltrops","Infinite Blades","PiercingWail","Backflip+1","Blade Dance","Accuracy+1","Finesse","Calculated Gamble","Deflect","Cloak And Dagger+1","Leg Sweep+1","Night Terror+1","Caltrops+1"],"relics":["Ring of the Snake","Bloody Idol","Pocketwatch","Ancient Tea Set","WristBlade","InkBottle","Ice Cream","Gambling Chip","Empty Cage","Lizard Tail","TungstenRod"],"acts_visited":["Exordium","TheCity","TheBeyond"],"potions_floor_usage":[13,13,13,16,16,18,18,20,27,27,28,28,28,28,29,31,31,31,33,33,33,35,35,36,40,40,42,42,45,45,45,47,47,47,47,47,48,48,48,50,50,50,50,50],"damage_taken":[{"damage":11.0,"enemies":"Cultist","floor":1.0,"turns":6.0},{"damage":3.0,"enemies":"2 Louse","floor":3.0,"turns":3.0},{"damage":1.0,"enemies":"Jaw Worm","floor":7.0,"turns":3.0},{"damage":3.0,"enemies":"2 Fungi Beasts","floor":10.0,"turns":3.0},{"damage":14.0,"enemies":"3 Sentries","floor":12.0,"turns":10.0},{"damage":1,"enemies":"Gremlin Gang","floor":13,"turns":5},{"damage":6,"enemies":"Hexaghost","floor":16,"turns":9},{"damage":4,"enemies":"Spheric Guardian","floor":18,"turns":5},{"damage":9,"enemies":"Shell Parasite","floor":20,"turns":5},{"damage":14,"enemies":"Shelled Parasite and Fungi","floor":27,"turns":6},{"damage":23,"enemies":"Gremlin Leader","floor":28,"turns":6},{"damage":3,"enemies":"Snake Plant","floor":29,"turns":5},{"damage":0,"enemies":"Chosen and Byrds","floor":31,"turns":4},{"damage":7,"enemies":"Automaton","floor":33,"turns":9},{"damage":37,"enemies":"3 Darklings","floor":35,"turns":6},{"damage":6,"enemies":"3 Shapes","floor":36,"turns":5},{"damage":0,"enemies":"Maw","floor":40,"turns":6},{"damage":2,"enemies":"3 Darklings","floor":42,"turns":6},{"damage":1,"enemies":"Giant Head","floor":45,"turns":5},{"damage":16,"enemies":"Jaw Worm Horde","floor":47,"turns":5},{"damage":23,"enemies":"Sphere and 2 Shapes","floor":48,"turns":6},{"damage":33,"enemies":"Time Eater","floor":50,"turns":9}],"seed_played":"4440248301983162779","potions_obtained":[{"floor":12.0,"key":"Swift Potion"},{"floor":13,"key":"GhostInAJar"},{"floor":16,"key":"CunningPotion"},{"floor":29,"key":"LiquidMemories"},{"floor":31,"key":"Poison Potion"},{"floor":35,"key":"SpeedPotion"},{"floor":45,"key":"Ancient Potion"},{"floor":48,"key":"BlessingOfTheForge"}],"is_trial":false,"path_per_floor":["M","?","M","?","$","R","M","$","T","M","R","E","M","?","R","B",null,"M","$","M","?","?","R","?","R","T","M","E","M","$","M","R","B",null,"M","M","$","?","?","M","$","M","T","R","E","R","M","M","R","B",null],"character_chosen":"THE_SILENT","items_purchased":["Deflect","Cloak And Dagger","Infinite Blades","PiercingWail","Finesse","Leg Sweep"],"campfire_rested":3,"item_purchase_floors":[5,8,19,19,30,37],"current_hp_per_floor":[52,38,35,35,35,35,34,34,34,31,31,17,16,16,35,44,60,56,56,47,47,47,47,47,47,47,38,20,22,22,27,46,44,60,28,27,27,27,27,32,32,50,50,50,54,54,43,25,44,11],"gold":117,"neow_bonus":"ONE_RANDOM_RARE_CARD","is_daily":false,"chose_seed":false,"campfire_upgraded":6,"win_rate":0.0,"timestamp":1608537376,"path_taken":["M","?","M","?","$","R","M","?","T","M","R","E","M","?","R","BOSS","M","$","?","?","?","R","?","R","T","?","E","M","?","M","R","BOSS","M","M","$","?","?","M","$","?","T","R","E","R","M","M","R","BOSS"],"items_purchased_type":["Card","Card","Card","Card","Card","Card"],"build_version":"2020-12-13","purchased_purges":2,"victory":true,"max_hp_per_floor":[70,70,70,65,65,65,65,65,65,65,65,65,65,65,65,65,65,65,65,65,65,65,65,65,65,65,65,65,65,65,65,65,65,65,65,65,65,65,65,65,65,65,65,65,65,65,65,65,65,65],"card_choices":[{"not_picked":["Prepared","Flying Knee"],"picked":"Caltrops","floor":1.0},{"not_picked":["Bane","Setup"],"picked":"Cloak And Dagger","floor":3.0},{"not_picked":["Backstab","Expertise"],"picked":"Poisoned Stab","floor":7.0},{"not_picked":["All Out Attack","Heel Hook"],"picked":"Escape Plan","floor":10.0},{"not_picked":["Slice","Leg Sweep"],"picked":"Noxious Fumes","floor":12.0},{"not_picked":["Dodge and Roll","Prepared"],"picked":"Footwork","floor":13},{"not_picked":["Grand Finale","Envenom"],"picked":"Venomology","floor":16},{"not_picked":["Backflip","Heel Hook"],"picked":"Caltrops","floor":18},{"not_picked":["Flechettes","Caltrops"],"picked":"Backflip+1","floor":20},{"not_picked":["Well Laid Plans","Flying Knee+1"],"picked":"Blade Dance","floor":27},{"not_picked":["Distraction","A Thousand Cuts"],"picked":"Accuracy+1","floor":28},{"not_picked":["Tactician","Flying Knee","Dagger Spray"],"picked":"SKIP","floor":29},{"not_picked":["Slice","Deflect"],"picked":"Calculated Gamble","floor":31},{"not_picked":["Burst","Glass Knife"],"picked":"Phantasmal Killer","floor":33},{"not_picked":["Concentrate+1","Bane+1"],"picked":"Deflect","floor":35},{"not_picked":["Sucker Punch","Underhanded Strike"],"picked":"Cloak And Dagger+1","floor":36},{"not_picked":["Choke","Dagger Spray"],"picked":"Night Terror","floor":40},{"not_picked":["Dodge and Roll","Sucker Punch+1","Deadly Poison"],"picked":"SKIP","floor":42},{"not_picked":["Acrobatics","Reflex","Sucker Punch"],"picked":"SKIP","floor":45},{"not_picked":["Wraith Form v2","Reflex+1"],"picked":"Caltrops+1","floor":47},{"not_picked":["Eviscerate","Blade Dance","Outmaneuver"],"picked":"SKIP","floor":48}],"player_experience":664296,"relics_obtained":[{"floor":9.0,"key":"Pocketwatch"},{"floor":12.0,"key":"Ancient Tea Set"},{"floor":24,"key":"InkBottle"},{"floor":26,"key":"Ice Cream"},{"floor":28,"key":"Gambling Chip"},{"floor":43,"key":"Lizard Tail"},{"floor":45,"key":"TungstenRod"}],"event_choices":[{"damage_healed":0.0,"max_hp_gain":0.0,"max_hp_loss":0.0,"gold_gain":0.0,"event_name":"Shining Light","player_choice":"Entered Light","floor":2.0,"gold_loss":0.0,"damage_taken":14.0,"cards_upgraded":["Strike_G","Strike_G"]},{"damage_healed":0.0,"max_hp_gain":0.0,"max_hp_loss":5.0,"gold_gain":0.0,"event_name":"Golden Idol","player_choice":"Lose Max HP","floor":4.0,"gold_loss":0.0,"damage_taken":0.0,"relics_obtained":["Golden Idol"]},{"damage_healed":0,"gold_gain":100,"player_choice":"Pray","damage_taken":0,"max_hp_gain":0,"max_hp_loss":0,"event_name":"Golden Shrine","floor":14,"gold_loss":0},{"cards_removed":["Strike_G"],"damage_healed":0,"gold_gain":0,"player_choice":"Gave Gold","damage_taken":0,"max_hp_gain":0,"max_hp_loss":0,"event_name":"Beggar","floor":21,"gold_loss":75},{"damage_healed":0,"gold_gain":0,"player_choice":"Gave Idol","damage_taken":0,"relics_obtained":["Bloody Idol"],"max_hp_gain":0,"max_hp_loss":0,"event_name":"Forgotten Altar","floor":22,"relics_lost":["Golden Idol"],"gold_loss":0},{"damage_healed":0,"gold_gain":0,"player_choice":"Relic","damage_taken":0,"max_hp_gain":0,"max_hp_loss":0,"event_name":"Wheel of Change","floor":24,"gold_loss":0},{"cards_removed":["Phantasmal Killer"],"damage_healed":0,"gold_gain":0,"player_choice":"Removed Skill","damage_taken":0,"max_hp_gain":0,"max_hp_loss":0,"event_name":"Falling","floor":38,"gold_loss":0},{"cards_removed":["Defend_G"],"damage_healed":0,"gold_gain":0,"player_choice":"Upgrade and Remove","damage_taken":0,"max_hp_gain":0,"max_hp_loss":0,"event_name":"Designer","floor":39,"gold_loss":90,"cards_upgraded":["Defend_G"]}],"is_beta":false,"boss_relics":[{"not_picked":["Snecko Eye","SacredBark"],"picked":"WristBlade"},{"not_picked":["Coffee Dripper","Philosopher\u0027s Stone"],"picked":"Empty Cage"}],"items_purged_floors":[5,19],"is_endless":false,"potions_floor_spawned":[12,13,16,29,31,35,45,48],"ascension_level":12}}