{"host":"q2l6xtlpu05lrop8","time":1608510988,"event":{"mods":["AchievementEnabler","Act Like it!","BaseMod","Colored Map","Googly Eyes","Hallownest","Minty Spire (QoL Compilation)","StSLib","The Bug Knight","The IronCluck","slay the spire mod where everything is the same but ironclad has a cowboy hat"],"gold_per_floor":[112,144,144,160,172,207,207,238,262,278,278,63,63,41,41,138,138,155,174,190,190,190,190],"floor_reached":22,"playtime":3139,"items_purged":[],"score":239,"play_id":"9a360fd0-d818-4e38-937d-53917b1cf718","local_time":"20201220163628","is_ascension_mode":true,"campfire_choices":[{"data":"HollowMod:TaintedHusks","floor":7,"key":"SMITH"},{"data":"HollowMod:SiblingsSouls","floor":11,"key":"SMITH"},{"data":"HollowMod:SlysStrikes","floor":13,"key":"SMITH"},{"data":"HollowMod:HornetsHelp","floor":15,"key":"SMITH"}],"circlet_count":0,"master_deck":["HollowMod:NailStrikeStart","HollowMod:NailStrikeStart","HollowMod:NailStrikeStart","HollowMod:NailStrikeStart","HollowMod:QuickDashStart","HollowMod:QuickDashStart","HollowMod:QuickDashStart","HollowMod:QuickDashStart+1","HollowMod:FocusHealStart","HollowMod:PogoStrike","HollowMod:SiblingsSouls+1","HollowMod:HeavyBlow","HollowMod:TaintedHusks+1","HollowMod:BaldurShell","HollowMod:SoulShaman","HollowMod:InfectionAssault","HollowMod:SlysStrikes+1","HollowMod:HornetsHelp+1","HollowMod:DoubleDash+1","HollowMod:Hiveblood","HollowMod:FastStrike"],"relics":["HollowMod:VesselMask","NeowsBlessing","Calipers","Hallownest:DreamNailRelic","HollowMod:PaleOreRelic","Potion Belt","Regal Pillow","Black Star","War Paint"],"acts_visited":["Exordium","Hallownest:Greenpath"],"potions_floor_usage":[18,19,22,22],"damage_taken":[{"damage":0.0,"enemies":"2_ Uuma","floor":1.0,"turns":1.0},{"damage":0.0,"enemies":"Hallownest:eliteMossKnight","floor":2.0,"turns":1.0},{"damage":0.0,"enemies":"Hallownest:monsterHuskWarrior","floor":4.0,"turns":1.0},{"damage":4.0,"enemies":"Hallownest:monsterHuskGuard","floor":5.0,"turns":5.0},{"damage":33.0,"enemies":"Hallownest:eliteMossKnight","floor":6.0,"turns":14.0},{"damage":12,"enemies":"Hallownest:eliteCrystalGuardian","floor":8,"turns":5},{"damage":1,"enemies":"Hallownest:Wandering_and_Horned","floor":10,"turns":6},{"damage":36,"enemies":"Hallownest:BossBrokenVessel","floor":16,"turns":11},{"damage":60,"enemies":"Hallownest:3_Youths","floor":18,"turns":17},{"damage":24,"enemies":"Hallownest:Guard_and_Sentry","floor":19,"turns":6},{"damage":41,"enemies":"Hallownest:Master_and_Novice","floor":20,"turns":8},{"damage":13,"enemies":"Hallownest:2_Flukemon","floor":22,"turns":5}],"seed_played":"967054694594080667","potions_obtained":[{"floor":5.0,"key":"DuplicationPotion"},{"floor":6,"key":"Energy Potion"},{"floor":8,"key":"CultistPotion"},{"floor":10,"key":"Dexterity Potion"},{"floor":16,"key":"BlessingOfTheForge"},{"floor":20,"key":"Strength Potion"}],"is_trial":false,"path_per_floor":["M","?","?","M","M","E","R","E","T","M","R","$","R","$","R","B",null,"M","M","M","?","M"],"character_chosen":"THE_BUGKNIGHT","items_purchased":["HollowMod:SlysStrikes","HollowMod:HornetsHelp","HollowMod:DoubleDash"],"campfire_rested":0,"item_purchase_floors":[12,12,14],"current_hp_per_floor":[75,75,75,75,71,48,48,46,46,55,55,55,55,55,55,19,75,54,36,5,5,0,0],"gold":190,"neow_bonus":"THREE_ENEMY_KILL","is_daily":false,"chose_seed":false,"campfire_upgraded":4,"win_rate":0.0,"timestamp":1608510988,"path_taken":["M","?","?","?","M","E","R","E","T","M","R","$","R","?","R","BOSS","M","M","M","?","M"],"items_purchased_type":["Card","Card","Card"],"build_version":"2020-12-13","purchased_purges":0,"victory":false,"max_hp_per_floor":[75,75,75,75,75,75,75,75,75,75,75,75,75,75,75,75,75,75,75,75,75,75,75],"card_choices":[{"not_picked":["HollowMod:NewLittleFool","HollowMod:SharpenedNail"],"picked":"HollowMod:SiblingsSouls","floor":1.0},{"not_picked":["HollowMod:SiblingsSouls","HollowMod:DungDefenderAura"],"picked":"HollowMod:HeavyBlow","floor":2.0},{"not_picked":["HollowMod:BlackTendrils","HollowMod:MidwifesHunger"],"picked":"HollowMod:TaintedHusks","floor":4.0},{"not_picked":["HollowMod:NewJinnsSoul","HollowMod:HuntersJournal"],"picked":"HollowMod:BaldurShell","floor":5.0},{"not_picked":["HollowMod:HowlingWraiths","HollowMod:SiblingsSouls"],"picked":"HollowMod:SoulShaman","floor":6},{"not_picked":["HollowMod:CloakDash","HollowMod:SoulVessel"],"picked":"HollowMod:InfectionAssault","floor":8},{"not_picked":["HollowMod:NewInfectedGuardian","HollowMod:PureVessel"],"picked":"HollowMod:Hiveblood","floor":16},{"not_picked":["HollowMod:TaintedHusks","HollowMod:GoodIntentions"],"picked":"HollowMod:FastStrike","floor":18}],"player_experience":790219,"relics_obtained":[{"floor":2.0,"key":"Calipers"},{"floor":6,"key":"HollowMod:PaleOreRelic"},{"floor":8,"key":"Potion Belt"},{"floor":9,"key":"Regal Pillow"}],"event_choices":[],"is_beta":false,"boss_relics":[{"not_picked":["Sozu","SacredBark"],"picked":"Black Star"}],"items_purged_floors":[],"is_endless":false,"potions_floor_spawned":[5,6,8,10,16,20],"killed_by":"Hallownest:2_Flukemon","ascension_level":1}}