{"host":"ixbvfs3so5a39bhe","time":1608540557,"event":{"mods":["BaseMod","Minty Spire (QoL Compilation)","Quick Restart","StSLib"],"gold_per_floor":[118,293,303,253,328,328,357,357,434,451,481,2,2,27,27,130,130,150,161,189,189,89,89,121,121,144,144,177,188,204,236,236,336,336,354,229,249,1248,1261,1286,1318,1330,1342,1354,1391,1418,1458,1470,1482,1494,1506,1518,757,791,791],"floor_reached":56,"playtime":3469,"items_purged":["Strike_P","Strike_P","Strike_P+1","Injury"],"score":1650,"play_id":"0b5fcd0a-125d-4485-a026-8c943f0ad986","local_time":"20201221164917","is_ascension_mode":true,"campfire_choices":[{"data":"Eruption","floor":6.0,"key":"SMITH"},{"floor":8.0,"key":"RECALL"},{"floor":15.0,"key":"REST"},{"data":"LikeWater","floor":23.0,"key":"SMITH"},{"data":"Tantrum","floor":25.0,"key":"SMITH"},{"data":"EmptyBody","floor":27.0,"key":"SMITH"},{"data":"Adaptation","floor":32.0,"key":"SMITH"},{"data":"Meditate","floor":42.0,"key":"SMITH"},{"data":"LikeWater","floor":49.0,"key":"SMITH"},{"data":"Vigilance","floor":52.0,"key":"SMITH"}],"circlet_count":0,"master_deck":["Strike_P+1","Defend_P","Defend_P","Defend_P","Defend_P","Eruption+1","Vigilance+1","Tantrum+1","EmptyBody+1","LikeWater+1","ClearTheMind+1","SignatureMove+1","ClearTheMind+1","Adaptation+1","Adaptation+1","Meditate+1","LikeWater+1","DevaForm"],"relics":["PureWater","NeowsBlessing","Oddly Smooth Stone","Singing Bowl","Omamori","MealTicket","Gremlin Horn","Bird Faced Urn","VioletLotus","Red Mask","Bottled Flame","Calipers","Whetstone","Cursed Key","MawBank","Nunchaku","Anchor","Ancient Tea Set","Bronze Scales","Centennial Puzzle","Orrery","Orichalcum"],"acts_visited":["Exordium","TheCity","TheBeyond","TheEnding"],"potions_floor_usage":[55,55,55],"damage_taken":[{"damage":0.0,"enemies":"Small Slimes","floor":1.0,"turns":1.0},{"damage":0.0,"enemies":"Jaw Worm","floor":3.0,"turns":1.0},{"damage":0.0,"enemies":"Lagavulin","floor":7.0,"turns":1.0},{"damage":0.0,"enemies":"2 Louse","floor":10.0,"turns":1.0},{"damage":30.0,"enemies":"Gremlin Nob","floor":11.0,"turns":3.0},{"damage":40.0,"enemies":"Lagavulin","floor":14.0,"turns":7.0},{"damage":24.0,"enemies":"The Guardian","floor":16.0,"turns":15.0},{"damage":7.0,"enemies":"3 Byrds","floor":18.0,"turns":6.0},{"damage":21.0,"enemies":"Spheric Guardian","floor":19.0,"turns":6.0},{"damage":29.0,"enemies":"Masked Bandits","floor":20.0,"turns":7.0},{"damage":0.0,"enemies":"Slavers","floor":24.0,"turns":5.0},{"damage":1.0,"enemies":"Gremlin Leader","floor":28.0,"turns":4.0},{"damage":3.0,"enemies":"Centurion and Healer","floor":29.0,"turns":3.0},{"damage":2.0,"enemies":"Cultist and Chosen","floor":30.0,"turns":4.0},{"damage":1.0,"enemies":"Book of Stabbing","floor":31.0,"turns":3.0},{"damage":26.0,"enemies":"Champ","floor":33.0,"turns":7.0},{"damage":4.0,"enemies":"3 Shapes","floor":35.0,"turns":4.0},{"damage":0.0,"enemies":"Orb Walker","floor":37.0,"turns":3.0},{"damage":0.0,"enemies":"Sphere and 2 Shapes","floor":39.0,"turns":3.0},{"damage":1.0,"enemies":"Reptomancer","floor":40.0,"turns":3.0},{"damage":7.0,"enemies":"Jaw Worm Horde","floor":41.0,"turns":3.0},{"damage":16.0,"enemies":"Nemesis","floor":45.0,"turns":6.0},{"damage":17.0,"enemies":"Maw","floor":46.0,"turns":5.0},{"damage":0.0,"enemies":"Giant Head","floor":47.0,"turns":6.0},{"damage":11.0,"enemies":"Donu and Deca","floor":50.0,"turns":6.0},{"damage":0,"enemies":"Shield and Spear","floor":54,"turns":2},{"damage":49,"enemies":"The Heart","floor":55,"turns":8}],"seed_played":"-1120470249539573311","potions_obtained":[{"floor":3.0,"key":"Dexterity Potion"},{"floor":7.0,"key":"Fire Potion"},{"floor":14.0,"key":"Block Potion"},{"floor":16.0,"key":"ColorlessPotion"},{"floor":18.0,"key":"Energy Potion"},{"floor":29.0,"key":"CultistPotion"},{"floor":35.0,"key":"ColorlessPotion"},{"floor":46.0,"key":"Energy Potion"},{"floor":47.0,"key":"DistilledChaos"}],"is_trial":false,"path_per_floor":["M","?","M","?","?","R","E","R","T","M","E","$","$","E","R","B",null,"M","M","?","?","$","R","E","R","T","R","E","M","M","E","R","B",null,"M","$","M","?","M","E","M","R","T","?","E","M","E","?","R","B",null,"R","$","E","B",null],"character_chosen":"WATCHER","items_purchased":["MealTicket","Gremlin Horn","Bronze Scales","Centennial Puzzle","Orrery","DevaForm"],"campfire_rested":1,"item_purchase_floors":[12,12,53,53,53,53],"current_hp_per_floor":[72,72,72,72,61,61,61,61,61,63,33,33,48,8,30,10,76,69,52,25,25,40,40,44,44,44,44,47,46,50,55,55,35,88,84,88,90,90,92,91,91,91,91,93,85,74,84,84,84,81,95,95,105,107,65],"gold":791,"neow_bonus":"THREE_ENEMY_KILL","is_daily":false,"chose_seed":false,"campfire_upgraded":8,"win_rate":0.0,"timestamp":1608540557,"path_taken":["M","?","M","?","?","R","E","R","T","M","E","?","$","E","R","BOSS","M","M","?","?","$","R","E","R","T","R","E","?","M","E","R","BOSS","M","$","M","?","M","E","M","R","T","?","E","M","E","?","R","BOSS","R","$","E","BOSS"],"items_purchased_type":["Relic","Relic","Relic","Relic","Relic","Card"],"build_version":"2020-12-13","purchased_purges":4,"victory":true,"max_hp_per_floor":[72,72,72,72,72,72,72,72,72,74,74,74,74,74,74,76,76,76,78,78,78,78,78,80,80,80,80,82,82,84,86,86,88,88,88,88,90,90,92,92,94,94,94,96,98,98,100,95,95,95,95,95,105,107,107],"card_choices":[{"not_picked":["FollowUp","Wallop"],"picked":"Tantrum","floor":1.0},{"not_picked":["Evaluate","BattleHymn","Weave"],"picked":"SKIP","floor":3.0},{"not_picked":["EmptyFist","WindmillStrike","Halt"],"picked":"SKIP","floor":7.0},{"not_picked":["PathToVictory","SashWhip","ReachHeaven"],"picked":"Singing Bowl","floor":10.0},{"not_picked":["JustLucky","WreathOfFlame"],"picked":"EmptyBody","floor":11.0},{"not_picked":["ThirdEye","CutThroughFate"],"picked":"LikeWater","floor":14.0},{"not_picked":["Brilliance","ConjureBlade","Establishment"],"picked":"Singing Bowl","floor":16.0},{"not_picked":["FlurryOfBlows","Wireheading"],"picked":"ClearTheMind+1","floor":18.0},{"not_picked":["SashWhip","MasterReality","PathToVictory"],"picked":"Singing Bowl","floor":19.0},{"not_picked":["Consecrate","FlurryOfBlows+1"],"picked":"SignatureMove+1","floor":20.0},{"not_picked":["ClearTheMind","Perseverance","SandsOfTime+1"],"picked":"Singing Bowl","floor":24.0},{"not_picked":["FollowUp","SashWhip","LikeWater"],"picked":"Singing Bowl","floor":28.0},{"not_picked":["SashWhip","SignatureMove"],"picked":"Adaptation","floor":29.0},{"not_picked":["Pray+1","Evaluate","DevaForm"],"picked":"Singing Bowl","floor":30.0},{"not_picked":["EmptyFist","WreathOfFlame","WindmillStrike"],"picked":"Singing Bowl","floor":31.0},{"not_picked":["Devotion","Establishment","Vault"],"picked":"Singing Bowl","floor":33.0},{"not_picked":["ReachHeaven","EmptyFist+1"],"picked":"Adaptation+1","floor":35.0},{"not_picked":["Nirvana+1","Protect+1","ClearTheMind"],"picked":"Singing Bowl","floor":37.0},{"not_picked":["BattleHymn","FollowUp+1","FlyingSleeves"],"picked":"Singing Bowl","floor":39.0},{"not_picked":["MentalFortress","Nirvana+1"],"picked":"Meditate","floor":40.0},{"not_picked":["Pray","Nirvana+1","Wireheading"],"picked":"Singing Bowl","floor":41.0},{"not_picked":["Forethought","Thinking Ahead","HandOfGreed"],"picked":"Singing Bowl","floor":44.0},{"not_picked":["EmptyFist","Pray","SashWhip"],"picked":"Singing Bowl","floor":45.0},{"not_picked":["PathToVictory+1","Prostrate"],"picked":"LikeWater","floor":46.0},{"not_picked":["Wireheading+1","ClearTheMind","WheelKick+1"],"picked":"Singing Bowl","floor":47.0},{"not_picked":["Meditate+1","SandsOfTime","InnerPeace"],"picked":"Singing Bowl","floor":53.0},{"not_picked":["PathToVictory","WindmillStrike","Prostrate"],"picked":"Singing Bowl","floor":53.0},{"not_picked":["BowlingBash+1","Worship+1","CrushJoints"],"picked":"Singing Bowl","floor":53.0},{"not_picked":["LessonLearned","Halt+1","CrushJoints"],"picked":"Singing Bowl","floor":53.0},{"not_picked":["EmptyMind+1","DeceiveReality","Indignation"],"picked":"Singing Bowl","floor":53.0},{"not_picked":["Consecrate+1","Tantrum+1","ConjureBlade"],"picked":"Singing Bowl","floor":54}],"player_experience":184665,"relics_obtained":[{"floor":7.0,"key":"Oddly Smooth Stone"},{"floor":9.0,"key":"Singing Bowl"},{"floor":11.0,"key":"Omamori"},{"floor":14.0,"key":"Bird Faced Urn"},{"floor":20.0,"key":"Red Mask"},{"floor":24.0,"key":"Bottled Flame"},{"floor":28.0,"key":"Calipers"},{"floor":31.0,"key":"Whetstone"},{"floor":40.0,"key":"MawBank"},{"floor":43.0,"key":"Nunchaku"},{"floor":45.0,"key":"Anchor"},{"floor":47.0,"key":"Ancient Tea Set"},{"floor":54,"key":"Orichalcum"}],"event_choices":[{"damage_healed":0.0,"max_hp_gain":0.0,"max_hp_loss":0.0,"gold_gain":175.0,"event_name":"Liars Game","player_choice":"AGREE","floor":2.0,"gold_loss":0.0,"damage_taken":0.0,"cards_obtained":["Doubt"]},{"cards_removed":["Doubt"],"damage_healed":0.0,"max_hp_gain":0.0,"max_hp_loss":0.0,"gold_gain":0.0,"event_name":"The Cleric","player_choice":"Card Removal","floor":4.0,"gold_loss":50.0,"damage_taken":0.0},{"damage_healed":0.0,"max_hp_gain":0.0,"max_hp_loss":0.0,"gold_gain":75.0,"event_name":"World of Goop","player_choice":"Gather Gold","floor":5.0,"gold_loss":0.0,"damage_taken":11.0},{"damage_healed":0.0,"max_hp_gain":0.0,"max_hp_loss":0.0,"gold_gain":0.0,"event_name":"Masked Bandits","player_choice":"Fought Bandits","floor":20.0,"gold_loss":0.0,"damage_taken":0.0},{"damage_healed":0.0,"max_hp_gain":0.0,"max_hp_loss":0.0,"gold_gain":0.0,"event_name":"Duplicator","player_choice":"Copied","floor":21.0,"gold_loss":0.0,"damage_taken":0.0,"cards_obtained":["ClearTheMind"]},{"damage_healed":0.0,"max_hp_gain":0.0,"max_hp_loss":0.0,"gold_gain":999.0,"event_name":"MindBloom","player_choice":"Gold","floor":38.0,"gold_loss":0.0,"damage_taken":0.0,"cards_obtained":["Normality","Normality"]},{"damage_healed":0.0,"max_hp_gain":0.0,"max_hp_loss":0.0,"gold_gain":0.0,"event_name":"SensoryStone","player_choice":"Memory 1","floor":44.0,"gold_loss":0.0,"damage_taken":0.0},{"damage_healed":0.0,"max_hp_gain":0.0,"max_hp_loss":5.0,"gold_gain":0.0,"event_name":"Winding Halls","player_choice":"Max HP","floor":48.0,"gold_loss":0.0,"damage_taken":0.0}],"is_beta":false,"boss_relics":[{"not_picked":["Runic Pyramid","HolyWater"],"picked":"VioletLotus"},{"not_picked":["Fusion Hammer","Runic Dome"],"picked":"Cursed Key"}],"items_purged_floors":[12,22,36,53],"is_endless":false,"potions_floor_spawned":[3,7,14,16,18,29,33,35,46,47],"ascension_level":3}}