{"host":"fjaupvxe7fzqrf4j","time":1608525759,"event":{"mods":["BaseMod","Minty Spire (QoL Compilation)","StSLib"],"gold_per_floor":[414,487,443,443,311,342,342,373,443,478,508,533,124,124,124,201,201,213,233,233,251,262,290,318,352,352,377,377,412,442,476,476,553,553,570,570,570,271,114,140,168,194,218,243,243,274,309,334,334,334,334,334,334,25,58,58],"floor_reached":57,"playtime":2563,"items_purged":["Ball Lightning+1"],"score":4019,"play_id":"14375001-d77d-4b9b-b805-0d46a38dfce6","local_time":"20201221124239","daily_mods":["SealedDeck","Heirloom","Time Dilation","Flight","Elite Swarm"],"is_ascension_mode":true,"campfire_choices":[{"floor":7.0,"key":"REST"},{"data":"Recycle","floor":15.0,"key":"SMITH"},{"data":"Fission","floor":32.0,"key":"SMITH"},{"floor":45.0,"key":"RECALL"},{"data":"Biased Cognition","floor":49.0,"key":"SMITH"},{"data":"Turbo","floor":53.0,"key":"SMITH"}],"circlet_count":0,"master_deck":["AscendersBane","Streamline+1","Conserve Battery+1","White Noise+1","Force Field+1","Recycle+1","Coolheaded+1","Ball Lightning+1","Cold Snap+1","Heatsinks+1","Coolheaded+1","Capacitor+1","Core Surge+1","Biased Cognition+1","Fission+1","Biased Cognition+1","Core Surge+1","Blizzard+1","Glacier+1","Electrodynamics+1","Creative AI+1","Turbo+1","Biased Cognition+1"],"relics":["Cracked Core","Old Coin","Strawberry","Lantern","InkBottle","Darkstone Periapt","Whetstone","Singing Bowl","Anchor","PreservedInsect","Busted Crown","Toy Ornithopter","Ginger","Calipers","Pear","Akabeko","Juzu Bracelet","Letter Opener","Peace Pipe","Nuclear Battery","Mark of the Bloom","ClockworkSouvenir","Membership Card","Molten Egg 2","Boot","Art of War","DataDisk","Frozen Egg 2","Potion Belt","Smiling Mask","Cables","Mercury Hourglass","War Paint"],"acts_visited":["Exordium","TheCity","TheBeyond","TheEnding"],"potions_floor_usage":[56,56],"damage_taken":[{"damage":3.0,"enemies":"Jaw Worm","floor":1.0,"turns":3.0},{"damage":28.0,"enemies":"Gremlin Nob","floor":6.0,"turns":4.0},{"damage":14.0,"enemies":"3 Sentries","floor":8.0,"turns":5.0},{"damage":0.0,"enemies":"Gremlin Nob","floor":10.0,"turns":2.0},{"damage":9.0,"enemies":"3 Sentries","floor":11.0,"turns":7.0},{"damage":0.0,"enemies":"Lagavulin","floor":12.0,"turns":4.0},{"damage":4.0,"enemies":"Hexaghost","floor":16.0,"turns":8.0},{"damage":0.0,"enemies":"Spheric Guardian","floor":18.0,"turns":2.0},{"damage":0.0,"enemies":"3 Byrds","floor":19.0,"turns":2.0},{"damage":14.0,"enemies":"Snake Plant","floor":21.0,"turns":3.0},{"damage":0.0,"enemies":"Centurion and Healer","floor":22.0,"turns":5.0},{"damage":3.0,"enemies":"Book of Stabbing","floor":23.0,"turns":3.0},{"damage":0.0,"enemies":"Slavers","floor":24.0,"turns":2.0},{"damage":2.0,"enemies":"Book of Stabbing","floor":25.0,"turns":4.0},{"damage":8.0,"enemies":"Slavers","floor":27.0,"turns":3.0},{"damage":0.0,"enemies":"Book of Stabbing","floor":29.0,"turns":4.0},{"damage":8.0,"enemies":"Gremlin Leader","floor":30.0,"turns":3.0},{"damage":14.0,"enemies":"Book of Stabbing","floor":31.0,"turns":4.0},{"damage":0.0,"enemies":"Champ","floor":33.0,"turns":9.0},{"damage":0.0,"enemies":"Orb Walker","floor":35.0,"turns":2.0},{"damage":0.0,"enemies":"Reptomancer","floor":40.0,"turns":3.0},{"damage":0.0,"enemies":"Nemesis","floor":41.0,"turns":5.0},{"damage":0.0,"enemies":"Giant Head","floor":42.0,"turns":6.0},{"damage":0.0,"enemies":"Reptomancer","floor":44.0,"turns":2.0},{"damage":0.0,"enemies":"Giant Head","floor":46.0,"turns":4.0},{"damage":0.0,"enemies":"Nemesis","floor":47.0,"turns":4.0},{"damage":0.0,"enemies":"Giant Head","floor":48.0,"turns":3.0},{"damage":8.0,"enemies":"Awakened One","floor":50.0,"turns":5.0},{"damage":8.0,"enemies":"Donu and Deca","floor":51.0,"turns":6.0},{"damage":31.0,"enemies":"Shield and Spear","floor":55.0,"turns":5.0},{"damage":2,"enemies":"The Heart","floor":56,"turns":10}],"seed_played":"-7924598178137007074","potions_obtained":[{"floor":1.0,"key":"Explosive Potion"},{"floor":6.0,"key":"FearPotion"},{"floor":12.0,"key":"SteroidPotion"},{"floor":21.0,"key":"DuplicationPotion"},{"floor":24.0,"key":"Ancient Potion"},{"floor":25.0,"key":"FocusPotion"}],"is_trial":true,"path_per_floor":["M","?","$","?","$","E","R","E","T","E","E","E","$","?","R","B",null,"M","M","?","M","M","E","E","E","T","E","?","E","E","E","R","B",null,"M","?","?","$","$","E","E","E","T","E","R","E","E","E","R","B","B",null,"R","$","E","B",null],"character_chosen":"DEFECT","items_purchased":["Heatsinks","Coolheaded","Capacitor","Anchor","PreservedInsect","Blizzard","ClockworkSouvenir","Turbo","Membership Card","FocusPotion","Cables","Mercury Hourglass"],"campfire_rested":1,"item_purchase_floors":[3,5,5,13,13,13,38,38,39,54,54,54],"current_hp_per_floor":[61,61,61,40,40,19,42,28,28,28,19,19,19,19,19,15,62,64,66,66,54,56,55,57,57,67,61,61,61,55,43,43,45,94,96,96,96,96,96,96,96,96,96,96,96,96,96,96,96,88,80,80,80,80,49,47],"gold":58,"neow_bonus":"","is_daily":false,"chose_seed":false,"campfire_upgraded":4,"win_rate":0.0,"timestamp":1608525759,"path_taken":["M","?","$","?","$","E","R","E","T","E","E","E","$","?","R","BOSS","M","?","?","?","?","E","E","E","T","E","?","E","E","E","R","BOSS","M","?","?","$","$","E","E","E","T","E","R","E","E","E","R","BOSS","BOSS","R","$","E","BOSS"],"items_purchased_type":["Card","Card","Card","Relic","Relic","Card","Relic","Card","Relic","Potion","Relic","Relic"],"build_version":"2020-12-13","purchased_purges":1,"victory":true,"max_hp_per_floor":[71,71,71,71,71,78,78,78,78,78,78,78,78,78,78,78,78,80,82,82,84,86,88,90,92,102,104,104,104,106,108,108,110,110,112,112,112,112,112,114,114,116,116,118,118,120,122,124,124,124,124,124,124,124,126,126],"card_choices":[{"not_picked":["Lockon","Storm","Cold Snap"],"picked":"SKIP","floor":1.0},{"not_picked":["Rainbow","Meteor Strike"],"picked":"Core Surge","floor":6.0},{"not_picked":["Meteor Strike","Buffer"],"picked":"Biased Cognition","floor":8.0},{"not_picked":["Creative AI","Thunder Strike"],"picked":"Fission","floor":10.0},{"not_picked":["Hyperbeam","Amplify"],"picked":"Biased Cognition","floor":11.0},{"not_picked":["Reboot","Machine Learning"],"picked":"Core Surge","floor":12.0},{"not_picked":["Fission","Seek"],"picked":"Electrodynamics","floor":16.0},{"not_picked":["Steam"],"picked":"Singing Bowl","floor":18.0},{"not_picked":["Go for the Eyes"],"picked":"Singing Bowl","floor":19.0},{"not_picked":["Leap"],"picked":"Singing Bowl","floor":21.0},{"not_picked":["Tempest"],"picked":"Singing Bowl","floor":22.0},{"not_picked":["Core Surge"],"picked":"Singing Bowl","floor":23.0},{"not_picked":["Multi-Cast"],"picked":"Singing Bowl","floor":24.0},{"not_picked":["Amplify"],"picked":"Singing Bowl","floor":25.0},{"not_picked":["Core Surge"],"picked":"Singing Bowl","floor":27.0},{"not_picked":[],"picked":"Creative AI","floor":29.0},{"not_picked":["Fission"],"picked":"Singing Bowl","floor":30.0},{"not_picked":["Multi-Cast"],"picked":"Singing Bowl","floor":31.0},{"not_picked":["Reboot"],"picked":"Singing Bowl","floor":33.0},{"not_picked":["Reprogram"],"picked":"Singing Bowl","floor":35.0},{"not_picked":["Hyperbeam+1"],"picked":"Singing Bowl","floor":40.0},{"not_picked":[],"picked":"Biased Cognition","floor":41.0},{"not_picked":["Reboot"],"picked":"Singing Bowl","floor":42.0},{"not_picked":["Meteor Strike+1"],"picked":"Singing Bowl","floor":44.0},{"not_picked":["Fission"],"picked":"Singing Bowl","floor":46.0},{"not_picked":["Hyperbeam+1"],"picked":"Singing Bowl","floor":47.0},{"not_picked":["Hyperbeam+1"],"picked":"Singing Bowl","floor":48.0},{"not_picked":["Fission"],"picked":"Singing Bowl","floor":55.0}],"player_experience":215368,"relics_obtained":[{"floor":6.0,"key":"Strawberry"},{"floor":8.0,"key":"Lantern"},{"floor":9.0,"key":"InkBottle"},{"floor":10.0,"key":"Darkstone Periapt"},{"floor":11.0,"key":"Whetstone"},{"floor":12.0,"key":"Singing Bowl"},{"floor":23.0,"key":"Toy Ornithopter"},{"floor":24.0,"key":"Ginger"},{"floor":25.0,"key":"Calipers"},{"floor":26.0,"key":"Pear"},{"floor":27.0,"key":"Akabeko"},{"floor":29.0,"key":"Juzu Bracelet"},{"floor":30.0,"key":"Letter Opener"},{"floor":31.0,"key":"Peace Pipe"},{"floor":40.0,"key":"Molten Egg 2"},{"floor":41.0,"key":"Boot"},{"floor":42.0,"key":"Art of War"},{"floor":44.0,"key":"DataDisk"},{"floor":46.0,"key":"Frozen Egg 2"},{"floor":47.0,"key":"Potion Belt"},{"floor":48.0,"key":"Smiling Mask"},{"floor":55.0,"key":"War Paint"}],"event_choices":[{"damage_healed":0.0,"max_hp_gain":0.0,"max_hp_loss":0.0,"gold_gain":73.0,"event_name":"Golden Wing","player_choice":"Gained Gold","floor":2.0,"gold_loss":0.0,"damage_taken":0.0},{"damage_healed":0.0,"max_hp_gain":0.0,"max_hp_loss":0.0,"gold_gain":0.0,"event_name":"Shining Light","player_choice":"Entered Light","floor":4.0,"gold_loss":0.0,"damage_taken":21.0,"cards_upgraded":["Ball Lightning","Coolheaded"]},{"damage_healed":0.0,"max_hp_gain":0.0,"max_hp_loss":0.0,"gold_gain":0.0,"cards_transformed":["Capacitor"],"event_name":"Transmorgrifier","player_choice":"Transformed","floor":14.0,"gold_loss":0.0,"damage_taken":0.0,"cards_obtained":["Glacier"]},{"damage_healed":0.0,"max_hp_gain":0.0,"max_hp_loss":0.0,"gold_gain":0.0,"event_name":"Upgrade Shrine","player_choice":"Upgraded","floor":20.0,"gold_loss":0.0,"damage_taken":0.0,"cards_upgraded":["Coolheaded"]},{"damage_healed":0.0,"max_hp_gain":0.0,"max_hp_loss":0.0,"gold_gain":0.0,"event_name":"The Mausoleum","player_choice":"Ignored","floor":28.0,"gold_loss":0.0,"damage_taken":0.0},{"damage_healed":0.0,"max_hp_gain":0.0,"max_hp_loss":0.0,"gold_gain":0.0,"event_name":"MindBloom","player_choice":"Upgrade","floor":36.0,"gold_loss":0.0,"damage_taken":0.0,"cards_upgraded":["Conserve Battery","White Noise","Force Field","Cold Snap","Heatsinks","Capacitor","Core Surge","Biased Cognition","Biased Cognition","Core Surge","Blizzard","Glacier","Electrodynamics","Creative AI"],"relics_obtained":["Mark of the Bloom"]},{"damage_healed":0.0,"max_hp_gain":0.0,"max_hp_loss":0.0,"gold_gain":0.0,"event_name":"Accursed Blacksmith","player_choice":"Ignored","floor":37.0,"gold_loss":0.0,"damage_taken":0.0}],"is_beta":false,"boss_relics":[{"not_picked":["Snecko Eye","Fusion Hammer"],"picked":"Busted Crown"},{"not_picked":["Runic Dome","Cursed Key"],"picked":"Nuclear Battery"}],"items_purged_floors":[38],"is_endless":false,"potions_floor_spawned":[1,6,12,21,24,25,27,29,30,41,42,44,46],"ascension_level":20}}