{"host":"4kgga43fr9t628g1","time":1608540190,"event":{"mods":["Act Like it!","BaseMod","Downfall","Minty Spire (QoL Compilation)","StSLib"],"gold_per_floor":[99,131,141,152,152,102,129,159,109,143,143,160,175,175,186,286,286,236,253,353,383,401,465,519,552,502,537,556,606,625,639,659,757,757,707,757,785,514,576,615,427,467,354,428,24,38,59,77,77,77,108,25,25,25],"floor_reached":55,"playtime":4098,"items_purged":["Slimebound:Defend_Slimebound","Slimebound:Defend_Slimebound"],"score":1453,"play_id":"8f046ea5-5da6-4c22-a083-f1a1304b21b1","local_time":"20201221004310","is_ascension_mode":true,"campfire_choices":[{"data":"Slimebound:Split","floor":1.0,"key":"SMITH"},{"data":"Slimebound:CorrosiveSpit","floor":6.0,"key":"SMITH"},{"data":"Slimebound:MassFeed","floor":9.0,"key":"SMITH"},{"data":"Slimebound:GrowthPunch","floor":18.0,"key":"SMITH"},{"data":"Slimebound:Gluttony","floor":26.0,"key":"SMITH"},{"floor":35.0,"key":"RECALL"},{"data":"Slimebound:DuplicatedForm","floor":41.0,"key":"SMITH"},{"data":"Slimebound:LeechEnergy","floor":43.0,"key":"SMITH"},{"data":"Slimebound:LeadByExample","floor":53.0,"key":"SMITH"}],"circlet_count":0,"master_deck":["Slimebound:Strike_Slimebound","Slimebound:Strike_Slimebound","Slimebound:Defend_Slimebound","Slimebound:Split+1","Slimebound:CorrosiveSpit+1","Slimebound:SplitAcid+1","Slimebound:LeechingTouch","Slimebound:MassFeed+1","Slimebound:Gluttony+1","Slimebound:GrowthPunch+1","Slimebound:LeechEnergy+1","Slimebound:RallyTheTroops","Slimebound:SplitMire","Slimebound:DisruptingSlam+1","Slimebound:DuplicatedForm+1","Slimebound:HauntingLick+1","Slimebound:Prepare+1","Slimebound:CheckThePlaybook+1","Slimebound:LeechEnergy+1","Slimebound:RainOfGoop+1","Slimebound:Prepare+1","Slimebound:Gluttony+1","Master of Strategy","Slimebound:LeadByExample+1","expansioncontent:QuickStudy","Slimebound:OozeBath","expansioncontent:Collect"],"relics":["Slimebound:AbsorbEndCombat","Vajra","Slimebound:GreedOozeRelic","Bag of Marbles","Strawberry","Akabeko","Sozu","downfall:CloakOfManyFaces","CultistMask","FaceOfCleric","NlothsMask","GremlinMask","SsserpentHead","TungstenRod","Potion Belt","Bottled Lightning","Slimebound:TarBlob","MawBank","downfall:TeleportStone","downfall:HeartBlessingRed","downfall:HeartBlessingBlue","Bag of Preparation","downfall:HeartBlessingGreen","DollysMirror","War Paint"],"acts_visited":["Exordium","TheCity","TheBeyond","TheEnding"],"potions_floor_usage":[],"damage_taken":[{"damage":28.0,"enemies":"Lagavulin","floor":2.0,"turns":8.0},{"damage":14.0,"enemies":"Jaw Worm","floor":3.0,"turns":3.0},{"damage":12.0,"enemies":"2 Louse","floor":4.0,"turns":3.0},{"damage":17.0,"enemies":"3 Sentries","floor":8.0,"turns":5.0},{"damage":13.0,"enemies":"Gremlin Nob","floor":10.0,"turns":4.0},{"damage":15.0,"enemies":"Small Slimes","floor":12.0,"turns":2.0},{"damage":16.0,"enemies":"Blue Slaver","floor":13.0,"turns":2.0},{"damage":15.0,"enemies":"Lots of Slimes","floor":15.0,"turns":2.0},{"damage":39.0,"enemies":"downfall:Ironclad","floor":16.0,"turns":5.0},{"damage":12.0,"enemies":"Spheric Guardian","floor":19.0,"turns":3.0},{"damage":17.0,"enemies":"downfall:FaceTrader","floor":20.0,"turns":4.0},{"damage":16.0,"enemies":"Gremlin Leader","floor":21.0,"turns":4.0},{"damage":28.0,"enemies":"Chosen","floor":22.0,"turns":3.0},{"damage":11.0,"enemies":"Snake Plant","floor":23.0,"turns":3.0},{"damage":26.0,"enemies":"Book of Stabbing","floor":25.0,"turns":4.0},{"damage":44.0,"enemies":"Slavers","floor":27.0,"turns":4.0},{"damage":31.0,"enemies":"Centurion and Healer","floor":28.0,"turns":5.0},{"damage":28.0,"enemies":"Shelled Parasite and Fungi","floor":30.0,"turns":2.0},{"damage":30.0,"enemies":"Snake Plant","floor":31.0,"turns":3.0},{"damage":28.0,"enemies":"Centurion and Healer","floor":32.0,"turns":3.0},{"damage":46.0,"enemies":"downfall:Watcher","floor":33.0,"turns":6.0},{"damage":27.0,"floor":36.0,"turns":3.0},{"damage":72.0,"enemies":"Nemesis","floor":37.0,"turns":5.0},{"damage":55.0,"enemies":"Giant Head","floor":42.0,"turns":5.0},{"damage":61.0,"enemies":"3 Darklings","floor":44.0,"turns":3.0},{"damage":44.0,"enemies":"downfall:FleeingMerchant","floor":45.0,"turns":4.0},{"damage":15.0,"enemies":"3 Shapes","floor":46.0,"turns":3.0},{"damage":24.0,"enemies":"downfall:FleeingMerchant","floor":47.0,"turns":1.0},{"damage":52.0,"enemies":"Maw","floor":48.0,"turns":5.0},{"damage":135.0,"enemies":"downfall:Silent","floor":49.0,"turns":7.0},{"damage":74.0,"enemies":"downfall:CharBossMerchant","floor":51.0,"turns":6.0},{"damage":151,"enemies":"downfall:NeowBoss","floor":54,"turns":20}],"seed_played":"-2004110882758852176","potions_obtained":[{"floor":3.0,"key":"Swift Potion"},{"floor":4.0,"key":"sneckomod:MuddlingPotion"},{"floor":10.0,"key":"Block Potion"},{"floor":12.0,"key":"EssenceOfSteel"},{"floor":13.0,"key":"CultistPotion"}],"is_trial":false,"path_per_floor":["R","E","M","M","?","R","T","E","R","E","?","M","M","?","M","B",null,"R","M","?","E","M","M","T","E","R","E","M","?","M","M","M","B",null,"R","?","E","?","?","T","R","E","R","M","$","M","$","M","B",null,"E","$","R","B",null],"character_chosen":"SLIMEBOUND","items_purchased":["DollysMirror","Master of Strategy","expansioncontent:QuickStudy","expansioncontent:Collect"],"campfire_rested":0,"item_purchase_floors":[45,45,47,52],"current_hp_per_floor":[42,30,32,34,34,34,34,40,40,35,35,38,36,36,41,34,83,83,83,87,88,93,95,95,99,99,86,105,102,89,86,85,93,114,114,119,97,135,135,135,145,150,150,140,146,148,148,146,85,156,140,140,140,149],"gold":25,"neow_bonus":"REMOVE_TWO","is_daily":false,"chose_seed":false,"campfire_upgraded":8,"win_rate":0.0,"timestamp":1608540190,"path_taken":["R","E","M","M","?","R","T","E","R","E","?","M","M","?","M","BOSS","R","M","?","E","M","?","T","E","R","E","M","?","M","M","M","BOSS","R","?","E","?","?","T","R","E","R","?","$","M","$","M","BOSS","E","$","R","BOSS"],"items_purchased_type":["Relic","Card","Card","Card"],"build_version":"2020-12-13","purchased_purges":2,"victory":true,"max_hp_per_floor":[60,60,60,60,60,60,60,67,67,67,67,71,75,75,83,83,83,83,83,87,88,93,98,98,103,103,108,113,102,107,112,113,114,114,114,119,120,135,135,135,145,150,150,151,152,153,154,155,156,156,157,157,157,158],"card_choices":[{"not_picked":["Slimebound:SplitMire","Slimebound:WasteNot"],"picked":"Slimebound:SplitAcid","floor":2.0},{"not_picked":["Slimebound:SlimeSpikes","Slimebound:SamplingLick","Slimebound:ComboTackle"],"picked":"SKIP","floor":3.0},{"not_picked":["Slimebound:SamplingLick","Slimebound:ViciousTackle"],"picked":"Slimebound:LeechingTouch","floor":4.0},{"not_picked":["Slimebound:SplitAcid","Slimebound:OneTwoCombo"],"picked":"Slimebound:MassFeed","floor":8.0},{"not_picked":["Slimebound:FinishingTackle","Slimebound:SplitMire"],"picked":"Slimebound:Gluttony","floor":10.0},{"not_picked":["Slimebound:PressTheAttack","Slimebound:ViciousTackle"],"picked":"Slimebound:GrowthPunch","floor":12.0},{"not_picked":["Slimebound:SamplingLick","Slimebound:PressTheAttack","Slimebound:ComboTackle"],"picked":"SKIP","floor":13.0},{"not_picked":["Slimebound:Repurpose","Slimebound:LivingWall"],"picked":"Slimebound:LeechEnergy","floor":15.0},{"not_picked":["Slimebound:Teamwork","Slimebound:Darklings"],"picked":"Slimebound:RallyTheTroops","floor":16.0},{"not_picked":["Slimebound:ViciousTackle","Slimebound:SplitLeeching"],"picked":"Slimebound:SplitMire","floor":19.0},{"not_picked":["Slimebound:Repurpose","Slimebound:ViciousTackle"],"picked":"Slimebound:DisruptingSlam+1","floor":20.0},{"not_picked":["Slimebound:LeechEnergy","Slimebound:PressTheAttack"],"picked":"Slimebound:DuplicatedForm","floor":21.0},{"not_picked":["Slimebound:LeechingTouch","Slimebound:SamplingLick","Slimebound:GoopSpray"],"picked":"SKIP","floor":22.0},{"not_picked":["Slimebound:FinishingTackle+1","Slimebound:SpikyOuterGoop"],"picked":"Slimebound:HauntingLick+1","floor":23.0},{"not_picked":["Slimebound:SlimeSpikes","Slimebound:RainOfGoop+1"],"picked":"Slimebound:Prepare+1","floor":25.0},{"not_picked":["Slimebound:LeechingTouch","Slimebound:FlameTackle","Slimebound:GoopSpray+1"],"picked":"SKIP","floor":27.0},{"not_picked":["Slimebound:SplitMire+1","Slimebound:GoopSpray","Slimebound:SplitBruiser"],"picked":"SKIP","floor":28.0},{"not_picked":["Slimebound:SlimeSpikes","Slimebound:LeechEnergy","Slimebound:DouseInSlime"],"picked":"SKIP","floor":30.0},{"not_picked":["Slimebound:SlimeBarrage","Slimebound:ForwardTackle","Slimebound:SplitBruiser"],"picked":"SKIP","floor":31.0},{"not_picked":["Slimebound:SlimeBrawl+1","Slimebound:RejuvenatingLick"],"picked":"Slimebound:LeechEnergy+1","floor":32.0},{"not_picked":["Slimebound:ComboTackle","Slimebound:Chomp+1"],"picked":"Slimebound:RainOfGoop+1","floor":37.0},{"not_picked":["Slimebound:GoopSpray","Slimebound:SlimeBarrage+1"],"picked":"Slimebound:Prepare+1","floor":42.0},{"not_picked":["Slimebound:PressTheAttack","Slimebound:LeechingTouch+1","Slimebound:SplitAcid+1"],"picked":"SKIP","floor":44.0},{"not_picked":["Slimebound:LivingWall","Slimebound:BestDefense","Slimebound:SlimeSpikes+1"],"picked":"SKIP","floor":45.0},{"not_picked":["Slimebound:LeechingTouch","Slimebound:SlimeSpikes","Slimebound:ViciousTackle"],"picked":"SKIP","floor":46.0},{"not_picked":["Slimebound:LeechingTouch","Slimebound:FlameTackle+1"],"picked":"Slimebound:LeadByExample","floor":47.0},{"not_picked":["Slimebound:LeechingTouch+1","Slimebound:SplitMire+1","Slimebound:ComboTackle"],"picked":"SKIP","floor":48.0},{"not_picked":["Slimebound:SlimeSpikes+1","Slimebound:SplitSpecialist+1"],"picked":"Slimebound:OozeBath","floor":51.0}],"player_experience":822277,"relics_obtained":[{"floor":2.0,"key":"Vajra"},{"floor":7.0,"key":"Bag of Marbles"},{"floor":8.0,"key":"Strawberry"},{"floor":10.0,"key":"Akabeko"},{"floor":20.0,"key":"downfall:CloakOfManyFaces"},{"floor":21.0,"key":"TungstenRod"},{"floor":25.0,"key":"Potion Belt"},{"floor":27.0,"key":"Bottled Lightning"},{"floor":37.0,"key":"MawBank"},{"floor":42.0,"key":"Bag of Preparation"},{"floor":51.0,"key":"War Paint"}],"event_choices":[{"cards_removed":["Slimebound:Strike_Slimebound"],"damage_healed":0.0,"max_hp_gain":0.0,"max_hp_loss":0.0,"gold_gain":0.0,"event_name":"The Cleric","player_choice":"Card Removal","floor":11.0,"gold_loss":0.0,"damage_taken":0.0}],"is_beta":false,"boss_relics":[{"not_picked":["Calling Bell","Busted Crown"],"picked":"Sozu"},{"not_picked":["Philosopher\u0027s Stone","Coffee Dripper"],"picked":"Slimebound:TarBlob"}],"items_purged_floors":[45,47],"is_endless":false,"potions_floor_spawned":[3,4,10,12,13,20,21,25,27,30,33,36,44,48],"ascension_level":2}}