{"host":"bq4pt811tk9yrmjl","time":1608552249,"event":{"mods":["AchievementEnabler","BaseMod","Colored Map","Colored Powertips","Defuse TimeMaze Blight","Minty Spire (QoL Compilation)","StSLib","SuperFastMode","UnlockEverythingMod"],"gold_per_floor":[112,37,49,49,49,80,80,113,195,195,7,19,30,30,30,135,135,148,167,182,194,194,226,226,226,226],"floor_reached":25,"playtime":561,"items_purged":[],"score":269,"play_id":"bb58c7ec-4d92-4465-a627-c4a4a01c18c9","local_time":"20201221100409","is_ascension_mode":true,"campfire_choices":[{"data":"Armaments","floor":7.0,"key":"SMITH"},{"data":"Rage","floor":10.0,"key":"SMITH"},{"data":"Feel No Pain","floor":15.0,"key":"SMITH"}],"circlet_count":0,"master_deck":["Strike_R","Strike_R","Strike_R","Strike_R","Defend_R","Defend_R","Defend_R","Defend_R","Bash","Armaments+1","Feel No Pain+1","Iron Wave","Rage+1","Metallicize+1","Cleave","Heavy Blade","Demon Form+1","Fire Breathing+1","Carnage+1","Demon Form+1","Disarm"],"relics":["Burning Blood","NeowsBlessing","Omamori","Pear","Frozen Egg 2","Medical Kit","Mark of Pain","Bronze Scales","Bag of Marbles"],"acts_visited":["Exordium","TheCity"],"potions_floor_usage":[20],"damage_taken":[{"damage":0.0,"enemies":"Cultist","floor":1.0,"turns":1.0},{"damage":0.0,"enemies":"2 Louse","floor":3.0,"turns":1.0},{"damage":0.0,"enemies":"Lagavulin","floor":6.0,"turns":2.0},{"damage":9.0,"enemies":"3 Sentries","floor":8.0,"turns":13.0},{"damage":0.0,"enemies":"Small Slimes","floor":12.0,"turns":6.0},{"damage":0.0,"enemies":"Exordium Wildlife","floor":13.0,"turns":2.0},{"damage":76.0,"enemies":"The Guardian","floor":16.0,"turns":18.0},{"damage":3.0,"enemies":"Chosen","floor":18.0,"turns":6.0},{"damage":5,"enemies":"Spheric Guardian","floor":19,"turns":4},{"damage":25,"enemies":"Snake Plant","floor":20,"turns":4},{"damage":7,"enemies":"Centurion and Healer","floor":21,"turns":6},{"damage":51,"enemies":"Gremlin Leader","floor":23,"turns":7},{"damage":0,"enemies":"Book of Stabbing","floor":25,"turns":1}],"seed_played":"3059896455468863868","potions_obtained":[{"floor":6.0,"key":"LiquidMemories"},{"floor":8.0,"key":"Explosive Potion"},{"floor":12.0,"key":"Weak Potion"},{"floor":16.0,"key":"SneckoOil"},{"floor":18.0,"key":"AttackPotion"},{"floor":19,"key":"FearPotion"},{"floor":21,"key":"Strength Potion"}],"is_trial":false,"path_per_floor":["M","$","M","?","?","E","R","E","T","R","$","M","M","T","R","B",null,"M","M","M","M","$","E","?","E"],"character_chosen":"IRONCLAD","items_purchased":["Feel No Pain","Metallicize+1","Medical Kit"],"campfire_rested":0,"item_purchase_floors":[2,11,11],"current_hp_per_floor":[80,80,80,80,80,80,80,87,87,87,87,90,90,90,90,20,90,90,90,71,70,70,25,25,25,25],"gold":226,"neow_bonus":"THREE_ENEMY_KILL","is_daily":false,"chose_seed":false,"campfire_upgraded":3,"win_rate":0.0,"timestamp":1608552249,"path_taken":["M","$","M","?","?","E","R","E","T","R","$","M","?","?","R","BOSS","M","M","M","M","$","E","?","E"],"items_purchased_type":["Card","Card","Relic"],"build_version":"2020-12-13","purchased_purges":0,"victory":false,"max_hp_per_floor":[80,80,80,80,80,80,80,90,90,90,90,90,90,90,90,90,90,90,90,90,90,90,90,90,90,90],"card_choices":[{"not_picked":["Sever Soul","True Grit"],"picked":"Armaments","floor":1.0},{"not_picked":["Battle Trance","Carnage"],"picked":"Iron Wave","floor":3.0},{"not_picked":["Offering","Burning Pact","Headbutt"],"picked":"SKIP","floor":6.0},{"not_picked":["Dropkick","Warcry"],"picked":"Rage","floor":8.0},{"not_picked":["Hemokinesis","Bloodletting"],"picked":"Cleave","floor":12.0},{"not_picked":["Sentinel","Rage"],"picked":"Heavy Blade","floor":13.0},{"not_picked":["Impervious","Exhume"],"picked":"Demon Form+1","floor":16.0},{"not_picked":["Ghostly Armor","Twin Strike"],"picked":"Fire Breathing+1","floor":18.0},{"not_picked":["Headbutt","Carnage+1","Perfected Strike"],"picked":"SKIP","floor":19},{"not_picked":["Headbutt","Perfected Strike"],"picked":"Carnage+1","floor":19},{"not_picked":["Wild Strike","Perfected Strike"],"picked":"Demon Form+1","floor":20},{"not_picked":["Ghostly Armor","Thunderclap+1"],"picked":"Disarm","floor":21},{"not_picked":["Pommel Strike","Brutality+1","Clothesline"],"picked":"SKIP","floor":23}],"player_experience":89482,"relics_obtained":[{"floor":6.0,"key":"Omamori"},{"floor":8.0,"key":"Pear"},{"floor":9.0,"key":"Frozen Egg 2"},{"floor":23,"key":"Bronze Scales"}],"event_choices":[{"damage_healed":0.0,"max_hp_gain":0.0,"max_hp_loss":0.0,"gold_gain":0.0,"event_name":"Golden Wing","player_choice":"Ignored","floor":4.0,"gold_loss":0.0,"damage_taken":0.0},{"cards_removed":["Strike_R"],"damage_healed":0.0,"max_hp_gain":0.0,"max_hp_loss":0.0,"gold_gain":0.0,"event_name":"Purifier","player_choice":"Purged","floor":5.0,"gold_loss":0.0,"damage_taken":0.0},{"damage_healed":0,"gold_gain":0,"player_choice":"Opened","damage_taken":0,"relics_obtained":["Bag of Marbles"],"max_hp_gain":0,"max_hp_loss":0,"event_name":"The Mausoleum","floor":24,"gold_loss":0}],"is_beta":false,"boss_relics":[{"not_picked":["SlaversCollar","Astrolabe"],"picked":"Mark of Pain"}],"items_purged_floors":[],"is_endless":false,"potions_floor_spawned":[6,8,12,16,18,19,21],"killed_by":"Book of Stabbing","ascension_level":1}}