{"host":"tvisvdzhdjky5zoz","time":1608571427,"event":{"mods":["Act Like it!","Alarm Clock","BaseMod","Colored Powertips","Conspire","Humility","Minty Spire (QoL Compilation)","Quick Restart","Replay The Spire","RumiaBox-露米娅的神秘盒子","Spicy Shops","StSLib","TestMod","Uncapped","Waifu the Spire","【功能Mod】Neow奖励","【功能Mod】混沌之环修复补丁","【遗物卡牌】REMEMod"],"gold_per_floor":[116,116,41,56,73,73,99,99,99,133,81,81,98,132,132,209,209,227,6,17,27,40,71,71,86,154,189,29,29,64,64,64,138,138,154,170,45,55,71,71,83,116,116,127,161,161,194,211,211,211,211],"floor_reached":52,"playtime":3052,"items_purged":["Strike_R","Bash","Hemogenesis+1"],"score":2844,"play_id":"c78945d8-1dcf-42dc-9f61-45ed6d32ee4c","local_time":"20201222012347","is_ascension_mode":true,"campfire_choices":[{"data":"Rampage","floor":6.0,"key":"SMITH"},{"data":"Entrench","floor":8.0,"key":"SMITH"},{"data":"Devotion","floor":12.0,"key":"SMITH"},{"floor":15.0,"key":"DIG"},{"data":"Devotion+1","floor":24.0,"key":"SMITH"},{"data":"Devotion+2","floor":29.0,"key":"SMITH"},{"data":"Devotion+3","floor":32.0,"key":"SMITH"},{"data":"Devotion+4","floor":40.0,"key":"SMITH"},{"data":"Armaments","floor":49.0,"key":"SMITH"}],"circlet_count":0,"master_deck":["AscendersBane","Strike_R","Strike_R","Defend_R","Defend_R","Devotion+5","Entrench+1","Rampage+1","christmas-Famine","Shrug It Off","Body Slam","Armaments+1","Shrug It Off","Armaments+1","Offering+1","Second Wind","Pommel Strike+1","conspire:Purge+1","Shrug It Off","Clash+1","Armaments+1","Warcry+1","Battle Trance","Armaments+1","Body Slam+1","Writhe","Armaments+1"],"relics":["testmod-TestBox","REME_ComplimentaryCards","Black Star","testmod-GiftOfSatan","CultistMask","Matryoshka","Darkstone Periapt","Golden Egg","REME_PuzzleBoxRelic","conspire:InfiniteJournal","testmod-DragonStarHat","Shovel","ChaoDraw","testmod-TurbochargingSystem","testmod-BatchProcessingSystem","BargainBundle","testmod-BalancedPeriapt","Boot","ReplayFunnel","Mirror","Bag of Preparation","testmod-InfectionSource","Medical Kit","Molten Egg 2","Du-Vu Doll","testmod-Prudence","GodSword5","MealTicket","MagicDraw3","Smiling Mask","testmod-IndustrialRevolution","Regal Pillow","ZombieArmy"],"acts_visited":["Exordium","TheCity","TheBeyond"],"potions_floor_usage":[],"damage_taken":[{"damage":19.0,"enemies":"Jaw Worm","floor":1.0,"turns":3.0},{"damage":0.0,"enemies":"Cultist","floor":4.0,"turns":2.0},{"damage":0.0,"enemies":"Small Slimes","floor":5.0,"turns":1.0},{"damage":65.0,"enemies":"3 Sentries","floor":7.0,"turns":7.0},{"damage":23.0,"enemies":"Lagavulin","floor":10.0,"turns":4.0},{"damage":14.0,"enemies":"Exordium Thugs","floor":13.0,"turns":3.0},{"damage":39.0,"enemies":"3 Sentries","floor":14.0,"turns":7.0},{"damage":128.0,"enemies":"Fading Forest","floor":16.0,"turns":13.0},{"damage":0.0,"enemies":"2 Thieves","floor":18.0,"turns":2.0},{"damage":13.0,"enemies":"Shell Parasite","floor":20.0,"turns":3.0},{"damage":0.0,"enemies":"3 Cultists","floor":21.0,"turns":3.0},{"damage":5.0,"enemies":"Centurion and Healer","floor":22.0,"turns":3.0},{"damage":26.0,"enemies":"REME_1_Revenger","floor":23.0,"turns":4.0},{"damage":6.0,"enemies":"Snecko","floor":25.0,"turns":2.0},{"damage":12.0,"enemies":"Gremlin Leader","floor":27.0,"turns":1.0},{"damage":0.0,"enemies":"conspire:SneckoGhost","floor":30.0,"turns":2.0},{"damage":6.0,"enemies":"Pondfish","floor":33.0,"turns":3.0},{"damage":27.0,"enemies":"3 Darklings","floor":35.0,"turns":2.0},{"damage":11.0,"enemies":"Orb Walker","floor":36.0,"turns":2.0},{"damage":11.0,"enemies":"3 Darklings","floor":38.0,"turns":3.0},{"damage":14.0,"enemies":"Sphere and 2 Shapes","floor":39.0,"turns":3.0},{"damage":11.0,"enemies":"Transient","floor":41.0,"turns":7.0},{"damage":6.0,"enemies":"Reptomancer","floor":42.0,"turns":3.0},{"damage":6.0,"enemies":"Jaw Worm Horde","floor":44.0,"turns":2.0},{"damage":0.0,"enemies":"R_Hoarder","floor":45.0,"turns":2.0},{"damage":6.0,"enemies":"Giant Head","floor":47.0,"turns":4.0},{"damage":6.0,"enemies":"Maw","floor":48.0,"turns":3.0},{"damage":5.0,"enemies":"Time Eater","floor":50.0,"turns":4.0},{"damage":0,"enemies":"Donu and Deca","floor":51,"turns":5}],"seed_played":"301668999695802319","potions_obtained":[{"floor":1.0,"key":"DistilledChaos"},{"floor":4.0,"key":"Doom Potion"},{"floor":18.0,"key":"PowerPotion"},{"floor":22.0,"key":"Explosive Potion"},{"floor":23.0,"key":"Adrenaline Potion"},{"floor":36.0,"key":"SneckoOil"},{"floor":45.0,"key":"Block Potion"}],"is_trial":false,"path_per_floor":["M","?","$","M","M","R","E","R","T","E","$","R","M","E","R","B",null,"M","$","M","M","M","E","R","M","T","E","$","R","E","?","R","B",null,"M","M","$","M","M","R","M","E","T","M","E","?","E","M","R","B","B",null],"character_chosen":"IRONCLAD","items_purchased":["Armaments","BargainBundle","Armaments","testmod-LimitFlipper","Reflective Coating","Medical Kit"],"campfire_rested":0,"item_purchase_floors":[11,19,19,19,19,28],"current_hp_per_floor":[60,60,60,70,70,70,57,57,57,47,47,47,55,34,34,49,96,119,119,109,124,129,132,132,136,136,135,135,135,136,136,136,136,136,109,118,118,107,93,93,82,76,76,70,70,125,119,113,113,108,108],"gold":211,"neow_bonus":"BOSS_RELIC","is_daily":false,"chose_seed":false,"campfire_upgraded":8,"win_rate":0.0,"timestamp":1608571427,"path_taken":["M","?","$","M","M","R","E","R","T","E","$","R","?","E","R","BOSS","M","$","M","M","M","E","R","M","T","E","$","R","E","?","R","BOSS","M","M","$","M","M","R","M","E","T","M","E","?","E","M","R","BOSS","BOSS"],"items_purchased_type":["Card","Relic","Card","Card","Potion","Relic"],"build_version":"2020-12-13","purchased_purges":3,"victory":true,"max_hp_per_floor":[80,80,80,85,85,85,102,102,102,107,107,107,112,112,112,112,112,119,119,119,124,129,136,136,136,136,136,136,136,136,136,136,136,136,136,136,136,136,136,136,136,136,136,136,136,136,136,136,136,136,136],"card_choices":[{"not_picked":["Perfected Strike","Uppercut"],"picked":"Entrench","floor":1.0},{"not_picked":["Reckless Charge","ReplayTheSpireMod:Strike From Hell"],"picked":"Rampage","floor":4.0},{"not_picked":["christmas-War","christmas-Plague"],"picked":"christmas-Famine","floor":5.0},{"not_picked":["Combust","Havoc","Wild Strike"],"picked":"SKIP","floor":5.0},{"not_picked":["Blood for Blood","Inflame"],"picked":"Shrug It Off","floor":7.0},{"not_picked":["ReplayTheSpireMod:Strike From Hell","Defy Death"],"picked":"Body Slam","floor":10.0},{"not_picked":["REME_FearOfPain","True Grit","Iron Wave"],"picked":"SKIP","floor":13.0},{"not_picked":["Havoc","Heavy Blade","Defy Death"],"picked":"SKIP","floor":14.0},{"not_picked":["Demonic Infusion","Offering"],"picked":"Hemogenesis","floor":16.0},{"not_picked":["conspire:ExplosiveBarrier","ReplayTheSpireMod:Corrosion Curse"],"picked":"Shrug It Off","floor":18.0},{"not_picked":["Wild Strike","Evolve+1","Sever Soul"],"picked":"SKIP","floor":20.0},{"not_picked":["ReplayTheSpireMod:Limb From Limb+1","Spot Weakness","Dual Wield"],"picked":"SKIP","floor":21.0},{"not_picked":["Run Through","True Grit"],"picked":"Whirlwind","floor":22.0},{"not_picked":["Pummel","Perfected Strike+1"],"picked":"Offering","floor":23.0},{"not_picked":["True Grit","Blood for Blood"],"picked":"Second Wind","floor":25.0},{"not_picked":["conspire:ExplosiveBarrier","Headbutt"],"picked":"Pommel Strike+1","floor":27.0},{"not_picked":["Heavy Blade+1","Replay:Undeath\u0027s Touch+1","Spot Weakness"],"picked":"SKIP","floor":30.0},{"not_picked":["Impervious","Exhume"],"picked":"conspire:Purge","floor":33.0},{"not_picked":["Body Slam+1","Sword Boomerang+1","Thunderclap+1"],"picked":"SKIP","floor":35.0},{"not_picked":["Thunderclap+1","Perfected Strike+1"],"picked":"Shrug It Off","floor":36.0},{"not_picked":["Whirlwind+1","Impervious"],"picked":"Clash+1","floor":38.0},{"not_picked":["Burning Pact+1","Ghostly Armor+1"],"picked":"Armaments+1","floor":39.0},{"not_picked":["Shrug It Off","ReplayTheSpireMod:LeadingStrike+1"],"picked":"Warcry+1","floor":41.0},{"not_picked":["Headbutt+1","Anger+1"],"picked":"Battle Trance","floor":42.0},{"not_picked":["Warcry","Wild Strike+1"],"picked":"Armaments","floor":44.0},{"not_picked":["Wild Strike+1","Defy Death"],"picked":"Body Slam+1","floor":45.0},{"not_picked":["Bludgeon+1","Iron Wave+1","Havoc+1"],"picked":"SKIP","floor":47.0},{"not_picked":["Anger+1","Massacre+1"],"picked":"Armaments+1","floor":48.0}],"player_experience":51174,"relics_obtained":[{"floor":7.0,"key":"Matryoshka"},{"floor":7.0,"key":"Darkstone Periapt"},{"floor":9.0,"key":"Golden Egg"},{"floor":9.0,"key":"REME_PuzzleBoxRelic"},{"floor":10.0,"key":"conspire:InfiniteJournal"},{"floor":10.0,"key":"testmod-DragonStarHat"},{"floor":14.0,"key":"Shovel"},{"floor":14.0,"key":"ChaoDraw"},{"floor":15.0,"key":"testmod-TurbochargingSystem"},{"floor":23.0,"key":"testmod-BalancedPeriapt"},{"floor":23.0,"key":"Boot"},{"floor":26.0,"key":"ReplayFunnel"},{"floor":26.0,"key":"Mirror"},{"floor":27.0,"key":"Bag of Preparation"},{"floor":27.0,"key":"testmod-InfectionSource"},{"floor":30.0,"key":"Molten Egg 2"},{"floor":30.0,"key":"Du-Vu Doll"},{"floor":42.0,"key":"GodSword5"},{"floor":42.0,"key":"MealTicket"},{"floor":43.0,"key":"MagicDraw3"},{"floor":45.0,"key":"Smiling Mask"},{"floor":45.0,"key":"testmod-IndustrialRevolution"},{"floor":47.0,"key":"Regal Pillow"},{"floor":47.0,"key":"ZombieArmy"}],"event_choices":[{"damage_healed":0.0,"max_hp_gain":0.0,"max_hp_loss":0.0,"gold_gain":0.0,"event_name":"FaceTrader","player_choice":"Trade","floor":2.0,"gold_loss":0.0,"damage_taken":0.0,"relics_obtained":["CultistMask"]},{"damage_healed":0.0,"max_hp_gain":0.0,"max_hp_loss":0.0,"gold_gain":0.0,"event_name":"给自己的盒子","player_choice":"Ignored","floor":31.0,"gold_loss":0.0,"damage_taken":0.0},{"damage_healed":27.0,"max_hp_gain":0.0,"max_hp_loss":0.0,"gold_gain":0.0,"event_name":"Winding Halls","player_choice":"Writhe","floor":46.0,"gold_loss":0.0,"damage_taken":0.0,"cards_obtained":["Writhe"]}],"is_beta":false,"boss_relics":[{"not_picked":["Runic Cube","Sozu"],"picked":"testmod-BatchProcessingSystem"},{"not_picked":["Replay:Wanted Poster","conspire:SpecialSausage"],"picked":"testmod-Prudence"}],"items_purged_floors":[3,19,37],"is_endless":false,"potions_floor_spawned":[1,4,18,22,23,25,36,39,42,45],"ascension_level":20}}