{"host":"y7sd46uq4xlni546","time":1608534172,"event":{"mods":["AchievementEnabler","BaseMod","Colored Map","Colored Powertips","Curses Come First","Minty Spire (QoL Compilation)","Random Character Button","Rare Cards Sparkle","Replay The Spire","StSLib"],"gold_per_floor":[116,130,150,150,150,150,180,200,200,227,35,54,70,82,82,186,186,200,200,200,249,249,274,309,309,309,337,337,347,378,389,389,494,494,509,509,1508,1312,1362,1397,879,899,899,926,926,952,546,576,576,576],"floor_reached":51,"playtime":8151,"items_purged":["Hologram","Normality","Normality","Looming Evil"],"score":1274,"play_id":"1796495f-4f0a-4416-a117-a4d9110f02e1","local_time":"20201221080252","daily_mods":["SealedDeck","Heirloom","Time Dilation","Flight"],"is_ascension_mode":false,"campfire_choices":[{"data":"Echo Form","floor":15.0,"key":"SMITH"},{"data":"DevaForm","floor":25.0,"key":"SMITH"},{"data":"Wraith Form v2","floor":32.0,"key":"SMITH"},{"data":"Amplify","floor":49,"key":"SMITH"}],"circlet_count":0,"master_deck":["Demon Form+1","Wraith Form v2+1","Echo Form+1","DevaForm+1","Rebound+1","Gash+1","Streamline","Streamline+1","Conserve Battery","Capacitor","Consume","Glacier","Hologram+1","ReplayTheSpireMod:Reroute Power","Amplify+1","Scrape","BasicCrystalCard+1","Doom and Gloom+1","Consume+1","Coolheaded+1","Heatsinks+1","Seek+1","FIFO Queue+1","Meteor Strike","Ball Lightning","Barrage+1","Meteor Strike+1","Mirror Shield+1","Defragment+1","Blizzard+1"],"relics":["Snecko Eye","Unceasing Top","Thread and Needle","Ancient Tea Set","Smiling Mask","Bottled Flame","BargainBundle","Honey Jar","Toxic Egg 2","Frozen Egg 2","Letter Opener","Durian","Replay:Bottled Snecko","Replay:Towering Pillar of Hats","ChewingGum","OrangePellets","TungstenRod","PreservedInsect","Snack Pack","Replay:Frozen Program","Molten Egg 2","Replay:Antivirus Software","Ring of Hypnosis","Ring of Shattering","The Courier","Replay:Rubber Ducky","Guide Book","Whetstone","Replay:Kaleidoscope"],"acts_visited":["Exordium","TheCity","TheBeyond"],"potions_floor_usage":[50],"damage_taken":[{"damage":0.0,"enemies":"Cultist","floor":1.0,"turns":2.0},{"damage":6.0,"enemies":"Small Slimes","floor":2.0,"turns":3.0},{"damage":0.0,"enemies":"2 Louse","floor":3.0,"turns":3.0},{"damage":5.0,"enemies":"3 Sentries","floor":7.0,"turns":5.0},{"damage":0.0,"enemies":"Gremlin Gang","floor":8.0,"turns":3.0},{"damage":0.0,"enemies":"Lagavulin","floor":10.0,"turns":6.0},{"damage":0.0,"enemies":"Exordium Thugs","floor":12.0,"turns":3.0},{"damage":2.0,"enemies":"Red Slaver","floor":13.0,"turns":4.0},{"damage":0.0,"enemies":"Lots of Slimes","floor":14.0,"turns":3.0},{"damage":0.0,"enemies":"The Guardian","floor":16.0,"turns":7.0},{"damage":0.0,"enemies":"Chosen","floor":18.0,"turns":4.0},{"damage":0.0,"enemies":"Gremlin Leader","floor":23.0,"turns":6.0},{"damage":0.0,"enemies":"Slavers","floor":24.0,"turns":4.0},{"damage":0.0,"enemies":"Book of Stabbing","floor":27.0,"turns":5.0},{"damage":8.0,"enemies":"2 Thieves","floor":29.0,"turns":3.0},{"damage":3.0,"enemies":"Gremlin Leader","floor":30.0,"turns":5.0},{"damage":0.0,"enemies":"Snake Plant","floor":31.0,"turns":5.0},{"damage":0.0,"enemies":"Automaton","floor":33.0,"turns":7.0},{"damage":4.0,"enemies":"3 Darklings","floor":35.0,"turns":3.0},{"damage":4.0,"enemies":"2 Orb Walkers","floor":39.0,"turns":5.0},{"damage":3.0,"enemies":"R_Hoarder","floor":40.0,"turns":6.0},{"damage":0,"enemies":"3 Shapes","floor":42,"turns":4},{"damage":0,"enemies":"Reptomancer","floor":44,"turns":2},{"damage":0,"enemies":"Nemesis","floor":46,"turns":5},{"damage":0,"enemies":"Reptomancer","floor":48,"turns":6},{"damage":0,"enemies":"Time Eater","floor":50,"turns":5}],"seed_played":"7911449596233700803","potions_obtained":[{"floor":2.0,"key":"SteroidPotion"},{"floor":10.0,"key":"Adrenaline Potion"},{"floor":13.0,"key":"GamblersBrew"},{"floor":18.0,"key":"Adrenaline Potion"},{"floor":21.0,"key":"Reflective Coating"},{"floor":24.0,"key":"PowerPotion"},{"floor":28.0,"key":"EssenceOfDarkness"},{"floor":28.0,"key":"Reflective Coating"},{"floor":28.0,"key":"Languid Potion"},{"floor":33.0,"key":"Regen Potion"},{"floor":35.0,"key":"SpeedPotion"},{"floor":48,"key":"Flashbang"}],"is_trial":true,"path_per_floor":["M","M","M","?","?","?","E","M","T","E","$","M","M","M","R","B",null,"M","?","$","?","?","E","E","R","T","E","?","M","E","M","R","B",null,"M","?","?","$","?","E","$","M","T","E","?","E","$","E","R","B",null],"character_chosen":"DEFECT","items_purchased":["BargainBundle","OrangePellets","Meteor Strike","Snack Pack","Replay:Frozen Program","Replay:Rubber Ducky","Guide Book","Whetstone"],"campfire_rested":0,"item_purchase_floors":[11,38,41,41,41,47,47,47],"current_hp_per_floor":[75,69,69,54,54,54,49,49,49,49,49,49,47,47,47,47,75,75,75,75,75,75,75,75,75,80,80,80,72,69,69,69,69,80,76,76,76,76,72,69,69,71,71,79,79,79,79,80,80,80],"gold":576,"neow_bonus":"","is_daily":false,"chose_seed":false,"campfire_upgraded":4,"win_rate":0.0,"timestamp":1608534172,"path_taken":["M","M","?","?","?","?","E","?","T","E","?","?","?","M","R","BOSS","M","?","$","?","?","E","E","R","T","E","?","?","E","M","R","BOSS","M","?","?","$","?","E","$","?","T","E","?","E","$","E","R","BOSS"],"items_purchased_type":["Relic","Relic","Card","Relic","Relic","Relic","Relic","Relic"],"build_version":"2020-12-13","purchased_purges":4,"victory":true,"max_hp_per_floor":[75,75,75,75,75,75,75,75,75,75,75,75,75,75,75,75,75,75,75,75,75,75,75,75,75,80,80,80,80,80,80,80,80,80,80,80,80,80,80,80,80,80,80,80,80,80,80,80,80,80],"card_choices":[{"not_picked":["BasicCrystalCard","Barrage","Genetic Algorithm"],"picked":"SKIP","floor":1.0},{"not_picked":["Barrage","Go for the Eyes","BasicCrystalCard"],"picked":"SKIP","floor":2.0},{"not_picked":["Cold Snap","Static Discharge"],"picked":"Thunder Strike","floor":3.0},{"not_picked":["BootSequence","Panic Button","Ball Lightning"],"picked":"SKIP","floor":7.0},{"not_picked":["BasicCrystalCard","Go for the Eyes","Sweeping Beam"],"picked":"SKIP","floor":8.0},{"not_picked":["Gash","Reinforced Body"],"picked":"ReplayTheSpireMod:Reroute Power","floor":10.0},{"not_picked":["Rip and Tear","Panic Button","ReplayTheSpireMod:GoodbyeWorld"],"picked":"SKIP","floor":12.0},{"not_picked":["ReplaySort","Barrage","Ball Lightning"],"picked":"SKIP","floor":13.0},{"not_picked":["Steam","Stack","Rip and Tear"],"picked":"SKIP","floor":14.0},{"not_picked":["Reboot","Core Surge"],"picked":"Amplify","floor":16.0},{"not_picked":["Leap+1","Loop","ReplaySort"],"picked":"Scrape","floor":18.0},{"not_picked":["FTL+1","Go for the Eyes","Gash"],"picked":"BasicCrystalCard+1","floor":21.0},{"not_picked":["BasicCrystalCard+1","Sweeping Beam+1","Compile Driver+1"],"picked":"Doom and Gloom","floor":23.0},{"not_picked":["Ball Lightning","Cold Snap+1","Go for the Eyes+1"],"picked":"Consume+1","floor":24.0},{"not_picked":["BasicCrystalCard+1","ReplaySolidLightProjector+1","Sweeping Beam+1"],"picked":"Coolheaded+1","floor":27.0},{"not_picked":["Static Discharge+1","Rebound","Stack+1"],"picked":"Heatsinks+1","floor":29.0},{"not_picked":["Rebound+1","Conserve Battery+1","Beam Cell"],"picked":"Seek+1","floor":30.0},{"not_picked":["Coolheaded+1","Time Bomb+1","Melter"],"picked":"FIFO Queue+1","floor":31.0},{"not_picked":["Machine Learning+1","Electrodynamics+1","Biased Cognition+1"],"picked":"Meteor Strike","floor":33.0},{"not_picked":["Sweeping Beam","Beam Cell","Leap+1"],"picked":"Ball Lightning","floor":35.0},{"not_picked":["Sweeping Beam+1","BasicCrystalCard+1","Force Field+1"],"picked":"Barrage+1","floor":39.0},{"not_picked":["Compile Driver","Streamline","Darkness+1","Cold Snap"],"picked":"SKIP","floor":40.0},{"not_picked":["Static Discharge+1","Cold Snap+1","Turbo+1"],"picked":"Mirror Shield+1","floor":42},{"not_picked":["Cold Snap+1","Self Repair+1","Gash+1"],"picked":"Defragment+1","floor":44},{"not_picked":["Sunder+1","Darkness+1","Compile Driver+1"],"picked":"Blizzard+1","floor":46},{"not_picked":["Panic Button+1","Go for the Eyes+1","Consume+1","Biased Cognition+1"],"picked":"SKIP","floor":48}],"player_experience":486207,"relics_obtained":[{"floor":7.0,"key":"Ancient Tea Set"},{"floor":9.0,"key":"Smiling Mask"},{"floor":10.0,"key":"Bottled Flame"},{"floor":21.0,"key":"Toxic Egg 2"},{"floor":23.0,"key":"Frozen Egg 2"},{"floor":24.0,"key":"Letter Opener"},{"floor":26.0,"key":"Durian"},{"floor":27.0,"key":"Replay:Bottled Snecko"},{"floor":30.0,"key":"Replay:Towering Pillar of Hats"},{"floor":39.0,"key":"TungstenRod"},{"floor":40.0,"key":"PreservedInsect"},{"floor":43,"key":"Molten Egg 2"},{"floor":44,"key":"Replay:Antivirus Software"},{"floor":45,"key":"Ring of Hypnosis"},{"floor":45,"key":"Ring of Shattering"},{"floor":46,"key":"The Courier"},{"floor":48,"key":"Replay:Kaleidoscope"}],"event_choices":[{"damage_healed":0.0,"max_hp_gain":0.0,"max_hp_loss":0.0,"gold_gain":0.0,"event_name":"Shining Light","player_choice":"Entered Light","floor":4.0,"gold_loss":0.0,"damage_taken":15.0,"cards_upgraded":["Hologram","Rebound"]},{"damage_healed":0.0,"max_hp_gain":0.0,"max_hp_loss":0.0,"gold_gain":0.0,"event_name":"NoteForYourself","player_choice":"Ignored","floor":6.0,"gold_loss":0.0,"damage_taken":0.0},{"cards_removed":["Thunder Strike"],"damage_healed":0.0,"max_hp_gain":0.0,"max_hp_loss":0.0,"gold_gain":0.0,"event_name":"Back to Basics","player_choice":"Elegance","floor":19.0,"gold_loss":0.0,"damage_taken":0.0},{"damage_healed":0.0,"max_hp_gain":0.0,"max_hp_loss":0.0,"gold_gain":0.0,"event_name":"Vampires","player_choice":"Ignored","floor":22.0,"gold_loss":0.0,"damage_taken":0.0},{"damage_healed":0.0,"max_hp_gain":0.0,"max_hp_loss":0.0,"gold_gain":0.0,"event_name":"Lab","player_choice":"Got Potions","floor":28.0,"gold_loss":0.0,"damage_taken":0.0},{"damage_healed":0.0,"max_hp_gain":0.0,"max_hp_loss":0.0,"gold_gain":0.0,"event_name":"Tomb of Lord Red Mask","player_choice":"Ignored","floor":36.0,"gold_loss":0.0,"damage_taken":0.0},{"damage_healed":0.0,"max_hp_gain":0.0,"max_hp_loss":0.0,"gold_gain":999.0,"event_name":"MindBloom","player_choice":"Gold","floor":37.0,"gold_loss":0.0,"damage_taken":0.0,"cards_obtained":["Normality","Normality"]},{"damage_healed":0.0,"max_hp_gain":0.0,"max_hp_loss":0.0,"gold_gain":0.0,"event_name":"Mysterious Sphere","player_choice":"Fight","floor":39.0,"gold_loss":0.0,"damage_taken":0.0}],"is_beta":false,"boss_relics":[{"not_picked":["Philosopher\u0027s Stone","SacredBark"],"picked":"Honey Jar"},{"not_picked":["Fusion Hammer","Kintsugi"],"picked":"ChewingGum"}],"items_purged_floors":[11,38,41,47],"is_endless":false,"potions_floor_spawned":[2,10,13,14,18,24,33,35,39,40,46,48],"ascension_level":0}}