{"host":"ad59wuc8ynh8u2z6","time":1608581576,"event":{"mods":["AchievementEnabler","BaseMod","Colored Powertips","DeckTracker","Highlight Path","Minty Spire (QoL Compilation)","Permanent Neow"],"gold_per_floor":[364,364,374,374,374,409,432,45,70,101,114,114,137,170,170,290,290,308,324,347,347,368,402,418,418,718,633,633,669,689,702,702,821,821,844,859,505,530,543,583,606,622,648,679,700,700,763,781,781,781],"floor_reached":51,"playtime":2535,"items_purged":["Strike_R","Clash"],"score":973,"play_id":"72753932-6a3a-4c5c-bb91-2307e0cb0300","local_time":"20201221211256","is_ascension_mode":false,"campfire_choices":[{"data":"Barricade","floor":12.0,"key":"SMITH"},{"data":"Body Slam","floor":15.0,"key":"SMITH"},{"data":"Entrench","floor":25.0,"key":"SMITH"},{"data":"Double Tap","floor":28.0,"key":"SMITH"},{"data":"Beam Cell","floor":32.0,"key":"SMITH"},{"data":"Fusion","floor":46.0,"key":"SMITH"},{"data":"Good Instincts","floor":49.0,"key":"SMITH"}],"circlet_count":0,"master_deck":["Defend_R","Defend_R+1","Defend_R","Defend_R+1","Bash","Bloodletting","Barricade+1","Body Slam+1","Beam Cell+1","Double Tap+1","Entrench+1","Good Instincts+1","Bite","Bite","Bite","Bite","Bite","Fusion+1","Hemokinesis+1","Dash+1","After Image"],"relics":["Burning Blood","Strawberry","Golden Idol","Happy Flower","PrismaticShard","Vajra","Centennial Puzzle","Bag of Preparation","Potion Belt","Black Star","Bag of Marbles","Boot","Old Coin","Self Forming Clay","Orichalcum","Regal Pillow","Runic Pyramid","Sundial","Juzu Bracelet","Matryoshka","Red Skull","Toy Ornithopter","Gambling Chip","Lantern","Charon\u0027s Ashes"],"acts_visited":["Exordium","TheCity","TheBeyond"],"potions_floor_usage":[50,50,50,50],"damage_taken":[{"damage":0.0,"enemies":"2 Louse","floor":1.0,"turns":3.0},{"damage":11.0,"enemies":"Cultist","floor":3.0,"turns":5.0},{"damage":21.0,"enemies":"Lagavulin","floor":6.0,"turns":7.0},{"damage":3.0,"enemies":"Jaw Worm","floor":7.0,"turns":2.0},{"damage":17.0,"enemies":"3 Sentries","floor":10.0,"turns":14.0},{"damage":5.0,"enemies":"Blue Slaver","floor":11.0,"turns":2.0},{"damage":6.0,"enemies":"Gremlin Nob","floor":14.0,"turns":3.0},{"damage":11.0,"enemies":"The Guardian","floor":16.0,"turns":11.0},{"damage":4.0,"enemies":"Chosen","floor":18.0,"turns":4.0},{"damage":28.0,"enemies":"2 Thieves","floor":19.0,"turns":4.0},{"damage":23.0,"enemies":"3 Cultists","floor":20.0,"turns":6.0},{"damage":3.0,"enemies":"Chosen and Byrds","floor":22.0,"turns":4.0},{"damage":43.0,"enemies":"Book of Stabbing","floor":23.0,"turns":6.0},{"damage":13.0,"enemies":"Snake Plant","floor":24.0,"turns":2.0},{"damage":19.0,"enemies":"Slavers","floor":29.0,"turns":4.0},{"damage":5.0,"enemies":"Shelled Parasite and Fungi","floor":30.0,"turns":4.0},{"damage":9.0,"enemies":"Centurion and Healer","floor":31.0,"turns":6.0},{"damage":30.0,"enemies":"Champ","floor":33.0,"turns":12.0},{"damage":4.0,"enemies":"3 Shapes","floor":35.0,"turns":7.0},{"damage":3.0,"enemies":"Orb Walker","floor":36.0,"turns":3.0},{"damage":3.0,"enemies":"Maw","floor":38.0,"turns":4.0},{"damage":30.0,"enemies":"Sphere and 2 Shapes","floor":39.0,"turns":6.0},{"damage":25.0,"enemies":"Nemesis","floor":40.0,"turns":5.0},{"damage":7.0,"enemies":"Spire Growth","floor":41.0,"turns":4.0},{"damage":10.0,"enemies":"Transient","floor":42.0,"turns":5.0},{"damage":42.0,"enemies":"Reptomancer","floor":44.0,"turns":4.0},{"damage":18.0,"enemies":"Sphere and 2 Shapes","floor":45.0,"turns":4.0},{"damage":3.0,"enemies":"Mind Bloom Boss Battle","floor":47.0,"turns":3.0},{"damage":8.0,"enemies":"Writhing Mass","floor":48.0,"turns":5.0},{"damage":14,"enemies":"Awakened One","floor":50,"turns":8}],"seed_played":"-8242068756632649033","potions_obtained":[{"floor":10.0,"key":"FairyPotion"},{"floor":11.0,"key":"BlessingOfTheForge"},{"floor":14.0,"key":"AttackPotion"},{"floor":16.0,"key":"BloodPotion"},{"floor":19.0,"key":"Explosive Potion"},{"floor":20.0,"key":"Energy Potion"},{"floor":22.0,"key":"LiquidBronze"},{"floor":31.0,"key":"Fire Potion"},{"floor":36.0,"key":"SpeedPotion"},{"floor":41.0,"key":"Dexterity Potion"},{"floor":47.0,"key":"LiquidBronze"},{"floor":48.0,"key":"Dexterity Potion"}],"is_trial":false,"path_per_floor":["M","?","M","?","?","E","M","$","T","E","M","R","T","E","R","B",null,"M","M","M","?","M","E","M","R","T","?","R","E","M","M","R","B",null,"M","M","$","M","M","E","M","M","T","E","M","R","?","M","R","B",null],"character_chosen":"IRONCLAD","items_purchased":["PrismaticShard","Vajra","Sundial"],"campfire_rested":0,"item_purchase_floors":[8,8,37],"current_hp_per_floor":[72,72,67,48,32,17,20,20,20,11,14,14,14,16,16,13,79,79,57,42,42,53,26,25,25,25,25,25,28,35,36,36,46,79,79,79,79,79,72,73,78,79,79,48,38,38,43,65,65,79],"gold":781,"neow_bonus":"TWO_FIFTY_GOLD","is_daily":false,"chose_seed":false,"campfire_upgraded":7,"win_rate":0.0,"timestamp":1608581576,"path_taken":["M","?","M","?","?","E","M","$","T","E","M","R","?","E","R","BOSS","M","M","?","?","M","E","M","R","T","?","R","E","M","M","R","BOSS","M","M","$","M","M","E","M","M","T","E","M","R","?","M","R","BOSS"],"items_purchased_type":["Relic","Relic","Relic"],"build_version":"2020-12-13","purchased_purges":2,"victory":true,"max_hp_per_floor":[72,79,79,79,79,79,79,79,79,79,79,79,79,79,79,79,79,79,79,79,79,79,79,79,79,79,79,79,79,79,79,79,79,79,79,79,79,79,79,79,79,79,79,79,79,79,79,79,79,79],"card_choices":[{"not_picked":["Armaments","Flex"],"picked":"Bloodletting","floor":1.0},{"not_picked":["Power Through","Warcry"],"picked":"Clash","floor":3.0},{"not_picked":["Entrench","Clothesline","Perfected Strike"],"picked":"SKIP","floor":6.0},{"not_picked":["Seeing Red","Sever Soul"],"picked":"Barricade","floor":7.0},{"not_picked":["Dagger Throw","Glass Knife"],"picked":"Body Slam","floor":10.0},{"not_picked":["Rupture","Clothesline"],"picked":"Beam Cell","floor":11.0},{"not_picked":["EmptyBody","Go for the Eyes","Double Energy"],"picked":"SKIP","floor":14.0},{"not_picked":["Malaise","Night Terror"],"picked":"Double Tap","floor":16.0},{"not_picked":["Beam Cell","Shrug It Off"],"picked":"Entrench","floor":18.0},{"not_picked":["Pommel Strike","Armaments","CrushJoints"],"picked":"SKIP","floor":19.0},{"not_picked":["Slice","Hologram"],"picked":"Good Instincts","floor":20.0},{"not_picked":["Anger+1","Perfected Strike","CrushJoints"],"picked":"SKIP","floor":22.0},{"not_picked":["Die Die Die","CutThroughFate","Scrape"],"picked":"SKIP","floor":23.0},{"not_picked":["Dropkick+1","Iron Wave","Coolheaded"],"picked":"SKIP","floor":24.0},{"not_picked":["Chill","Rip and Tear","Rage"],"picked":"SKIP","floor":29.0},{"not_picked":["Consume","Rage","Cleave+1"],"picked":"SKIP","floor":30.0},{"not_picked":["CutThroughFate","Buffer","Halt"],"picked":"SKIP","floor":31.0},{"not_picked":["Caltrops+1","Cleave+1","Ball Lightning+1"],"picked":"SKIP","floor":35.0},{"not_picked":["Dagger Spray","True Grit","CutThroughFate"],"picked":"SKIP","floor":36.0},{"not_picked":["FlyingSleeves","EmptyFist"],"picked":"Fusion","floor":38.0},{"not_picked":["Defragment+1","Heatsinks+1"],"picked":"Hemokinesis+1","floor":39.0},{"not_picked":["Bandage Up","Anger","Thunderclap+1"],"picked":"SKIP","floor":40.0},{"not_picked":["Disarm+1","TalkToTheHand+1","Crippling Poison"],"picked":"SKIP","floor":41.0},{"not_picked":["Blizzard+1","Outmaneuver","Ball Lightning+1"],"picked":"SKIP","floor":42.0},{"not_picked":["Malaise","Anger+1"],"picked":"Dash+1","floor":44.0},{"not_picked":["Cleave","Consume+1","Adaptation"],"picked":"SKIP","floor":45.0},{"not_picked":["Whirlwind","CutThroughFate+1"],"picked":"After Image","floor":48.0}],"player_experience":12,"relics_obtained":[{"floor":6.0,"key":"Happy Flower"},{"floor":9.0,"key":"Blood Vial"},{"floor":10.0,"key":"Centennial Puzzle"},{"floor":13.0,"key":"Bag of Preparation"},{"floor":14.0,"key":"Potion Belt"},{"floor":23.0,"key":"Bag of Marbles"},{"floor":23.0,"key":"Boot"},{"floor":26.0,"key":"Old Coin"},{"floor":29.0,"key":"Orichalcum"},{"floor":29.0,"key":"Regal Pillow"},{"floor":40.0,"key":"Juzu Bracelet"},{"floor":40.0,"key":"Matryoshka"},{"floor":43.0,"key":"Red Skull"},{"floor":43.0,"key":"Toy Ornithopter"},{"floor":44.0,"key":"Gambling Chip"},{"floor":44.0,"key":"Lantern"},{"floor":47.0,"key":"Charon\u0027s Ashes"}],"event_choices":[{"damage_healed":0.0,"max_hp_gain":0.0,"max_hp_loss":0.0,"gold_gain":0.0,"event_name":"Scrap Ooze","player_choice":"Success","floor":2.0,"gold_loss":0.0,"damage_taken":7.0,"relics_obtained":["Strawberry"]},{"damage_healed":0.0,"max_hp_gain":0.0,"max_hp_loss":0.0,"gold_gain":0.0,"event_name":"Golden Idol","player_choice":"Take Damage","floor":4.0,"gold_loss":0.0,"damage_taken":19.0,"relics_obtained":["Golden Idol"]},{"damage_healed":0.0,"max_hp_gain":0.0,"max_hp_loss":0.0,"gold_gain":0.0,"event_name":"Shining Light","player_choice":"Entered Light","floor":5.0,"gold_loss":0.0,"damage_taken":16.0,"cards_upgraded":["Defend_R","Defend_R"]},{"damage_healed":0.0,"max_hp_gain":0.0,"max_hp_loss":0.0,"gold_gain":0.0,"event_name":"Vampires","player_choice":"Became a vampire (Vial)","floor":21.0,"relics_lost":["Blood Vial"],"gold_loss":0.0,"damage_taken":0.0,"cards_obtained":["Bite","Bite","Bite","Bite","Bite"]},{"damage_healed":0.0,"max_hp_gain":0.0,"max_hp_loss":0.0,"gold_gain":0.0,"event_name":"Addict","player_choice":"Obtained Relic","floor":27.0,"gold_loss":85.0,"damage_taken":0.0,"relics_obtained":["Self Forming Clay"]},{"damage_healed":0.0,"max_hp_gain":0.0,"max_hp_loss":0.0,"gold_gain":0.0,"event_name":"MindBloom","player_choice":"Fight","floor":47.0,"gold_loss":0.0,"damage_taken":0.0}],"is_beta":false,"boss_relics":[{"not_picked":["Calling Bell","Astrolabe"],"picked":"Black Star"},{"not_picked":["Runic Cube","Sozu"],"picked":"Runic Pyramid"}],"items_purged_floors":[8,37],"is_endless":false,"potions_floor_spawned":[10,11,14,16,19,20,22,31,36,40,41,44,47,48],"ascension_level":0}}