{"host":"ccz","time":1608559642,"event":{"mods":["Aspiration","BaseMod","Conspire","Minty Spire (QoL Compilation)","Reimu£®≤©¿ˆ¡È√Œ£©","StSLib","°æπ¶ƒ‹Mod°øªÏ„Á÷Æª∑–ﬁ∏¥≤π∂°","ÛÙª÷∏ƒœ"],"gold_per_floor":[110,110,123,48,66,66,66,66],"floor_reached":7,"playtime":114,"items_purged":["Defend_Lin:ReiMu"],"score":41,"play_id":"0af01162-4556-4d13-a466-26e47c9e7d3f","local_time":"20201221220722","is_ascension_mode":false,"campfire_choices":[],"circlet_count":0,"master_deck":["Strike_Lin:ReiMu","Strike_Lin:ReiMu+1","Strike_Lin:ReiMu","Defend_Lin:ReiMu","Defend_Lin:ReiMu","Defend_Lin:ReiMu+1","NB:ReiMu","Stagnation:ReiMu","PrepareRite:ReiMu","SpringWay:ReiMu","WonderfulDomain:ReiMu"],"relics":["FlyPower:ReiMu","NeowsBlessing"],"acts_visited":["Exordium"],"potions_floor_usage":[],"damage_taken":[{"damage":0,"enemies":"Small Slimes","floor":1,"turns":1},{"damage":0,"enemies":"Cultist","floor":3,"turns":2},{"damage":0,"enemies":"conspire:RoseBush","floor":5,"turns":1},{"damage":54,"enemies":"Gremlin Nob","floor":7,"turns":6}],"seed_played":"6149253770553722689","potions_obtained":[{"floor":3,"key":"Explosive Potion"},{"floor":5,"key":"Block Potion"}],"is_trial":false,"path_per_floor":["M","?","M","$","M","?","E"],"character_chosen":"REIMU","items_purchased":[],"campfire_rested":0,"item_purchase_floors":[],"current_hp_per_floor":[65,65,65,65,65,52,0,0],"gold":66,"neow_bonus":"THREE_ENEMY_KILL","is_daily":false,"chose_seed":false,"campfire_upgraded":0,"win_rate":0.0,"timestamp":1608559642,"path_taken":["M","?","?","$","M","?","E"],"items_purchased_type":[],"build_version":"2020-12-18","purchased_purges":1,"victory":false,"max_hp_per_floor":[65,65,65,65,65,65,65,65],"card_choices":[{"not_picked":["Intuition:ReiMu","EmergencyTakeOff:ReiMu"],"picked":"PrepareRite:ReiMu","floor":1},{"not_picked":["FoulBorder2:ReiMu","EmergencyTakeOff:ReiMu"],"picked":"SpringWay:ReiMu","floor":3},{"not_picked":["Revelation:ReiMu","YinYangSign:ReiMu"],"picked":"WonderfulDomain:ReiMu","floor":5}],"player_experience":99871,"relics_obtained":[],"event_choices":[{"cards_removed":["Strike_Lin:ReiMu"],"damage_healed":0,"gold_gain":0,"player_choice":"Purged","damage_taken":0,"max_hp_gain":0,"max_hp_loss":0,"event_name":"Purifier","floor":2,"gold_loss":0},{"damage_healed":0,"gold_gain":0,"player_choice":"Entered Light","damage_taken":13,"max_hp_gain":0,"max_hp_loss":0,"event_name":"Shining Light","floor":6,"gold_loss":0,"cards_upgraded":["Strike_Lin:ReiMu","Defend_Lin:ReiMu"]}],"is_beta":true,"boss_relics":[],"items_purged_floors":[4],"is_endless":false,"potions_floor_spawned":[3,5],"killed_by":"Gremlin Nob","ascension_level":0}}