{"host":"irqpc5dtltfquxh7","time":1608549205,"event":{"mods":["2.2 Compatiblity","AchievementEnabler","Act Like it!","Aspiration","BaseMod","Better Third Choice","BetterRewards","CapriCore","Colored Map","Colored Powertips","Conspire","Friendly Minions","Gensokyo","Halation","Highlight Path","Minty Spire (QoL Compilation)","MostiFishMod","Permanent Neow","Replay The Spire","RumiaBox-????????","Shop Mod","Spicy Shops","Spikes Relics","StSLib","Strawberry Spire","Unknown Chances","Waifu the Spire","vexMod"],"gold_per_floor":[14,14,25,44,61,61,61,91,91,104,104,139,168,184,184,184,184],"floor_reached":16,"playtime":655,"items_purged":[],"score":172,"play_id":"cb7d9fb9-a116-4ca5-add9-de4e02debd94","local_time":"20201221171325","is_ascension_mode":false,"campfire_choices":[{"data":"Defragment","floor":6,"key":"SMITH"},{"floor":11,"key":"REST"},{"floor":15,"key":"DIG"}],"circlet_count":0,"master_deck":["Strike_B","Strike_B","Strike_B","Strike_B","Defend_B","Defend_B","Defend_B","Defend_B","Zap","Dualcast","Amplify","Ball Lightning","Ball Lightning","Defragment+1","MostiFishMod:IntelligentEquipment","Steam"],"relics":["Cracked Core","DaveBox","Sling","Question Card","ReplayTheSpireMod:Lightbulb","WingedGreaves","Shuriken","PreservedInsect","halation:Gekota","Happy Flower"],"acts_visited":["Gensokyo:Gensokyo"],"potions_floor_usage":[12,16,16],"damage_taken":[{"damage":2,"enemies":"Gensokyo:Gryphon","floor":1,"turns":3},{"damage":4,"enemies":"Gensokyo:2_Kodama","floor":3,"turns":3},{"damage":0,"enemies":"Gensokyo:3_Fairies","floor":4,"turns":3},{"damage":18,"enemies":"Gensokyo:CorruptedTreant","floor":5,"turns":3},{"damage":0,"enemies":"Gensokyo:Mamizou","floor":8,"turns":4},{"damage":18,"enemies":"Gensokyo:2_Rabbits","floor":10,"turns":3},{"damage":13,"enemies":"Gensokyo:Aya","floor":12,"turns":3},{"damage":0,"enemies":"Gensokyo:Mamizou","floor":13,"turns":3},{"damage":12,"enemies":"Gensokyo:Kitsune","floor":14,"turns":3},{"damage":21,"enemies":"Gensokyo:Reimu","floor":16,"turns":8}],"seed_played":"-3879522103387538598","potions_obtained":[{"floor":3,"key":"Adrenaline Potion"},{"floor":8,"key":"Doom Potion"},{"floor":13,"key":"FearPotion"},{"floor":14,"key":"Toxic Potion"}],"is_trial":false,"path_per_floor":["M","?","M","M","M","R","$","E","T","M","R","E","E","M","R_BF","B"],"character_chosen":"DEFECT","items_purchased":[],"campfire_rested":1,"item_purchase_floors":[],"current_hp_per_floor":[73,58,54,54,36,36,36,36,36,18,40,27,27,15,15,0,0],"gold":184,"neow_bonus":"THREE_RARE_CARDS","is_daily":false,"chose_seed":false,"campfire_upgraded":1,"win_rate":0.0,"timestamp":1608549205,"path_taken":["M","?","?","M","M","R","$","E","T","M","R","E","E","M","R_BF","BOSS"],"items_purchased_type":[],"build_version":"2020-12-13","purchased_purges":0,"victory":false,"max_hp_per_floor":[75,75,75,75,75,75,75,75,75,75,75,75,75,75,75,75,75],"card_choices":[{"not_picked":["MostiFishMod:STOP","MostiFishMod:Overload"],"picked":"Amplify","floor":0},{"not_picked":["Cold Snap","Skim","Rebound"],"picked":"SKIP","floor":1},{"not_picked":["Coolheaded","Sweeping Beam","Hologram"],"picked":"Ball Lightning","floor":3},{"not_picked":["BasicCrystalCard","RefreshScreen","Streamline"],"picked":"Ball Lightning","floor":4},{"not_picked":["Stack","Doom and Gloom","Beam Cell"],"picked":"Defragment","floor":5},{"not_picked":["strawberrySpire:Compressor","Sweeping Beam","Beam Cell","ReplayTheSpireMod:Dual Polarity"],"picked":"SKIP","floor":8},{"not_picked":["Cold Snap","Steam","strawberrySpire:Package"],"picked":"MostiFishMod:IntelligentEquipment","floor":10},{"not_picked":["Redo","ReplayTheSpireMod:GoodbyeWorld","Reboot","strawberrySpire:NeonFlight"],"picked":"SKIP","floor":12},{"not_picked":["Lockon","Barrage","DiskWipe"],"picked":"Steam","floor":13},{"not_picked":["strawberrySpire:NeonFlight","ReplayTheSpireMod:System Scan","Heatsinks","Streamline"],"picked":"SKIP","floor":14}],"player_experience":397261,"relics_obtained":[{"floor":1,"key":"Question Card"},{"floor":8,"key":"WingedGreaves"},{"floor":9,"key":"Shuriken"},{"floor":12,"key":"PreservedInsect"},{"floor":13,"key":"halation:Gekota"},{"floor":15,"key":"Happy Flower"}],"event_choices":[],"is_beta":false,"boss_relics":[],"items_purged_floors":[],"is_endless":false,"potions_floor_spawned":[3,8,13,14],"killed_by":"Gensokyo:Reimu","ascension_level":0}}