{"host":"ubc28ykrjp2peggz","time":1608539214,"event":{"mods":["ATMod(°¢èªMod)","BaseMod","Minty Spire (QoL Compilation)","StSLib","¡¾ÒÅÎï¿¨ÅÆ¡¿REMEMod"],"gold_per_floor":[109,122,138,138,153,187,187,231,231,231,231,231,269,302,302,432,432,452,221,221,235,86,122,122,160,160,194,194,229,229,149,149,277,277,292,306,321,390,390,433,449,449,474,495,495,526,559,595,595,725,725,741,761,640,715,600,633,666,735,735,798,798,864,864,906,906,1055,1055,1086,1114,1164,1064,1097,1142,286,318,374,374],"floor_reached":77,"playtime":1633,"items_purged":["BattleHymn","CutThroughFate","Conclude+1"],"score":2218,"play_id":"38bdff15-4714-4d10-a74e-71a690fc6514","local_time":"20201221162654","daily_mods":["SealedDeck","Heirloom","Flight"],"is_ascension_mode":false,"campfire_choices":[{"floor":10,"key":"DIG"},{"floor":12,"key":"DIG"},{"floor":15,"key":"DIG"},{"floor":24,"key":"DIG"},{"floor":28,"key":"DIG"},{"floor":30,"key":"DIG"},{"floor":32,"key":"DIG"},{"floor":42,"key":"DIG"},{"floor":49,"key":"DIG"},{"floor":66,"key":"DIG"}],"circlet_count":0,"master_deck":["Prostrate","FlurryOfBlows+1","FlurryOfBlows+1","Worship+1","FlurryOfBlows+1","Tantrum+1","AT_EmpoweredMortalDraw+1","Worship+1","Fasting2+1","TalkToTheHand+1","LessonLearned+1","REME_Repentance","Omniscience+1","TalkToTheHand+1","Brilliance+1","DevaForm+1","AT_EmpoweredMortalDraw+1","AT_ChampionStep+1"],"relics":["HolyWater","REME_ComplimentaryCards","AT_ATBox","FossilizedHelix","Golden Idol","HornCleat","TungstenRod","Shovel","AT_SilvercatRing","InkBottle","Akabeko","Boot","Sundial","REME_DuelDisc","AT_RedTearstoneRing","Ornamental Fan","AT_SeraphEmbrace","Torii","The Courier","Mercury Hourglass","Meat on the Bone","Nunchaku","Dream Catcher","Bag of Preparation","Letter Opener","AT_Manta","AT_TrinityForce","Du-Vu Doll","Bottled Lightning","Eternal Feather","War Paint","Tiny Chest","AT_BladeRuinedKing","Mango","Toy Ornithopter","AT_MortalBlade","Whetstone","TheAbacus","REME_ArchaeologicalTools","Omamori","REME_HandOfSuture","Bronze Scales","AT_ChloranthyRing","AT_BellDemon","Strange Spoon","Incense Burner","White Beast Statue","CaptainsWheel"],"acts_visited":["Exordium","TheCity","TheBeyond","Exordium","TheCity"],"potions_floor_usage":[16],"damage_taken":[{"damage":10,"enemies":"Small Slimes","floor":1,"turns":2},{"damage":0,"enemies":"Cultist","floor":2,"turns":2},{"damage":0,"enemies":"Jaw Worm","floor":3,"turns":2},{"damage":0,"enemies":"Exordium Wildlife","floor":5,"turns":1},{"damage":0,"enemies":"Lagavulin","floor":6,"turns":4},{"damage":0,"enemies":"Gremlin Nob","floor":8,"turns":2},{"damage":0,"enemies":"Lagavulin","floor":13,"turns":5},{"damage":0,"enemies":"3 Sentries","floor":14,"turns":2},{"damage":26,"enemies":"The Guardian","floor":16,"turns":4},{"damage":0,"enemies":"2 Thieves","floor":18,"turns":2},{"damage":0,"enemies":"Shell Parasite","floor":21,"turns":3},{"damage":0,"enemies":"REME_1_Revenger","floor":23,"turns":2},{"damage":34,"enemies":"Gremlin Leader","floor":25,"turns":3},{"damage":0,"enemies":"Slavers","floor":27,"turns":1},{"damage":0,"enemies":"Gremlin Leader","floor":29,"turns":3},{"damage":0,"enemies":"Automaton","floor":33,"turns":3},{"damage":0,"enemies":"3 Darklings","floor":35,"turns":1},{"damage":0,"enemies":"3 Shapes","floor":36,"turns":1},{"damage":0,"enemies":"Maw","floor":37,"turns":4},{"damage":0,"enemies":"2 Orb Walkers","floor":38,"turns":1},{"damage":0,"enemies":"Giant Head","floor":40,"turns":1},{"damage":0,"enemies":"Jaw Worm Horde","floor":41,"turns":1},{"damage":0,"enemies":"Writhing Mass","floor":44,"turns":1},{"damage":0,"enemies":"Nemesis","floor":46,"turns":1},{"damage":0,"enemies":"Giant Head","floor":47,"turns":1},{"damage":0,"enemies":"Nemesis","floor":48,"turns":1},{"damage":0,"enemies":"Time Eater","floor":50,"turns":1},{"damage":0,"enemies":"Cultist","floor":52,"turns":1},{"damage":0,"enemies":"2 Louse","floor":53,"turns":1},{"damage":0,"enemies":"Gremlin Nob","floor":57,"turns":1},{"damage":0,"enemies":"Lagavulin","floor":58,"turns":1},{"damage":0,"enemies":"3 Sentries","floor":61,"turns":1},{"damage":0,"enemies":"Lagavulin","floor":63,"turns":1},{"damage":0,"enemies":"Jaw Worm","floor":65,"turns":1},{"damage":0,"enemies":"The Guardian","floor":67,"turns":1},{"damage":0,"enemies":"2 Thieves","floor":69,"turns":1},{"damage":0,"enemies":"Spheric Guardian","floor":70,"turns":1},{"damage":0,"enemies":"Centurion and Healer","floor":71,"turns":2},{"damage":0,"enemies":"Chosen and Byrds","floor":73,"turns":1},{"damage":0,"enemies":"Slavers","floor":74,"turns":1},{"damage":0,"enemies":"Snake Plant","floor":76,"turns":1},{"damage":0,"enemies":"Book of Stabbing","floor":77,"turns":1}],"seed_played":"-624139317027709012","potions_obtained":[{"floor":1,"key":"SpeedPotion"},{"floor":3,"key":"EssenceOfSteel"},{"floor":11,"key":"Ambrosia"},{"floor":16,"key":"BlessingOfTheForge"},{"floor":25,"key":"SkillPotion"}],"is_trial":true,"path_per_floor":["M","M","M","?","M","E","?","E","T","R","?","R","E","E","R","B",null,"M","$","?","M","$","E","R","E","T","E","R","E","R","$","R","B",null,"M","M","M","?","$","E","M","R","T","M","$","E","E","E","R","B",null,"M","M","$","?","$","E","E","?","T","E","?","E","$","M","R","B",null,"M","M","M","$","M","E","$","M","E"],"character_chosen":"WATCHER","items_purchased":["AT_RedTearstoneRing","AT_ArchangelStaff","Whetstone","TheAbacus","REME_HandOfSuture","Bronze Scales","AT_ChloranthyRing","AT_BellDemon","Strange Spoon","Incense Burner"],"campfire_rested":0,"item_purchase_floors":[19,22,54,56,75,75,75,75,75,75],"current_hp_per_floor":[62,62,62,44,44,44,37,37,37,37,37,37,37,37,37,11,72,72,72,72,72,72,72,72,38,38,38,38,38,38,38,38,38,72,72,72,72,72,72,72,72,72,72,72,72,72,72,86,86,86,86,86,86,86,76,76,76,76,76,76,76,76,76,76,76,85,85,86,86,86,86,86,86,86,86,86,86,86],"gold":374,"neow_bonus":"","is_daily":false,"chose_seed":false,"campfire_upgraded":0,"win_rate":0.0,"timestamp":1608539214,"path_taken":["M","M","M","?","M","E","?","E","T","R","?","R","E","E","R","BOSS","M","$","?","?","$","E","R","E","T","E","R","E","R","$","R","BOSS","M","M","M","?","$","E","M","R","T","M","$","E","E","E","R","BOSS","M","M","$","?","$","E","E","?","T","E","?","?","$","M","R","BOSS","M","M","M","$","M","E","$","M","E"],"items_purchased_type":["Relic","Relic","Relic","Relic","Relic","Relic","Relic","Relic","Relic","Relic"],"build_version":"2020-12-13","purchased_purges":3,"victory":false,"max_hp_per_floor":[72,72,72,72,72,72,72,72,72,72,72,72,72,72,72,72,72,72,72,72,72,72,72,72,72,72,72,72,72,72,72,72,72,72,72,72,72,72,72,72,72,72,72,72,72,72,72,86,86,86,86,86,86,86,86,86,86,86,86,86,86,86,86,86,86,86,86,86,86,86,86,86,86,86,86,86,86,86],"card_choices":[{"not_picked":["FlurryOfBlows","Perseverance"],"picked":"Fasting2","floor":1},{"not_picked":["ThirdEye","REME_Repentance","CrushJoints"],"picked":"SKIP","floor":2},{"not_picked":["Conclude","REME_MusicOfDeath","CutThroughFate"],"picked":"SKIP","floor":3},{"not_picked":["Prostrate","AT_SoftenMuscles"],"picked":"TalkToTheHand","floor":5},{"not_picked":["ClearTheMind","MentalFortress","AT_SoftenMuscles"],"picked":"SKIP","floor":6},{"not_picked":["EmptyFist","SashWhip","Nirvana"],"picked":"SKIP","floor":8},{"not_picked":["REME_Repentance","ThirdEye","Conclude"],"picked":"SKIP","floor":13},{"not_picked":["WreathOfFlame","Halt","AT_DivineConfetti"],"picked":"SKIP","floor":14},{"not_picked":["Alpha","Blasphemy"],"picked":"LessonLearned","floor":16},{"not_picked":["Protect","Halt+1","ClearTheMind"],"picked":"SKIP","floor":18},{"not_picked":["Consecrate","FlyingSleeves","PathToVictory"],"picked":"SKIP","floor":21},{"not_picked":["SignatureMove+1","Perseverance","Evaluate"],"picked":"SKIP","floor":23},{"not_picked":["FollowUp","Evaluate","Indignation"],"picked":"SKIP","floor":25},{"not_picked":["CutThroughFate","FlyingSleeves"],"picked":"REME_Repentance","floor":27},{"not_picked":["BattleHymn","ReachHeaven","Sanctity"],"picked":"SKIP","floor":29},{"not_picked":["Vault","MasterReality"],"picked":"Omniscience","floor":33},{"not_picked":["EmptyFist","ClearTheMind","Wireheading+1"],"picked":"SKIP","floor":35},{"not_picked":["BowlingBash","AT_DivineConfetti+1","LikeWater+1"],"picked":"SKIP","floor":36},{"not_picked":["FollowUp","CutThroughFate","ClearTheMind+1"],"picked":"SKIP","floor":37},{"not_picked":["Indignation+1","REME_Repentance"],"picked":"TalkToTheHand+1","floor":38},{"not_picked":["Fasting2","Indignation+1"],"picked":"Brilliance","floor":40},{"not_picked":["WreathOfFlame+1","PathToVictory","Protect+1"],"picked":"SKIP","floor":41},{"not_picked":["FollowUp+1","LessonLearned","Tantrum+1"],"picked":"SKIP","floor":44},{"not_picked":["REME_MusicOfDeath+1","Protect","REME_Repentance+1"],"picked":"SKIP","floor":46},{"not_picked":["Protect+1","Halt+1","BowlingBash"],"picked":"SKIP","floor":47},{"not_picked":["FlurryOfBlows","FearNoEvil","EmptyBody+1"],"picked":"SKIP","floor":48},{"not_picked":["DeusExMachina","AT_MachinaRedman"],"picked":"DevaForm","floor":50},{"not_picked":["Pray","WheelKick","LikeWater"],"picked":"SKIP","floor":52},{"not_picked":["Crescendo","REME_MusicOfDeath","Prostrate"],"picked":"SKIP","floor":53},{"not_picked":["CrushJoints","WreathOfFlame","Evaluate"],"picked":"SKIP","floor":57},{"not_picked":["FollowUp","EmptyBody","SashWhip"],"picked":"SKIP","floor":58},{"not_picked":["REME_Repentance","DeusExMachina","Worship"],"picked":"SKIP","floor":61},{"not_picked":["Tantrum","Vengeance"],"picked":"AT_ChampionStep","floor":63},{"not_picked":["SashWhip","ThirdEye","Nirvana"],"picked":"SKIP","floor":65},{"not_picked":["PathToVictory+1","FlyingSleeves","Halt"],"picked":"SKIP","floor":69},{"not_picked":["SashWhip","EmptyBody","PathToVictory+1"],"picked":"SKIP","floor":70},{"not_picked":["FlurryOfBlows","FlyingSleeves","SashWhip"],"picked":"SKIP","floor":71},{"not_picked":["Establishment","PathToVictory+1","Crescendo"],"picked":"SKIP","floor":73},{"not_picked":["Worship","Indignation","FearNoEvil"],"picked":"SKIP","floor":74},{"not_picked":["ClearTheMind","Protect","CutThroughFate"],"picked":"SKIP","floor":76}],"player_experience":41908,"relics_obtained":[{"floor":6,"key":"HornCleat"},{"floor":8,"key":"TungstenRod"},{"floor":9,"key":"Shovel"},{"floor":10,"key":"AT_SilvercatRing"},{"floor":12,"key":"InkBottle"},{"floor":13,"key":"Akabeko"},{"floor":14,"key":"Boot"},{"floor":15,"key":"Sundial"},{"floor":23,"key":"Torii"},{"floor":24,"key":"The Courier"},{"floor":25,"key":"Mercury Hourglass"},{"floor":26,"key":"Meat on the Bone"},{"floor":27,"key":"Nunchaku"},{"floor":28,"key":"Dream Catcher"},{"floor":29,"key":"Bag of Preparation"},{"floor":30,"key":"Letter Opener"},{"floor":32,"key":"AT_Manta"},{"floor":38,"key":"Du-Vu Doll"},{"floor":40,"key":"Bottled Lightning"},{"floor":42,"key":"Eternal Feather"},{"floor":43,"key":"War Paint"},{"floor":46,"key":"Tiny Chest"},{"floor":47,"key":"AT_BladeRuinedKing"},{"floor":48,"key":"Mango"},{"floor":49,"key":"Toy Ornithopter"},{"floor":60,"key":"REME_ArchaeologicalTools"},{"floor":66,"key":"Omamori"},{"floor":76,"key":"White Beast Statue"},{"floor":77,"key":"CaptainsWheel"}],"event_choices":[{"damage_healed":0,"gold_gain":0,"player_choice":"Take Damage","damage_taken":18,"relics_obtained":["Golden Idol"],"max_hp_gain":0,"max_hp_loss":0,"event_name":"Golden Idol","floor":4,"gold_loss":0},{"cards_removed":["ClearTheMind"],"damage_healed":0,"gold_gain":0,"player_choice":"Card Removal","damage_taken":7,"max_hp_gain":0,"max_hp_loss":0,"event_name":"Golden Wing","floor":7,"gold_loss":0},{"damage_healed":0,"gold_gain":0,"player_choice":"Got Potions","damage_taken":0,"max_hp_gain":0,"max_hp_loss":0,"event_name":"Lab","floor":11,"gold_loss":0},{"damage_healed":0,"gold_gain":0,"player_choice":"Gave Potion","damage_taken":0,"relics_obtained":["Ornamental Fan"],"max_hp_gain":0,"max_hp_loss":0,"event_name":"WeMeetAgain","floor":20,"gold_loss":0},{"damage_healed":0,"gold_gain":0,"player_choice":"Fight","damage_taken":0,"max_hp_gain":0,"max_hp_loss":0,"event_name":"Mysterious Sphere","floor":38,"gold_loss":0},{"damage_healed":0,"gold_gain":75,"player_choice":"Gather Gold","damage_taken":11,"max_hp_gain":0,"max_hp_loss":0,"event_name":"World of Goop","floor":55,"gold_loss":0},{"damage_healed":0,"gold_gain":69,"player_choice":"Gained Gold","damage_taken":0,"max_hp_gain":0,"max_hp_loss":0,"event_name":"Golden Wing","floor":59,"gold_loss":0},{"damage_healed":0,"gold_gain":0,"player_choice":"Grow","damage_taken":0,"max_hp_gain":0,"max_hp_loss":0,"event_name":"Living Wall","floor":62,"gold_loss":0,"cards_upgraded":["DevaForm"]}],"is_beta":false,"boss_relics":[{"not_picked":["Cursed Key","Coffee Dripper"],"picked":"REME_DuelDisc"},{"not_picked":["HolyWater","Fusion Hammer"],"picked":"AT_TrinityForce"},{"not_picked":["Sozu","VioletLotus"],"picked":"AT_MortalBlade"},{"not_picked":["Runic Dome","VioletLotus"],"picked":"HolyWater"}],"items_purged_floors":[19,31,72],"is_endless":true,"potions_floor_spawned":[1,3,13,16,25,27,29,35,36,37,50,53,61,65,67,73,76,77],"killed_by":"Book of Stabbing","ascension_level":0}}