{"host":"6to0pdz5g3mubtyg","time":1608580421,"event":{"mods":["Act Like it!","Aspiration","BaseMod","BetterRewards","Colored Map","Energized Spire","Hallownest","Highlight Path","Infinite Spire","Jorbs\u0027s Wanderer Trilogy","Minty Spire (QoL Compilation)","Shade Mod","StSLib","The Animator","The Blue Laboratory","The Bug Knight"],"gold_per_floor":[119,119,131,81,81,81,109,34,89,89,100,100,119,131,131,227,227,242,254,254,273,293,293,305,324,324,352,362,362,277,296,296,296,296],"floor_reached":33,"playtime":1219,"items_purged":["Defend_R"],"score":365,"play_id":"19a1afc0-a4b4-455c-a163-6091cc9f744e","local_time":"20201221125341","is_ascension_mode":true,"campfire_choices":[{"data":"Sever Soul","floor":6.0,"key":"SMITH"},{"data":"Perfected Strike","floor":10.0,"key":"SMITH"},{"data":"Wild Strike","floor":15.0,"key":"SMITH"},{"floor":23.0,"key":"REST"},{"floor":29.0,"key":"REST"},{"data":"Demon Form","floor":32.0,"key":"SMITH"}],"circlet_count":0,"master_deck":["Strike_R","Strike_R","Strike_R","Strike_R","Defend_R","Defend_R","Defend_R","Bash","Sever Soul+1","Hemokinesis+1","Perfected Strike+1","Perfected Strike","Wild Strike+1","Reaper","Dual Wield+1","Perfected Strike","Clash","Twin Strike","Infernal Blade+1","Perfected Strike","Pommel Strike","Twin Strike+1","Demon Form+1"],"relics":["Burning Blood","NeowsBlessing","aspiration:HiddenCompartment","Regal Pillow","aspiration:Lifesprig","energizedSpire:DeadBattery","aspiration:FutureDiary","Smiling Mask","Eternal Feather","Juzu Bracelet","infinitespire:PuzzleCube"],"acts_visited":["Exordium","TheCity"],"potions_floor_usage":[],"damage_taken":[{"damage":0.0,"enemies":"Small Slimes","floor":1.0,"turns":1.0},{"damage":0.0,"enemies":"Cultist","floor":3.0,"turns":1.0},{"damage":0.0,"enemies":"Gremlin Nob","floor":7.0,"turns":1.0},{"damage":9.0,"enemies":"Jaw Worm","floor":11.0,"turns":2.0},{"damage":4.0,"enemies":"Large Slime","floor":13.0,"turns":3.0},{"damage":11.0,"enemies":"2 Fungi Beasts","floor":14.0,"turns":2.0},{"damage":59.0,"enemies":"The Guardian","floor":16.0,"turns":6.0},{"damage":13.0,"enemies":"Spheric Guardian","floor":18.0,"turns":3.0},{"damage":40.0,"enemies":"3 Byrds","floor":19.0,"turns":4.0},{"damage":21.0,"enemies":"Snake Plant","floor":21.0,"turns":2.0},{"damage":14.0,"enemies":"Cultist and Chosen","floor":22.0,"turns":3.0},{"damage":0.0,"enemies":"Snecko","floor":24.0,"turns":2.0},{"damage":23.0,"enemies":"Centurion and Healer","floor":25.0,"turns":3.0},{"damage":32.0,"enemies":"Book of Stabbing","floor":27.0,"turns":3.0},{"damage":6.0,"enemies":"3 Cultists","floor":28.0,"turns":3.0},{"damage":29.0,"enemies":"Shelled Parasite and Fungi","floor":31.0,"turns":3.0},{"damage":80,"enemies":"Champ","floor":33,"turns":5}],"seed_played":"-6493084316063645522","potions_obtained":[{"floor":13.0,"key":"FearPotion"},{"floor":16.0,"key":"blueLaboratory:BottleOfVodka"},{"floor":18.0,"key":"Dexterity Potion"},{"floor":19.0,"key":"blueLaboratory:SavagePotion"},{"floor":27.0,"key":"SteroidPotion"}],"is_trial":false,"path_per_floor":["M","?","M","?","?","R","E","$","T","R","M","?","M","M","R","B",null,"M","M","AVR","M","M","R","M","M","T","E","M","R","?","M","R","B"],"character_chosen":"IRONCLAD","items_purchased":[],"campfire_rested":2,"item_purchase_floors":[],"current_hp_per_floor":[80,80,80,80,80,80,80,80,80,80,77,74,76,71,71,18,80,73,43,43,28,24,63,69,52,52,30,30,80,80,57,69,0,0],"gold":296,"neow_bonus":"THREE_ENEMY_KILL","is_daily":false,"chose_seed":false,"campfire_upgraded":4,"win_rate":0.0,"timestamp":1608580421,"path_taken":["M","?","M","?","?","R","E","$","T","R","?","?","M","M","R","BOSS","M","M","AVR","M","M","R","M","M","T","E","M","R","?","M","R","BOSS"],"items_purchased_type":[],"build_version":"2020-12-13","purchased_purges":1,"victory":false,"max_hp_per_floor":[80,80,80,80,80,80,80,80,80,80,80,80,80,80,80,80,80,80,80,80,80,80,80,80,80,80,80,80,80,80,80,80,80,80],"card_choices":[{"not_picked":["Iron Wave","Clothesline"],"picked":"Sever Soul","floor":1.0},{"not_picked":["Iron Wave","Wild Strike"],"picked":"Hemokinesis","floor":3.0},{"not_picked":["Wild Strike","Shrug It Off"],"picked":"Perfected Strike","floor":7.0},{"not_picked":["Iron Wave","Entrench","Fire Breathing"],"picked":"SKIP","floor":11.0},{"not_picked":["Clash","Dark Embrace"],"picked":"Perfected Strike","floor":13.0},{"not_picked":["Cleave","Sentinel"],"picked":"Wild Strike","floor":14.0},{"not_picked":["Corruption","Brutality"],"picked":"Reaper","floor":16.0},{"not_picked":["Dark Embrace+1","Warcry"],"picked":"Dual Wield+1","floor":18.0},{"not_picked":["Infernal Blade","Havoc"],"picked":"Perfected Strike","floor":19.0},{"not_picked":["Sentinel","Armaments"],"picked":"Clash","floor":21.0},{"not_picked":["Cleave","Bloodletting"],"picked":"Twin Strike","floor":22.0},{"not_picked":["Flex","Sword Boomerang"],"picked":"Infernal Blade+1","floor":24.0},{"not_picked":["Warcry","Dark Embrace"],"picked":"Perfected Strike","floor":25.0},{"not_picked":["Whirlwind","Disarm+1"],"picked":"Pommel Strike","floor":27.0},{"not_picked":["Power Through","Clothesline"],"picked":"Twin Strike+1","floor":28.0},{"not_picked":["Rage+1","True Grit"],"picked":"Demon Form","floor":31.0}],"player_experience":204214,"relics_obtained":[{"floor":7.0,"key":"aspiration:HiddenCompartment"},{"floor":9.0,"key":"Regal Pillow"},{"floor":26.0,"key":"Eternal Feather"},{"floor":27.0,"key":"Juzu Bracelet"}],"event_choices":[{"cards_removed":["Strike_R"],"damage_healed":0.0,"max_hp_gain":0.0,"max_hp_loss":0.0,"gold_gain":0.0,"event_name":"The Cleric","player_choice":"Card Removal","floor":4.0,"gold_loss":50.0,"damage_taken":0.0},{"damage_healed":0.0,"max_hp_gain":0.0,"max_hp_loss":0.0,"gold_gain":0.0,"event_name":"Upgrade Shrine","player_choice":"Upgraded","floor":5.0,"gold_loss":0.0,"damage_taken":0.0,"cards_upgraded":["Hemokinesis"]},{"damage_healed":0.0,"max_hp_gain":0.0,"max_hp_loss":0.0,"gold_gain":0.0,"event_name":"Scrap Ooze","player_choice":"Success","floor":12.0,"gold_loss":0.0,"damage_taken":3.0,"relics_obtained":["aspiration:Lifesprig"]},{"damage_healed":0.0,"max_hp_gain":0.0,"max_hp_loss":0.0,"gold_gain":0.0,"event_name":"Addict","player_choice":"Obtained Relic","floor":30.0,"gold_loss":85.0,"damage_taken":0.0,"relics_obtained":["infinitespire:PuzzleCube"]}],"is_beta":false,"boss_relics":[{"not_picked":["energizedSpire:RedRose","infinitespire:Cupcake"],"picked":"energizedSpire:DeadBattery"}],"items_purged_floors":[8],"is_endless":false,"potions_floor_spawned":[13,16,18,19,22,27],"killed_by":"Champ","ascension_level":3}}