{"host":"5aab5jn7oufujzzj","time":1608579857,"event":{"mods":["Act Like it!","BaseMod","CapriCore","Chen","Decade(â§è¨ñæ)","Friendly Minions","Gensokyo","HololiveMod","Koishi","KomeijiMod","LagranYue(ùfäiòNÅEåé)","Lobotomy","LobotomyExtend","Luminous","Mari Mod (Legacy)","Mari\u0027s V1 Patch","MarisaÅiñ∂âJÅ@ñÇóùçπÅj","Minty Spire (QoL Compilation)","MostiFishMod","Prisma Mod","ReimuÅiîé??öÎÅj","RemiliaÅiÂQïƒ‰ª?Åj","RumiaBox-òIïƒ?ìIê_îÈ·¥éq","StSLib","The Alterego","The Cursed","The Immortal","The Servant 0.9.4","WarShipGirlsR/??è≠èóR mod","Yohane!","YoumuÅiç∞ÈÆódöÎÅj","Yuri Mod","Yuyuko","Åy?ï˚ìÒéü?çÏÅzî™â]éámod"],"gold_per_floor":[117,130,147,167,185,185,214,214,214,214,68,101,111,144,144,243,243,254,118,118,136,155,189,189,214,214,224,234,234,234,245,245,341,341,353,353,353,273,287,317,317,346,369,369,384,410,410,424,424,520,520,520,466,497,497],"floor_reached":56,"playtime":3893,"items_purged":[],"score":1364,"play_id":"53988cd5-fe5b-4254-b2fc-36362c085cf6","local_time":"20201222034417","is_ascension_mode":true,"campfire_choices":[{"data":"alterego_mod:TrashNCrash","floor":6,"key":"SMITH"},{"data":"alterego_mod:Impale","floor":8,"key":"SMITH"},{"data":"alterego_mod:BigMeatyClaws","floor":10,"key":"SMITH"},{"data":"alterego_mod:Clones","floor":15,"key":"SMITH"},{"data":"alterego_mod:GIGAMILK","floor":24,"key":"SMITH"},{"floor":30,"key":"RECALL"},{"data":"alterego_mod:Tantrum","floor":32,"key":"SMITH"},{"data":"alterego_mod:IndependentAction","floor":41,"key":"SMITH"},{"data":"alterego_mod:Palingenesis+1","floor":47,"key":"SMITH"},{"data":"alterego_mod:Clones","floor":49,"key":"SMITH"},{"data":"alterego_mod:Birthday","floor":52,"key":"SMITH"}],"circlet_count":0,"master_deck":["alterego_mod:Strike","alterego_mod:Strike","alterego_mod:Strike","alterego_mod:Strike","alterego_mod:Defend","alterego_mod:Defend+1","alterego_mod:Defend","alterego_mod:Defend","alterego_mod:Impale+1","alterego_mod:BigMeatyClaws+1","alterego_mod:BrynhildrsRune+1","alterego_mod:Birthday","alterego_mod:TrashNCrash+1","alterego_mod:Clones+1","alterego_mod:Undulate","alterego_mod:DeftHands","alterego_mod:BreastValley+1","alterego_mod:Belts","alterego_mod:Birthday+1","alterego_mod:GIGAMILK+1","alterego_mod:BeGentle","alterego_mod:Palingenesis+2","alterego_mod:Birthday","alterego_mod:1TonWallop","alterego_mod:Maid","alterego_mod:ChallengeComplete+1","alterego_mod:DeftHands","alterego_mod:SakuraFive","alterego_mod:Tantrum+1","alterego_mod:SideboobHour","alterego_mod:BiFurious","Gensokyo:CustomPotion","alterego_mod:IndependentAction+1","alterego_mod:Clones+1","alterego_mod:IdEs","alterego_mod:BustOut+1","alterego_mod:PerceptionDisorder+1","alterego_mod:IdEs","alterego_mod:IndependentAction","alterego_mod:BiFurious+1"],"relics":["alterego_mod:MasochisticConstitution","DaveBox","LagranYue:RandomDrawCardRelic","War Paint","DianDianMeat","Question Card","Bronze Scales","Frozen Egg 2","ClockworkSouvenir","Bottled Flame","MagicDraw3","ImportantClient","RhineSuit","Sling","Meat on the Bone","Mastiff:ReiMu","Runic Dome","Regal Pillow","ChaoDraw","Hololive_LightStick","Pear","Toy Ornithopter"],"acts_visited":["Gensokyo:Gensokyo","Gensokyo:Gensokyoer","Gensokyo:Gensokyoest","TheEnding"],"potions_floor_usage":[7,7,14,23,23,45,45,55,55],"damage_taken":[{"damage":3,"enemies":"Gensokyo:3_Fairies","floor":1,"turns":5},{"damage":3,"enemies":"Gensokyo:Python","floor":2,"turns":5},{"damage":15,"enemies":"Gensokyo:Gryphon","floor":3,"turns":6},{"damage":14,"enemies":"Gensokyo:Kitsune","floor":4,"turns":4},{"damage":19,"enemies":"Gensokyo:Python_and_Kodama","floor":5,"turns":6},{"damage":7,"enemies":"Gensokyo:Aya","floor":7,"turns":8},{"damage":12,"enemies":"Gensokyo:Cirno","floor":12,"turns":6},{"damage":0,"enemies":"Gensokyo:LivingMonolith","floor":13,"turns":3},{"damage":10,"enemies":"Gensokyo:Mamizou","floor":14,"turns":7},{"damage":40,"enemies":"Gensokyo:Reimu","floor":16,"turns":11},{"damage":0,"enemies":"Gensokyo:Chomper","floor":18,"turns":2},{"damage":0,"enemies":"Gensokyo:3_Dogs","floor":21,"turns":4},{"damage":0,"enemies":"Gensokyo:3_Gloops","floor":22,"turns":3},{"damage":19,"enemies":"Gensokyo:Koishi","floor":23,"turns":4},{"damage":13,"enemies":"Gensokyo:Reisen","floor":25,"turns":4},{"damage":31,"enemies":"Gensokyo:Swordslinger","floor":27,"turns":3},{"damage":1,"enemies":"Gensokyo:Chomper_and_Gloop","floor":28,"turns":3},{"damage":1,"enemies":"Gensokyo:3_Gloops","floor":31,"turns":5},{"damage":9,"enemies":"Gensokyo:Eiki","floor":33,"turns":5},{"damage":8,"enemies":"Gensokyo:3_Bats","floor":35,"turns":2},{"damage":2,"enemies":"Gensokyo:3_Boulders","floor":39,"turns":4},{"damage":11,"enemies":"Gensokyo:Marisa","floor":40,"turns":4},{"damage":23,"enemies":"Gensokyo:Kasen","floor":42,"turns":4},{"damage":0,"enemies":"Gensokyo:AtlasGolem","floor":45,"turns":1},{"damage":0,"enemies":"Gensokyo:Doremy","floor":46,"turns":4},{"damage":0,"enemies":"Gensokyo:Rafflesia","floor":48,"turns":2},{"damage":4,"enemies":"Gensokyo:Scarlet_Devils","floor":50,"turns":5},{"damage":56,"enemies":"Shield and Spear","floor":54,"turns":5},{"damage":105,"enemies":"The Heart","floor":55,"turns":5}],"seed_played":"-3785395654092638181","potions_obtained":[{"floor":2,"key":"Block Potion"},{"floor":3,"key":"EssenceOfSteel"},{"floor":7,"key":"GrandPatriotsElixir:ReiMu"},{"floor":14,"key":"LiquidBronze"},{"floor":16,"key":"FearPotion"},{"floor":18,"key":"PowerPotion"},{"floor":21,"key":"GamblersBrew"},{"floor":27,"key":"SteroidPotion"},{"floor":28,"key":"Strength Potion"},{"floor":39,"key":"FearPotion"},{"floor":45,"key":"ZuzhouPotion:ReiMu"},{"floor":50,"key":"Strength Potion"}],"is_trial":false,"path_per_floor":["M","M","M","M","M","R","E","R","T","R","$","E","M","E","R","B",null,"M","COS","?","M","M","E","R","E","T","M","M","?","R","M","R","B",null,"M","?","?","?","M","E","R","E","T","?","M","E","R","M","R","B",null,"R","$","E","B",null],"character_chosen":"The_Alterego","items_purchased":["ClockworkSouvenir","alterego_mod:IndependentAction"],"campfire_rested":0,"item_purchase_floors":[11,53],"current_hp_per_floor":[69,71,69,64,60,60,62,62,62,62,62,60,70,72,72,120,134,145,145,157,170,184,190,190,205,205,194,216,235,235,266,266,285,316,339,339,339,362,387,406,406,416,416,416,443,463,463,493,493,533,535,535,565,545,482],"gold":497,"neow_bonus":"RANDOM_COMMON_RELIC","is_daily":false,"chose_seed":false,"campfire_upgraded":10,"win_rate":0.0,"timestamp":1608579857,"path_taken":["M","M","M","M","M","R","E","R","T","R","$","E","?","E","R","BOSS","M","COS","?","M","M","E","R","E","T","M","M","?","R","M","R","BOSS","M","?","?","?","?","E","R","E","T","?","M","E","R","M","R","BOSS","R","$","E","BOSS"],"items_purchased_type":["Relic","Card"],"build_version":"2020-12-13","purchased_purges":0,"victory":true,"max_hp_per_floor":[72,75,79,84,90,90,97,97,97,97,97,105,113,123,123,134,134,145,145,157,170,184,200,200,217,217,235,254,273,273,294,294,316,316,339,339,339,362,387,413,413,440,440,440,467,477,477,505,505,535,535,535,565,597,598],"card_choices":[{"not_picked":["alterego_mod:Bunnysuit","alterego_mod:SakuraPetals"],"picked":"alterego_mod:Birthday","floor":1},{"not_picked":["alterego_mod:Belle","alterego_mod:Cycle","alterego_mod:Complex"],"picked":"alterego_mod:TrashNCrash","floor":2},{"not_picked":["alterego_mod:Skirt","alterego_mod:HighServant","alterego_mod:Crossover"],"picked":"alterego_mod:Clones","floor":3},{"not_picked":["alterego_mod:BusterCard","alterego_mod:Complex","alterego_mod:Punishment"],"picked":"alterego_mod:Undulate","floor":4},{"not_picked":["alterego_mod:HighServant","alterego_mod:SuperDuperMasochism","alterego_mod:Rip"],"picked":"alterego_mod:DeftHands","floor":5},{"not_picked":["alterego_mod:Collar","alterego_mod:Exercise","alterego_mod:Bloomers"],"picked":"alterego_mod:Undulate","floor":7},{"not_picked":["alterego_mod:ClassAdvantage+1","alterego_mod:HighServant","alterego_mod:Complex"],"picked":"alterego_mod:BreastValley+1","floor":12},{"not_picked":["alterego_mod:Cycle","alterego_mod:Belle","alterego_mod:Swimsuit"],"picked":"alterego_mod:Belts","floor":13},{"not_picked":["alterego_mod:Belts","alterego_mod:Cooking","alterego_mod:GoddessCore"],"picked":"alterego_mod:Birthday","floor":14},{"not_picked":["alterego_mod:AlterEgo+1","alterego_mod:TrickOrTreatment+1","alterego_mod:Palingenesis+1"],"picked":"alterego_mod:GIGAMILK","floor":16},{"not_picked":["alterego_mod:HighServant","alterego_mod:Bloomers+1","alterego_mod:Exercise"],"picked":"alterego_mod:BeGentle","floor":18},{"not_picked":["alterego_mod:Jiggle","alterego_mod:BusterCard","alterego_mod:DustData"],"picked":"alterego_mod:Birthday","floor":21},{"not_picked":["alterego_mod:Cushion","alterego_mod:Cooking","alterego_mod:Mirror"],"picked":"alterego_mod:1TonWallop","floor":22},{"not_picked":["alterego_mod:DustData+1","alterego_mod:Cycle","alterego_mod:Santa"],"picked":"alterego_mod:Maid","floor":23},{"not_picked":["alterego_mod:Vow","alterego_mod:Complex","alterego_mod:Bloomers"],"picked":"alterego_mod:ChallengeComplete+1","floor":25},{"not_picked":["alterego_mod:1TonWallop","alterego_mod:PurpleHair","alterego_mod:Maid"],"picked":"alterego_mod:DeftHands","floor":27},{"not_picked":["alterego_mod:BeGentle","alterego_mod:Maid","alterego_mod:DiscoLights+1"],"picked":"alterego_mod:ChallengeComplete+1","floor":28},{"not_picked":["alterego_mod:PurpleHair","alterego_mod:Belle+1","alterego_mod:BustOut+1"],"picked":"alterego_mod:Tantrum","floor":31},{"not_picked":["alterego_mod:VirginLaserPalladion","alterego_mod:Venus","alterego_mod:Palingenesis+1"],"picked":"alterego_mod:SideboobHour","floor":33},{"not_picked":["alterego_mod:Bloomers","alterego_mod:DeftHands","alterego_mod:HighServant"],"picked":"alterego_mod:BiFurious","floor":35},{"not_picked":["alterego_mod:BiFurious+1","alterego_mod:Cycle","alterego_mod:Birthday"],"picked":"alterego_mod:IndependentAction","floor":39},{"not_picked":["alterego_mod:PainIsPleasure+1","alterego_mod:SakuraPetals","alterego_mod:Cycle"],"picked":"alterego_mod:Clones","floor":40},{"not_picked":["alterego_mod:Bloomers+1","alterego_mod:GoddessCore","alterego_mod:Skirt"],"picked":"alterego_mod:IdEs","floor":42},{"not_picked":["alterego_mod:SakuraLabyrinth","alterego_mod:Complex+1","alterego_mod:PresenceConcealment+1"],"picked":"alterego_mod:BustOut+1","floor":45},{"not_picked":["alterego_mod:DestructionOfProperty","alterego_mod:Punishment+1","alterego_mod:DeftHands+1","alterego_mod:Cycle"],"picked":"SKIP","floor":46},{"not_picked":["alterego_mod:Schoolgirl+1","alterego_mod:HighServant+1","alterego_mod:ChallengeComplete+1"],"picked":"alterego_mod:PerceptionDisorder+1","floor":48},{"not_picked":["alterego_mod:Valkyrie","alterego_mod:VirginLaserPalladion","alterego_mod:PainIsPleasure+1"],"picked":"alterego_mod:IdEs","floor":50},{"not_picked":["alterego_mod:DeftHands+1","alterego_mod:SakuraLabyrinth+1","alterego_mod:Complex"],"picked":"alterego_mod:BiFurious+1","floor":54}],"player_experience":242398,"relics_obtained":[{"floor":1,"key":"Question Card"},{"floor":7,"key":"Bronze Scales"},{"floor":9,"key":"Frozen Egg 2"},{"floor":12,"key":"Bottled Flame"},{"floor":14,"key":"MagicDraw3"},{"floor":16,"key":"ImportantClient"},{"floor":23,"key":"Meat on the Bone"},{"floor":25,"key":"Mastiff:ReiMu"},{"floor":40,"key":"Regal Pillow"},{"floor":42,"key":"ChaoDraw"},{"floor":43,"key":"Hololive_LightStick"},{"floor":46,"key":"Pear"},{"floor":54,"key":"Toy Ornithopter"}],"event_choices":[],"is_beta":false,"boss_relics":[{"not_picked":["RhineFirstAidKit","DiscerningMonocle"],"picked":"RhineSuit"},{"not_picked":["Snecko Eye","Hololive_ChaosS"],"picked":"Runic Dome"}],"items_purged_floors":[],"is_endless":false,"potions_floor_spawned":[2,3,7,14,16,18,21,27,28,33,39,42,45,50],"ascension_level":1}}