{"host":"9ndbo4kgsfoemf7y","time":1608561682,"event":{"mods":["AchievementEnabler","BaseMod","Colored Map","DeckTracker","Keyboard Shortcuts","Minty Spire (QoL Compilation)","Permanent Neow","Quick Restart","Relic Stats","StSLib","SuperFastMode"],"gold_per_floor":[115,125,125,145,160,190,75,75,120,154,71,99,99,160,160,160,160],"floor_reached":16,"playtime":394,"items_purged":["Defend_R"],"score":236,"play_id":"2d8f0f07-04e6-474e-a5b9-5b7555d4dc40","local_time":"20201221234122","is_ascension_mode":true,"campfire_choices":[{"data":"Dark Embrace","floor":8.0,"key":"SMITH"},{"floor":13.0,"key":"REST"},{"data":"Barricade","floor":15.0,"key":"SMITH"}],"circlet_count":0,"master_deck":["AscendersBane","Strike_R","Strike_R","Strike_R","Strike_R","Strike_R","Defend_R","Defend_R","Defend_R","Bash","Pommel Strike","Twin Strike","Perfected Strike","Ghostly Armor","Double Tap","Dark Embrace+1","Evolve","Burning Pact","Barricade+1"],"relics":["Burning Blood","Ice Cream","Blue Candle","Omamori","Nunchaku","Pen Nib","Girya"],"acts_visited":["Exordium"],"potions_floor_usage":[16],"damage_taken":[{"damage":12.0,"enemies":"Jaw Worm","floor":1.0,"turns":3.0},{"damage":7.0,"enemies":"Cultist","floor":2.0,"turns":4.0},{"damage":8.0,"enemies":"2 Louse","floor":4.0,"turns":2.0},{"damage":5.0,"enemies":"Exordium Wildlife","floor":5.0,"turns":3.0},{"damage":10.0,"enemies":"Lagavulin","floor":6.0,"turns":5.0},{"damage":39.0,"enemies":"Gremlin Nob","floor":10.0,"turns":4.0},{"damage":20.0,"enemies":"Lagavulin","floor":12.0,"turns":7.0},{"damage":1.0,"enemies":"Gremlin Nob","floor":14.0,"turns":3.0},{"damage":40,"enemies":"The Guardian","floor":16,"turns":5}],"seed_played":"8601803471420634316","potions_obtained":[{"floor":2.0,"key":"Energy Potion"},{"floor":4.0,"key":"DistilledChaos"},{"floor":6.0,"key":"SteroidPotion"}],"is_trial":false,"path_per_floor":["M","M","?","M","M","E","$","R","T","E","$","E","R","?","R","B"],"character_chosen":"IRONCLAD","items_purchased":["Dark Embrace","Evolve"],"campfire_rested":1,"item_purchase_floors":[7,11],"current_hp_per_floor":[62,61,61,59,60,56,56,56,56,23,23,9,29,34,34,0,0],"gold":160,"neow_bonus":"ONE_RARE_RELIC","is_daily":false,"chose_seed":false,"campfire_upgraded":2,"win_rate":0.0,"timestamp":1608561682,"path_taken":["M","M","?","M","?","E","$","R","T","E","?","E","R","?","R","BOSS"],"items_purchased_type":["Card","Card"],"build_version":"2020-12-13","purchased_purges":1,"victory":false,"max_hp_per_floor":[68,68,68,68,68,68,68,68,68,68,68,68,68,68,68,68,68],"relic_stats":{"Nunchaku":[2],"counters":[9,36],"Blue Candle":[0],"Pen Nib":[1],"obtain_stats":[{"Ice Cream":0,"Girya":14,"Nunchaku":10,"Blue Candle":6,"Pen Nib":12,"Omamori":9,"Burning Blood":0},{"Ice Cream":0,"Girya":8,"Nunchaku":6,"Blue Candle":5,"Pen Nib":7,"Omamori":5,"Burning Blood":0},{"Ice Cream":0,"Girya":31,"Nunchaku":21,"Blue Candle":17,"Pen Nib":28,"Omamori":17,"Burning Blood":0}],"Burning Blood":48},"card_choices":[{"not_picked":["True Grit","Metallicize"],"picked":"Pommel Strike","floor":1.0},{"not_picked":["Shrug It Off","Infernal Blade"],"picked":"Twin Strike","floor":2.0},{"not_picked":["Thunderclap","Feel No Pain"],"picked":"Perfected Strike","floor":4.0},{"not_picked":["True Grit","Thunderclap"],"picked":"Ghostly Armor","floor":5.0},{"not_picked":["Sever Soul","Pummel"],"picked":"Double Tap","floor":6.0},{"not_picked":["Thunderclap","Rampage","Entrench"],"picked":"SKIP","floor":10.0},{"not_picked":["Sword Boomerang","Fire Breathing"],"picked":"Burning Pact","floor":12.0},{"not_picked":["Bloodletting","Flex"],"picked":"Barricade","floor":14.0}],"player_experience":730162,"relics_obtained":[{"floor":6.0,"key":"Blue Candle"},{"floor":9.0,"key":"Omamori"},{"floor":10.0,"key":"Nunchaku"},{"floor":12.0,"key":"Pen Nib"},{"floor":14.0,"key":"Girya"}],"event_choices":[{"damage_healed":0.0,"max_hp_gain":0.0,"max_hp_loss":0.0,"gold_gain":0.0,"event_name":"Match and Keep!","player_choice":"0 cards matched","floor":3.0,"gold_loss":0.0,"damage_taken":0.0,"cards_obtained":[]},{"damage_healed":0.0,"max_hp_gain":0.0,"max_hp_loss":0.0,"gold_gain":0.0,"event_name":"Dead Adventurer","player_choice":"Searched \u00272\u0027 times","floor":14.0,"gold_loss":0.0,"damage_taken":0.0}],"is_beta":false,"boss_relics":[],"items_purged_floors":[7],"is_endless":false,"potions_floor_spawned":[2,4,6],"killed_by":"The Guardian","ascension_level":20}}