{"host":"coame8l8goqx0svj","time":1608572521,"event":{"mods":["BaseMod","Downfall","Minty Spire (QoL Compilation)","StSLib"],"gold_per_floor":[99,99,132,132,57,87,137,68,94,19,19,19,19,37,57,160,160,160,175,175,175,160,192,218,143,159,159,244,244,254,40,57,161,161,161,172,172,172,172,207,281,281,312,312,362,386,441,217,230,230,230,264,84,84,84],"floor_reached":56,"playtime":4887,"items_purged":["Pain","sneckomod:Bewildered"],"score":1820,"play_id":"5b67d67e-1287-4ee2-9627-20d5710f888d","local_time":"20201221184201","is_ascension_mode":true,"campfire_choices":[{"floor":1,"key":"RECALL"},{"data":"Guardian:ShieldCharger","floor":5,"key":"SMITH"},{"data":"Guardian:CurlUp","floor":10,"key":"SMITH"},{"data":"Guardian:TwinSlam","floor":18,"key":"SMITH"},{"data":"RitualDagger","floor":21,"key":"SMITH"},{"data":"Guardian:PrismaticBeam","floor":25,"key":"SMITH"},{"data":"Guardian:CrystalBeam","floor":27,"key":"SMITH"},{"data":"Guardian:StasisStrike","floor":35,"key":"SMITH"},{"data":"Guardian:EvasiveProtocol","floor":38,"key":"SMITH"},{"data":"Guardian:AncientConstruct","floor":42,"key":"SMITH"},{"data":"Guardian:Defend_Guardian","floor":44,"key":"SMITH"},{"data":"Guardian:EvasiveProtocol","floor":54,"key":"SMITH"}],"circlet_count":0,"master_deck":["Guardian:Strike_Guardian","Guardian:Strike_Guardian+1","Guardian:Strike_Guardian","Guardian:Defend_Guardian+1","Guardian:Defend_Guardian","Guardian:Defend_Guardian","Guardian:Defend_Guardian","Guardian:CurlUp+1","Guardian:TwinSlam+1","Guardian:ShieldCharger+1","Guardian:TemporalShield+1","Guardian:Recover+1","Guardian:TemporalShield+1","Guardian:CrystalBeam+1","RitualDagger+1","Guardian:PrismaticBeam+1","Doubt","Guardian:AncientConstruct+1","Guardian:EvasiveProtocol+1","Guardian:PrimingBeam+1","Guardian:StasisStrike+1","Guardian:TemporalStrike+1","Guardian:Aged","Guardian:Recover+1","Guardian:TimeBomb+1","Guardian:BronzeArmor+1","Guardian:Orbwalk+1","Guardian:RefractedBeam","Transmutation+1","Guardian:EvasiveProtocol+1","Guardian:ShieldCharger+1","Guardian:PolyBeam","Guardian:TimeCapacitor"],"relics":["Guardian:ModeShifter","downfall:HeartsMalice","Eternal Feather","downfall:HeartBlessingRed","Toxic Egg 2","Happy Flower","downfall:HeartBlessingBlue","Darkstone Periapt","Cursed Key","Gambling Chip","Oddly Smooth Stone","downfall:HeartBlessingGreen","Strange Spoon","Sozu","Guardian:StasisEgg","Whetstone","Pantograph","CaptainsWheel","Turnip","Vajra","FossilizedHelix","Calipers","Guardian:StasisCodex"],"acts_visited":["Exordium","TheCity","TheBeyond","TheEnding"],"potions_floor_usage":[9,16,19,23,23,47,55],"damage_taken":[{"damage":0,"enemies":"3 Sentries","floor":3,"turns":1},{"damage":0,"enemies":"Jaw Worm","floor":4,"turns":1},{"damage":0,"enemies":"Lagavulin","floor":6,"turns":1},{"damage":0,"enemies":"downfall:FleeingMerchant","floor":8,"turns":4},{"damage":22,"enemies":"3 Sentries","floor":9,"turns":10},{"damage":2,"enemies":"Cultist","floor":14,"turns":4},{"damage":0,"enemies":"Small Slimes","floor":15,"turns":3},{"damage":22,"enemies":"downfall:Watcher","floor":16,"turns":21},{"damage":6,"enemies":"3 Byrds","floor":19,"turns":4},{"damage":0,"enemies":"downfall:FleeingMerchant","floor":22,"turns":4},{"damage":25,"enemies":"Slavers","floor":23,"turns":10},{"damage":0,"enemies":"Spheric Guardian","floor":26,"turns":5},{"damage":0,"enemies":"Chosen and Byrds","floor":30,"turns":7},{"damage":2,"enemies":"downfall:FleeingMerchant","floor":31,"turns":4},{"damage":3,"enemies":"Shelled Parasite and Fungi","floor":32,"turns":4},{"damage":17,"enemies":"downfall:Defect","floor":33,"turns":11},{"damage":2,"enemies":"Orb Walker","floor":36,"turns":4},{"damage":0,"enemies":"Nemesis","floor":40,"turns":5},{"damage":3,"enemies":"Giant Head","floor":43,"turns":4},{"damage":5,"enemies":"Mind Bloom Boss Battle","floor":45,"turns":4},{"damage":10,"enemies":"2 Orb Walkers","floor":47,"turns":4},{"damage":8,"enemies":"downfall:FleeingMerchant","floor":48,"turns":4},{"damage":20,"enemies":"3 Darklings","floor":49,"turns":4},{"damage":0,"enemies":"downfall:Ironclad","floor":50,"turns":11},{"damage":26,"enemies":"downfall:CharBossMerchant","floor":52,"turns":9},{"damage":0,"enemies":"downfall:NeowBoss","floor":55,"turns":30}],"seed_played":"-8901065209098038622","potions_obtained":[{"floor":2,"key":"Guardian:BlockOnCardUsePotion"},{"floor":2,"key":"DuplicationPotion"},{"floor":2,"key":"LiquidBronze"},{"floor":9,"key":"Explosive Potion"},{"floor":19,"key":"champ:CounterPotion"},{"floor":26,"key":"SpeedPotion"},{"floor":29,"key":"downfall:CursedFountainPotion"},{"floor":30,"key":"EssenceOfSteel"}],"is_trial":false,"path_per_floor":["R","?","E","M","R","E","T","$","E","R","?","?","T","M","M","B",null,"R","M","?","R","$","E","T","R","M","R","?","?","M","$","M","B",null,"R","M","?","R","?","E","T","R","E","R","?","T","?","$","M","B",null,"E","$","R","B",null],"character_chosen":"GUARDIAN","items_purchased":["Guardian:TemporalShield+1","Strange Spoon","Guardian:PrimingBeam","Calipers","Transmutation+1","Guardian:EvasiveProtocol","Guardian:TimeCapacitor"],"campfire_rested":0,"item_purchase_floors":[8,31,31,48,48,48,53],"current_hp_per_floor":[72,72,72,72,78,78,78,78,56,75,75,75,75,73,73,51,80,89,83,77,86,86,61,67,79,79,88,72,72,72,70,67,50,85,96,94,94,96,102,102,108,108,105,108,103,109,99,91,71,96,110,84,84,102,114],"gold":84,"neow_bonus":"THREE_ENEMY_KILL","is_daily":false,"chose_seed":false,"campfire_upgraded":11,"win_rate":0.0,"timestamp":1608572521,"path_taken":["R","?","E","?","R","E","T","$","E","R","?","?","?","M","M","BOSS","R","M","?","R","$","E","T","R","M","R","?","?","?","$","M","BOSS","R","M","?","R","?","E","T","R","E","R","?","?","?","?","M","BOSS","E","$","R","BOSS"],"items_purchased_type":["Card","Relic","Card","Relic","Card","Card","Card"],"build_version":"2020-12-13","purchased_purges":2,"victory":true,"max_hp_per_floor":[80,80,80,80,80,80,80,80,80,90,90,90,90,90,90,90,90,90,90,90,90,90,90,96,96,96,96,96,96,96,96,96,96,96,96,96,96,96,102,102,108,108,108,108,108,114,114,114,114,114,114,114,114,114,114],"card_choices":[{"not_picked":["Guardian:Orbwalk","Guardian:Incinerate"],"picked":"Guardian:ShieldCharger","floor":3},{"not_picked":["Guardian:ChargeCore","Guardian:Planning"],"picked":"Guardian:Gem_Crimson","floor":4},{"not_picked":["Guardian:FloatingOrbs","Guardian:Gem_Fragmented"],"picked":"Guardian:TemporalShield+1","floor":6},{"not_picked":["Guardian:Gem_Green","Guardian:Emergency+1"],"picked":"Guardian:Recover+1","floor":8},{"not_picked":["Guardian:GuardianWhirl","Guardian:Gem_Red"],"picked":"Guardian:Gem_Yellow","floor":9},{"not_picked":["Guardian:Reroute","Guardian:Repulse"],"picked":"Guardian:CrystalBeam","floor":14},{"not_picked":["Guardian:Gem_Cyan","Guardian:Recover+1"],"picked":"Guardian:Gem_Red","floor":15},{"not_picked":["Guardian:SphericShield+1","Guardian:StasisStrike"],"picked":"Guardian:Gem_Synthetic","floor":16},{"not_picked":["Guardian:Gem_Red","Guardian:Gem_Lightblue","Guardian:Planning+1"],"picked":"SKIP","floor":19},{"not_picked":["Guardian:Repulse","Guardian:Reroute+1"],"picked":"Guardian:PrismaticBeam","floor":22},{"not_picked":["Guardian:Gem_Cyan","Guardian:Gem_Green"],"picked":"Guardian:Gem_Blue","floor":23},{"not_picked":["Guardian:Gem_Cyan","Guardian:Incinerate"],"picked":"Guardian:AncientConstruct","floor":26},{"not_picked":["Guardian:PrismaticBeam","Guardian:ChargeCore"],"picked":"Guardian:EvasiveProtocol","floor":30},{"not_picked":["Guardian:GuardianWhirl","Guardian:ArmoredProtocol"],"picked":"Guardian:Gem_Yellow","floor":31},{"not_picked":["Guardian:Planning+1","Guardian:TimeCapacitor"],"picked":"Guardian:Gem_Synthetic","floor":32},{"not_picked":["Guardian:FierceBash","Guardian:ConstructionForm"],"picked":"Guardian:StasisStrike","floor":33},{"not_picked":["Guardian:Gem_Purple","Guardian:VentSteam+1"],"picked":"Guardian:TemporalStrike+1","floor":36},{"not_picked":["Guardian:PrismaticBarrier+1","Guardian:ArmoredProtocol"],"picked":"Guardian:Recover+1","floor":40},{"not_picked":["Guardian:Gem_Lightblue","Guardian:RollAttack"],"picked":"Guardian:TimeBomb+1","floor":43},{"not_picked":["Guardian:Incinerate+1","Guardian:Gem_Blue"],"picked":"Guardian:BronzeArmor+1","floor":45},{"not_picked":["Guardian:Suspension+1","Guardian:Gem_Green"],"picked":"Guardian:Orbwalk+1","floor":47},{"not_picked":["Guardian:CrystalBeam","Guardian:ChargeCore"],"picked":"Guardian:RefractedBeam","floor":48},{"not_picked":["Guardian:PrimingBeam","Guardian:Gem_Crimson"],"picked":"Guardian:ShieldCharger+1","floor":49},{"not_picked":["Guardian:ChargeCore+1","Guardian:PrimingBeam"],"picked":"Guardian:PolyBeam","floor":52}],"player_experience":1713735,"relics_obtained":[{"floor":3,"key":"Eternal Feather"},{"floor":6,"key":"Toxic Egg 2"},{"floor":9,"key":"Happy Flower"},{"floor":13,"key":"Darkstone Periapt"},{"floor":23,"key":"Gambling Chip"},{"floor":24,"key":"Oddly Smooth Stone"},{"floor":40,"key":"Whetstone"},{"floor":41,"key":"Pantograph"},{"floor":43,"key":"CaptainsWheel"},{"floor":45,"key":"Turnip"},{"floor":46,"key":"Vajra"},{"floor":47,"key":"FossilizedHelix"},{"floor":52,"key":"Guardian:StasisCodex"}],"event_choices":[{"damage_healed":0,"gold_gain":0,"player_choice":"Got Potions","damage_taken":0,"max_hp_gain":0,"max_hp_loss":0,"event_name":"Lab","floor":2,"gold_loss":0},{"damage_healed":0,"gold_gain":0,"player_choice":"Fight","damage_taken":0,"max_hp_gain":0,"max_hp_loss":0,"event_name":"Mysterious Sphere","floor":47,"gold_loss":0}],"is_beta":false,"boss_relics":[{"not_picked":["Pandora\u0027s Box","SacredBark"],"picked":"Cursed Key"},{"not_picked":["Black Star","Runic Dome"],"picked":"Sozu"}],"items_purged_floors":[48,53],"is_endless":false,"potions_floor_spawned":[3,6,9,19,26,30,36,49,52],"ascension_level":6}}