{"host":"3c27c697js19kaoo","time":1608547758,"event":{"mods":["ATMod(阿瑾Mod)","Aspiration","BaseMod","CapriCore","Dota2Spire","Hermit","Minty Spire (QoL Compilation)","Quick Restart","Remilia（蕾米莉亚）","Replay The Spire","Robot Space Explorer","RumiaBox-露米娅的神秘盒子","Spicy Shops","StSLib","The Alterego","The Cursed","The Runesmith","The Servant 0.9.4","vexMod","【功能Mod】混沌之环修复补丁","【遗物卡牌】REMEMod"],"gold_per_floor":[118,118,118,131,148,175,194,140,140,140,175,175,175,175,175,175,175],"floor_reached":16,"playtime":806,"items_purged":[],"score":146,"play_id":"caad46dd-635f-45e0-b4dc-bf283923355a","local_time":"20201221184918","is_ascension_mode":true,"campfire_choices":[{"floor":10.0,"key":"REST"},{"floor":12,"key":"REST"},{"data":"AT_RealColorLess","floor":15,"key":"SMITH"}],"circlet_count":0,"master_deck":["alterego_mod:Strike","alterego_mod:Strike","alterego_mod:Strike","alterego_mod:Strike","alterego_mod:Defend","alterego_mod:Defend","alterego_mod:Defend","alterego_mod:Impale","alterego_mod:BigMeatyClaws+1","alterego_mod:BrynhildrsRune","AT_RealColorLess+1","AT_DarkMatter","alterego_mod:Undulate","alterego_mod:BeGentle","alterego_mod:ClassAdvantage","alterego_mod:DestructionOfProperty","alterego_mod:Bounce","alterego_mod:Bounce","Parasite"],"relics":["alterego_mod:MasochisticConstitution","REME_ComplimentaryCards","AT_ATBox","aspiration:Nostalgia","RobotSpaceExplorer:RoboCore","Torii","Iron Hammer","Happy Flower","PrismaticShard","vexMod:CardConverter"],"acts_visited":["Exordium"],"potions_floor_usage":[],"damage_taken":[{"damage":14.0,"enemies":"Small Slimes","floor":1.0,"turns":3.0},{"damage":9.0,"enemies":"2 Louse","floor":4.0,"turns":2.0},{"damage":0.0,"enemies":"Cultist","floor":5.0,"turns":4.0},{"damage":26.0,"enemies":"3 Sentries","floor":6.0,"turns":6.0},{"damage":7.0,"enemies":"Gremlin Gang","floor":7.0,"turns":5.0},{"damage":10,"enemies":"Lagavulin","floor":11,"turns":3},{"damage":53,"enemies":"The Guardian","floor":16,"turns":8}],"seed_played":"2356637211180988110","potions_obtained":[{"floor":5.0,"key":"Toxic Potion"},{"floor":7.0,"key":"Toxic Potion"}],"is_trial":false,"path_per_floor":["M","?","?","M","M","E","M","$","T","R","E","R","?","T","R","B"],"character_chosen":"The_Alterego","items_purchased":["alterego_mod:Bounce"],"campfire_rested":2,"item_purchase_floors":[8],"current_hp_per_floor":[57,57,57,49,49,24,18,18,18,40,31,53,53,53,53,0,0],"gold":175,"neow_bonus":"NOSTALGIA","is_daily":false,"chose_seed":false,"campfire_upgraded":1,"win_rate":0.0,"timestamp":1608547758,"path_taken":["M","?","?","?","M","E","?","$","T","R","E","R","?","?","R","BOSS"],"items_purchased_type":["Card"],"build_version":"2020-12-13","purchased_purges":0,"victory":false,"max_hp_per_floor":[71,71,71,72,72,73,74,74,74,74,75,75,75,75,75,75,75],"card_choices":[{"not_picked":["alterego_mod:BoobPocket","alterego_mod:Pet"],"picked":"alterego_mod:Undulate","floor":1.0},{"not_picked":["alterego_mod:Cycle","alterego_mod:MagicResistance"],"picked":"alterego_mod:ClassAdvantage","floor":4.0},{"not_picked":["alterego_mod:GachaTicket","alterego_mod:Jiggle","alterego_mod:HighServant"],"picked":"SKIP","floor":5.0},{"not_picked":["alterego_mod:ChallengeComplete","alterego_mod:1TonWallop"],"picked":"alterego_mod:DestructionOfProperty","floor":6.0},{"not_picked":["alterego_mod:PurpleHair","alterego_mod:Cooking"],"picked":"alterego_mod:Bounce","floor":7.0},{"not_picked":["alterego_mod:TrashNCrash","alterego_mod:BiFurious","alterego_mod:DiscoLights"],"picked":"SKIP","floor":11}],"player_experience":165334,"relics_obtained":[{"floor":6.0,"key":"Torii"},{"floor":9.0,"key":"Iron Hammer"},{"floor":11,"key":"Happy Flower"},{"floor":14,"key":"vexMod:CardConverter"}],"event_choices":[{"damage_healed":0.0,"max_hp_gain":0.0,"max_hp_loss":0.0,"gold_gain":0.0,"event_name":"Living Wall","player_choice":"Grow","floor":2.0,"gold_loss":0.0,"damage_taken":0.0,"cards_upgraded":["alterego_mod:BigMeatyClaws"]},{"damage_healed":0.0,"max_hp_gain":0.0,"max_hp_loss":0.0,"gold_gain":0.0,"cards_transformed":["alterego_mod:Defend"],"event_name":"Transmorgrifier","player_choice":"Transformed","floor":3.0,"gold_loss":0.0,"damage_taken":0.0,"cards_obtained":["alterego_mod:BeGentle"]}],"is_beta":false,"boss_relics":[],"items_purged_floors":[],"is_endless":false,"potions_floor_spawned":[5,7],"killed_by":"The Guardian","ascension_level":2}}