{"host":"baymyijz6sxaqj5s","time":1608531823,"event":{"mods":["AchievementEnabler","BaseMod","Colored Map","Colored Powertips","DeckTracker","KOR Keyword Fix","Keyboard Shortcuts","Minty Spire (QoL Compilation)","StSLib","SuperFastMode"],"gold_per_floor":[209,209,227,29,45,45,65,77,77,90,109,109,137,152,152,152,152],"floor_reached":16,"playtime":442,"items_purged":[],"score":96,"play_id":"23ffbf1e-1b02-4229-ba5b-8caf33d75972","local_time":"20201221152343","is_ascension_mode":false,"campfire_choices":[{"data":"Body Slam","floor":6,"key":"SMITH"},{"data":"Shrug It Off","floor":12,"key":"SMITH"},{"data":"Impervious","floor":15,"key":"SMITH"}],"circlet_count":0,"master_deck":["Strike_R","Strike_R","Strike_R","Strike_R","Strike_R","Defend_R","Defend_R","Defend_R","Defend_R","Bash","Heavy Blade","Body Slam+1","Ghostly Armor","Twin Strike","Cleave","Shrug It Off+1","Armaments","Impervious+1"],"relics":["Burning Blood","Bag of Marbles","Torii","Odd Mushroom"],"acts_visited":["Exordium"],"potions_floor_usage":[10,13,16],"damage_taken":[{"damage":9,"enemies":"Jaw Worm","floor":1,"turns":4},{"damage":8,"enemies":"Small Slimes","floor":3,"turns":3},{"damage":0,"enemies":"2 Louse","floor":5,"turns":3},{"damage":5,"enemies":"Looter","floor":7,"turns":3},{"damage":8,"enemies":"Red Slaver","floor":8,"turns":6},{"damage":3,"enemies":"Exordium Wildlife","floor":10,"turns":6},{"damage":14,"enemies":"Blue Slaver","floor":11,"turns":3},{"damage":1,"enemies":"The Mushroom Lair","floor":13,"turns":3},{"damage":1,"enemies":"Red Slaver","floor":14,"turns":4},{"damage":83,"enemies":"Slime Boss","floor":16,"turns":11}],"seed_played":"3471094215193470928","potions_obtained":[{"floor":1,"key":"DuplicationPotion"},{"floor":11,"key":"SpeedPotion"},{"floor":14,"key":"Swift Potion"}],"is_trial":false,"path_per_floor":["M","?","M","$","M","R","M","M","T","M","M","R","?","M","R","B"],"character_chosen":"IRONCLAD","items_purchased":["Body Slam","Bag of Marbles"],"campfire_rested":0,"item_purchase_floors":[4,4],"current_hp_per_floor":[77,77,75,75,80,80,80,78,78,80,72,72,77,80,80,0,0],"gold":152,"neow_bonus":"HUNDRED_GOLD","is_daily":false,"chose_seed":false,"campfire_upgraded":3,"win_rate":0.0,"timestamp":1608531823,"path_taken":["M","?","M","$","M","R","M","M","T","M","M","R","?","M","R","BOSS"],"items_purchased_type":["Card","Relic"],"build_version":"2020-12-13","purchased_purges":0,"victory":false,"max_hp_per_floor":[80,80,80,80,80,80,80,80,80,80,80,80,80,80,80,80,80],"card_choices":[{"not_picked":["Metallicize","Anger"],"picked":"Heavy Blade","floor":1},{"not_picked":["Havoc","Flex","Perfected Strike"],"picked":"SKIP","floor":3},{"not_picked":["Dropkick","Warcry"],"picked":"Ghostly Armor","floor":5},{"not_picked":["Infernal Blade","Second Wind","Iron Wave"],"picked":"SKIP","floor":7},{"not_picked":["Pommel Strike","Feel No Pain"],"picked":"Twin Strike","floor":8},{"not_picked":["Thunderclap","Havoc"],"picked":"Cleave","floor":10},{"not_picked":["Cleave","Armaments"],"picked":"Shrug It Off","floor":11},{"not_picked":["Blood for Blood","Metallicize"],"picked":"Armaments","floor":13},{"not_picked":["Anger","Clothesline"],"picked":"Impervious","floor":14}],"player_experience":156311,"relics_obtained":[{"floor":9,"key":"Torii"},{"floor":13,"key":"Odd Mushroom"}],"event_choices":[{"damage_healed":0,"gold_gain":0,"player_choice":"Ignored","damage_taken":0,"max_hp_gain":0,"max_hp_loss":0,"event_name":"Liars Game","floor":2,"gold_loss":0},{"damage_healed":0,"gold_gain":0,"player_choice":"Fought Mushrooms","damage_taken":0,"max_hp_gain":0,"max_hp_loss":0,"event_name":"Mushrooms","floor":13,"gold_loss":0}],"is_beta":false,"boss_relics":[],"items_purged_floors":[],"is_endless":false,"potions_floor_spawned":[1,11,14],"killed_by":"Slime Boss","ascension_level":0}}