{"host":"08sn1703g14rasc1","time":1608544268,"event":{"mods":["AchievementEnabler","BaseMod","Colored Map","Colored Powertips","Hermit","Minty Spire (QoL Compilation)","StSLib"],"gold_per_floor":[117,82,46,46,58,58,78,100,124,124,124,137,137,152,152,251,251,262,262,262,279,279,279,293,293,320,334,334,35,35,35,35,140,140,150,150,200,200,48,48,48],"floor_reached":40,"playtime":1480,"items_purged":[],"score":577,"play_id":"8c7a05d7-3627-4a54-81ce-f6d487fc089e","local_time":"20201221015108","is_ascension_mode":true,"campfire_choices":[{"data":"ForeignInfluence","floor":6,"key":"SMITH"},{"data":"Study","floor":10,"key":"SMITH"},{"floor":13,"key":"REST"},{"data":"PathToVictory","floor":15,"key":"SMITH"},{"floor":23,"key":"REST"},{"floor":32,"key":"REST"}],"circlet_count":0,"master_deck":["Eruption+1","Vigilance+1","FlurryOfBlows","Weave","ForeignInfluence+1","FollowUp","Study+1","PathToVictory+1","Devotion","Blasphemy","Tantrum","InnerPeace","MentalFortress","FollowUp","Consecrate","Indignation","BowlingBash","Swivel+1","ClearTheMind+1","FlyingSleeves","Shame","WaveOfTheHand","Brilliance","EmptyFist","Vault","MentalFortress+1","Prostrate+1"],"relics":["PureWater","Odd Mushroom","Nunchaku","Boot","Pandora\u0027s Box","MutagenicStrength","Akabeko","Juzu Bracelet","StoneCalendar","Regal Pillow","Runic Pyramid","Incense Burner","War Paint"],"acts_visited":["Exordium","TheCity","TheBeyond"],"potions_floor_usage":[8,8,14,18,28,33,35],"damage_taken":[{"damage":2,"enemies":"Small Slimes","floor":1,"turns":4},{"damage":0,"enemies":"Jaw Worm","floor":5,"turns":3},{"damage":0,"enemies":"Cultist","floor":7,"turns":2},{"damage":16,"enemies":"The Mushroom Lair","floor":8,"turns":3},{"damage":0,"enemies":"Large Slime","floor":12,"turns":3},{"damage":1,"enemies":"Looter","floor":14,"turns":2},{"damage":40,"enemies":"The Guardian","floor":16,"turns":12},{"damage":12,"enemies":"3 Byrds","floor":18,"turns":2},{"damage":8,"enemies":"Chosen","floor":21,"turns":4},{"damage":6,"enemies":"3 Cultists","floor":24,"turns":3},{"damage":12,"enemies":"Chosen and Byrds","floor":27,"turns":4},{"damage":0,"enemies":"Slavers","floor":28,"turns":1},{"damage":32,"enemies":"Collector","floor":33,"turns":6},{"damage":39,"enemies":"3 Darklings","floor":35,"turns":5},{"damage":28,"enemies":"Mind Bloom Boss Battle","floor":37,"turns":8},{"damage":21,"enemies":"Nemesis","floor":40,"turns":2}],"seed_played":"7853906226517186584","potions_obtained":[{"floor":1,"key":"Weak Potion"},{"floor":7,"key":"EntropicBrew"},{"floor":14,"key":"SmokeBomb"},{"floor":21,"key":"Strength Potion"},{"floor":33,"key":"SkillPotion"},{"floor":35,"key":"Explosive Potion"},{"floor":37,"key":"Swift Potion"}],"is_trial":false,"path_per_floor":["M","?","$","?","M","R","M","?","T","R","?","M","R","M","R","B",null,"M","?","?","M","?","R","M","?","T","M","E","$","?","?","R","B",null,"M","?","?","?","$","E"],"character_chosen":"WATCHER","items_purchased":["Weave","StoneCalendar","War Paint"],"campfire_rested":3,"item_purchase_floors":[3,29,39],"current_hp_per_floor":[59,80,80,80,80,80,80,64,64,64,52,52,77,76,76,36,74,62,45,45,37,37,64,58,58,58,46,46,46,46,46,88,56,82,43,43,15,15,15,0,0],"gold":48,"neow_bonus":"TWENTY_PERCENT_HP_BONUS","is_daily":false,"chose_seed":false,"campfire_upgraded":3,"win_rate":0.0,"timestamp":1608544268,"path_taken":["M","?","$","?","?","R","M","?","T","R","?","M","R","M","R","BOSS","M","?","?","M","?","R","M","?","T","M","E","$","?","?","R","BOSS","M","?","?","?","?","E"],"items_purchased_type":["Card","Relic","Relic"],"build_version":"2020-12-13","purchased_purges":0,"victory":false,"max_hp_per_floor":[86,86,86,86,86,86,86,86,86,86,86,86,86,86,86,86,86,86,91,91,91,91,91,91,91,91,91,91,91,91,91,91,91,91,91,91,91,91,91,91,91],"card_choices":[{"not_picked":["Collect","Nirvana"],"picked":"FlurryOfBlows","floor":1},{"not_picked":["ThirdEye","Sanctity"],"picked":"ForeignInfluence","floor":5},{"not_picked":["ClearTheMind","Halt"],"picked":"FollowUp","floor":7},{"not_picked":["BattleHymn","Adaptation"],"picked":"Study","floor":8},{"not_picked":["CarveReality","Meditate"],"picked":"FearNoEvil","floor":12},{"not_picked":["MentalFortress","Evaluate"],"picked":"PathToVictory","floor":14},{"not_picked":["Judgement","Blasphemy"],"picked":"Devotion","floor":16},{"not_picked":["InnerPeace","Crescendo"],"picked":"BowlingBash","floor":18},{"not_picked":["JustLucky","Protect+1"],"picked":"Swivel","floor":21},{"not_picked":["SashWhip","DeceiveReality"],"picked":"ClearTheMind+1","floor":24},{"not_picked":["MentalFortress","SashWhip"],"picked":"FlyingSleeves","floor":27},{"not_picked":["Alpha","Establishment"],"picked":"Vault","floor":33},{"not_picked":["Protect+1","WindmillStrike+1"],"picked":"MentalFortress+1","floor":35},{"not_picked":["Consecrate","ClearTheMind+1"],"picked":"Prostrate+1","floor":37}],"player_experience":426387,"relics_obtained":[{"floor":8,"key":"Odd Mushroom"},{"floor":9,"key":"Nunchaku"},{"floor":26,"key":"Juzu Bracelet"},{"floor":37,"key":"Incense Burner"}],"event_choices":[{"damage_healed":21,"gold_gain":0,"player_choice":"Healed","damage_taken":0,"max_hp_gain":0,"max_hp_loss":0,"event_name":"The Cleric","floor":2,"gold_loss":35},{"damage_healed":0,"gold_gain":0,"player_choice":"Upgraded","damage_taken":0,"max_hp_gain":0,"max_hp_loss":0,"event_name":"Upgrade Shrine","floor":4,"gold_loss":0,"cards_upgraded":["Eruption"]},{"damage_healed":0,"gold_gain":0,"player_choice":"Fought Mushrooms","damage_taken":0,"max_hp_gain":0,"max_hp_loss":0,"event_name":"Mushrooms","floor":8,"gold_loss":0},{"damage_healed":0,"gold_gain":0,"player_choice":"Success","damage_taken":12,"relics_obtained":["Boot"],"max_hp_gain":0,"max_hp_loss":0,"event_name":"Scrap Ooze","floor":11,"gold_loss":0},{"damage_healed":0,"gold_gain":0,"player_choice":"Shed Blood","damage_taken":22,"max_hp_gain":5,"max_hp_loss":0,"event_name":"Forgotten Altar","floor":19,"gold_loss":0},{"cards_removed":["Indignation"],"damage_healed":0,"gold_gain":0,"player_choice":"Elegance","damage_taken":0,"max_hp_gain":0,"max_hp_loss":0,"event_name":"Back to Basics","floor":20,"gold_loss":0},{"damage_healed":0,"gold_gain":0,"player_choice":"Inject Mutagens","damage_taken":0,"relics_obtained":["MutagenicStrength"],"max_hp_gain":0,"max_hp_loss":0,"event_name":"Drug Dealer","floor":22,"gold_loss":0},{"damage_healed":0,"gold_gain":0,"player_choice":"Opened","damage_taken":0,"relics_obtained":["Akabeko"],"max_hp_gain":0,"max_hp_loss":0,"event_name":"The Mausoleum","floor":25,"gold_loss":0},{"damage_healed":0,"gold_gain":0,"player_choice":"Stole Relic","damage_taken":0,"relics_obtained":["Regal Pillow"],"max_hp_gain":0,"max_hp_loss":0,"event_name":"Addict","floor":30,"gold_loss":0,"cards_obtained":["Shame"]},{"damage_healed":0,"gold_gain":0,"player_choice":"3 cards matched","damage_taken":0,"max_hp_gain":0,"max_hp_loss":0,"event_name":"Match and Keep!","floor":31,"gold_loss":0,"cards_obtained":["WaveOfTheHand","Brilliance","EmptyFist"]},{"damage_healed":0,"gold_gain":0,"player_choice":"Ignored","damage_taken":0,"max_hp_gain":0,"max_hp_loss":0,"event_name":"SecretPortal","floor":36,"gold_loss":0},{"damage_healed":0,"gold_gain":0,"player_choice":"Fight","damage_taken":0,"max_hp_gain":0,"max_hp_loss":0,"event_name":"MindBloom","floor":37,"gold_loss":0},{"cards_removed":["FearNoEvil"],"damage_healed":0,"gold_gain":0,"player_choice":"Removed Attack","damage_taken":0,"max_hp_gain":0,"max_hp_loss":0,"event_name":"Falling","floor":38,"gold_loss":0}],"is_beta":false,"boss_relics":[{"not_picked":["VioletLotus","Calling Bell"],"picked":"Pandora\u0027s Box"},{"not_picked":["Coffee Dripper","Runic Dome"],"picked":"Runic Pyramid"}],"items_purged_floors":[],"is_endless":false,"potions_floor_spawned":[1,7,14,21,27,28,33,35,37],"killed_by":"Nemesis","ascension_level":7}}