{"host":"zjc1tzo4ovig5lll","time":1608577132,"event":{"mods":["AchievementEnabler","Aspiration","BaseMod","Beaked The Cultist","Better Altar","Better Match","Better Note","Better Sensory Stone","Colored Map","Colored Powertips","Conspire","Energized Spire","Friendly Minions","GifTheSpireLib","Halation","Hermit","Hubris","Minty Spire (QoL Compilation)","Rare Cards Sparkle","Replay The Spire","Spikes Relics","StSLib","Stuff the Spire","The Bug Knight","The Construct","The Jungle","The Servant 0.9.4","everything is the same but u backflip on backflip","vexMod"],"gold_per_floor":[118,118,118,48,58,87,87,87,87,100,123,142,170,188,188,290,290,304,321,321,321,321,321,338,357,357,357,134,134,145,163,163,266,266,276,276,295,310,310,310,134,134,158,158,178,197,215,215,215,215,215,215,27,57,57],"floor_reached":56,"playtime":2419,"items_purged":[],"score":1134,"play_id":"c0712f2e-6f21-47f1-959e-59adffba02fc","local_time":"20201221205852","is_ascension_mode":false,"campfire_choices":[{"floor":7.0,"key":"REST"},{"floor":15.0,"key":"REST"},{"data":"Storm","floor":23.0,"key":"SMITH"},{"floor":27.0,"key":"RECALL"},{"data":"Magnetism","floor":29.0,"key":"SMITH"},{"floor":32,"key":"REST"},{"floor":40,"key":"REST"},{"data":"StuffTheSpire:Synthwave","floor":42,"key":"SMITH"},{"data":"Neutralize","floor":49,"key":"SMITH"},{"data":"StuffTheSpire:Synthwave","floor":52,"key":"SMITH"}],"circlet_count":0,"master_deck":["Strike_B","Defend_B","Defend_B","Defend_B","Defend_B","Zap","Dualcast","StuffTheSpire:Innocence","Neutralize+1","StuffTheSpire:BumpUp","Flying Knee","StuffTheSpire:Synthwave+1","DiskWipe","StuffTheSpire:Coldhearted","StuffTheSpire:Synthwave+1","BootSequence","ReplayTheSpireMod:Calculation Training","Mirror Shield","Loop","Storm+1","Magnetism+1","Loop","Loop","Conserve Battery","Electrodynamics","ReplayTheSpireMod:Calculation Training","Self Repair","Coolheaded+1","Magnetism","Heatsinks"],"relics":["Cracked Core","hubris:Metronome","aspiration:StickyExplosives_weak","Torii","Inserter","hubris:TenFootPole","vexMod:EndlessSickness","halation:PeacePiece","Art of War","DataDisk"],"acts_visited":["Exordium","TheCity","TheBeyond","TheEnding"],"potions_floor_usage":[55],"damage_taken":[{"damage":0.0,"enemies":"Small Slimes","floor":1.0,"turns":2.0},{"damage":0.0,"enemies":"2 Louse","floor":5.0,"turns":3.0},{"damage":40.0,"enemies":"Lagavulin","floor":6.0,"turns":9.0},{"damage":0.0,"enemies":"Cultist","floor":10.0,"turns":3.0},{"damage":15.0,"enemies":"Large Slime","floor":12.0,"turns":6.0},{"damage":23.0,"enemies":"3 Sentries","floor":13.0,"turns":7.0},{"damage":1.0,"enemies":"3 Louse","floor":14.0,"turns":4.0},{"damage":17.0,"enemies":"Fading Forest","floor":16.0,"turns":11.0},{"damage":0.0,"enemies":"Shell Parasite","floor":18.0,"turns":6.0},{"damage":0.0,"enemies":"Chosen","floor":19.0,"turns":5.0},{"damage":20.0,"enemies":"Centurion and Healer","floor":24.0,"turns":6.0},{"damage":8.0,"enemies":"Snake Plant","floor":25.0,"turns":4.0},{"damage":16,"enemies":"3 Cultists","floor":30,"turns":5},{"damage":12,"enemies":"Centurion and Healer","floor":31,"turns":7},{"damage":36,"enemies":"Automaton","floor":33,"turns":10},{"damage":2,"enemies":"3 Shapes","floor":35,"turns":3},{"damage":19,"enemies":"Orb Walker","floor":37,"turns":4},{"damage":29,"enemies":"Writhing Mass","floor":38,"turns":6},{"damage":21,"enemies":"Jaw Worm Horde","floor":45,"turns":5},{"damage":2,"enemies":"Maw","floor":46,"turns":6},{"damage":12,"enemies":"Spire Growth","floor":47,"turns":4},{"damage":31,"enemies":"Donu and Deca","floor":50,"turns":7},{"damage":24,"enemies":"Shield and Spear","floor":54,"turns":5},{"damage":46,"enemies":"The Heart","floor":55,"turns":10}],"seed_played":"-97408170024038731","potions_obtained":[{"floor":33,"key":"LiquidBronze"}],"is_trial":false,"path_per_floor":["M","?","?","$","M","E","R","?","T","M","T","M","E","M","R","B",null,"M","M","?","?","?","R","M","M","T","R","$","R","M","M","R","B",null,"M","?","M","M","?","R","$","R","T","?","M","M","M","?","R","B",null,"R","$","E","B",null],"character_chosen":"DEFECT","items_purchased":["StuffTheSpire:Synthwave","Magnetism","Loop","Self Repair","halation:PeacePiece","Magnetism"],"campfire_rested":4,"item_purchase_floors":[4,28,28,41,41,53],"current_hp_per_floor":[82,75,75,75,75,35,59,59,59,59,59,44,21,20,44,51,82,82,82,82,82,82,82,62,54,54,54,54,54,38,26,50,14,82,80,80,61,32,32,56,56,56,56,64,50,55,50,50,50,26,82,82,82,65,29],"gold":57,"neow_bonus":"TEN_PERCENT_HP_BONUS","is_daily":false,"chose_seed":false,"campfire_upgraded":5,"win_rate":0.0,"timestamp":1608577132,"path_taken":["M","?","?","$","M","E","R","?","T","M","?","?","E","M","R","BOSS","M","M","?","?","?","R","M","M","T","R","$","R","M","M","R","BOSS","M","?","M","M","?","R","$","R","T","?","M","M","M","?","R","BOSS","R","$","E","BOSS"],"items_purchased_type":["Card","Card","Card","Card","Relic","Card"],"build_version":"2020-12-13","purchased_purges":0,"victory":true,"max_hp_per_floor":[82,82,82,82,82,82,82,82,82,82,82,82,82,82,82,82,82,82,82,82,82,82,82,82,82,82,82,82,82,82,82,82,82,82,82,82,82,82,82,82,82,82,82,82,82,82,82,82,82,82,82,82,82,82,82],"card_choices":[{"not_picked":["Rebound","Sweeping Beam","Steam"],"picked":"SKIP","floor":1.0},{"not_picked":["Undo","Barrage","StuffTheSpire:SnapShoot"],"picked":"SKIP","floor":5.0},{"not_picked":["Amplify","aspiration:Polymerization"],"picked":"DiskWipe","floor":6.0},{"not_picked":["Sweeping Beam","Skim"],"picked":"StuffTheSpire:Coldhearted","floor":10.0},{"not_picked":["Rebound","Sweeping Beam"],"picked":"StuffTheSpire:Synthwave","floor":12.0},{"not_picked":["Hologram","Steam"],"picked":"BootSequence","floor":13.0},{"not_picked":["Sunder","Turbo"],"picked":"ReplayTheSpireMod:Calculation Training","floor":14.0},{"not_picked":["Biased Cognition","StuffTheSpire:EventHorizon"],"picked":"Mirror Shield","floor":16.0},{"not_picked":["conspire:Rain+1","Scrape"],"picked":"Loop","floor":18.0},{"not_picked":["Turbo","Go for the Eyes+1"],"picked":"Storm","floor":19.0},{"not_picked":["Compile Driver","Beam Cell+1","ReplayTheSpireMod:Repulse+1"],"picked":"SKIP","floor":24.0},{"not_picked":["Panic Button","StuffTheSpire:Plugnplay","Leap"],"picked":"SKIP","floor":25.0},{"not_picked":["Core Surge","ReplayGash"],"picked":"Conserve Battery","floor":30},{"not_picked":["BasicCrystalCard","Redo+1","Ball Lightning"],"picked":"SKIP","floor":31},{"not_picked":["ReplayTheSpireMod:Omega Cannon","StuffTheSpire:ForEach"],"picked":"Electrodynamics","floor":33},{"not_picked":["StuffTheSpire:LoadUp","Barrage","hubris:Ukulele"],"picked":"SKIP","floor":35},{"not_picked":["StuffTheSpire:Plugnplay","Stack","Redo"],"picked":"SKIP","floor":37},{"not_picked":["StuffTheSpire:Plugnplay+1","Lockon"],"picked":"ReplayTheSpireMod:Calculation Training","floor":38},{"not_picked":["Stack+1","Aggregate"],"picked":"Coolheaded+1","floor":45},{"not_picked":["ReplayTheSpireMod:Dual Polarity+1","StuffTheSpire:ShieldGenerator+1","Conserve Battery"],"picked":"SKIP","floor":46},{"not_picked":["ReplayTheSpireMod:Dual Polarity+1","StuffTheSpire:ShieldGenerator+1","Conserve Battery"],"picked":"SKIP","floor":46},{"not_picked":["Redo+1","Rebound+1","Stack+1"],"picked":"SKIP","floor":47},{"not_picked":["Gash+1","Scrape"],"picked":"Heatsinks","floor":54}],"player_experience":570394,"relics_obtained":[{"floor":6.0,"key":"hubris:Metronome"},{"floor":9.0,"key":"aspiration:StickyExplosives_weak"},{"floor":13.0,"key":"Torii"},{"floor":26.0,"key":"hubris:TenFootPole"},{"floor":43,"key":"Art of War"},{"floor":54,"key":"DataDisk"}],"event_choices":[{"damage_healed":0.0,"max_hp_gain":0.0,"max_hp_loss":0.0,"gold_gain":0.0,"event_name":"Golden Idol","player_choice":"Ignored","floor":8.0,"gold_loss":0.0,"damage_taken":0.0},{"damage_healed":0.0,"max_hp_gain":0.0,"max_hp_loss":0.0,"gold_gain":0.0,"event_name":"Wheel of Change","player_choice":"Full Heal","floor":20.0,"gold_loss":0.0,"damage_taken":0.0},{"cards_removed":["Mirror Shield"],"damage_healed":0.0,"max_hp_gain":0.0,"max_hp_loss":0.0,"gold_gain":0.0,"event_name":"betterNote:BetterNote","player_choice":"Give","floor":21.0,"gold_loss":0.0,"damage_taken":0.0,"cards_obtained":["None"]},{"damage_healed":0.0,"max_hp_gain":0.0,"max_hp_loss":0.0,"gold_gain":0.0,"event_name":"Cursed Tome","player_choice":"Ignored","floor":22.0,"gold_loss":0.0,"damage_taken":0.0},{"damage_healed":0,"gold_gain":0,"player_choice":"Leave","damage_taken":0,"max_hp_gain":0,"max_hp_loss":0,"event_name":"conspire:Investor","floor":36,"gold_loss":0}],"is_beta":false,"boss_relics":[{"not_picked":["conspire:SeveredTorchhead","energizedSpire:DeadBattery"],"picked":"Inserter"},{"not_picked":["Painkiller Herb","halation:PinkAlligatorPlush"],"picked":"vexMod:EndlessSickness"}],"items_purged_floors":[],"is_endless":false,"potions_floor_spawned":[5,6,12,16,24,30,31,33,37,47],"ascension_level":0}}