{"host":"fhfrys8rsohjmyb0","time":1608577885,"event":{"mods":["Aspiration","BaseMod","Beaked The Cultist","Chat Monstrosity","Colored Powertips","Conspire","Downfall","Googly Eyes","Halation","Hermit","Highlight Path","Hubris","Infinite Spire","Minty Spire (QoL Compilation)","Replay The Spire","ShortenTheSpire","Spikes Relics","StSLib","SuperFastMode","The Bug Knight","The Construct","The Cursed","The Disciple","The Elementalist","The IronCluck","The Jungle","The Runesmith","TheBandit","slay the spire mod where everything is the same but ironclad has a cowboy hat"],"gold_per_floor":[99,99,130,130,130,305,305,305,305,340,355,375,25,45,65,160,160,160,180,215,215,235,235,281,281,191,217,217,217,217],"floor_reached":28,"playtime":1724,"items_purged":["Shame"],"score":317,"play_id":"0309d60e-02ce-4e5b-9896-3f0211cba9f1","local_time":"20201221191125","is_ascension_mode":false,"campfire_choices":[{"data":"champ:Taunt","floor":1,"key":"SMITH"},{"data":"champ:Encircle","floor":9,"key":"SMITH"},{"floor":18,"key":"DIG"},{"floor":23,"key":"REST"}],"circlet_count":0,"master_deck":["champ:Strike+1","champ:Strike","champ:Defend","champ:Defend+1","champ:Defend+1","champ:Execute","champ:Taunt+1","champ:Encircle+1","champ:FanOfKnives","Doubt","champ:GutPunch","champ:ArenaPreparation+1","champ:Riposte+1","champ:IronFortress","Apotheosis+1","champ:FlashCut","champ:StrikeOfGenius","champ:DefensiveShout+1","champ:ViciousMockery+1","champ:DefensiveShout+1","BlessedFruit+1","BlessedFruit+1","champ:DefensiveStyle","champ:Encircle","champ:GladiatorStyle+1","champ:FanOfKnives"],"relics":["champ:ChampionCrown","downfall:HeartsMalice","Runesmith:Nanobots","RoseTintedShades","Toxic Egg 2","Ornamental Fan","Boot","Astrolabe","HeavenlyBonsai","Bag of Preparation","Pet Ghost","conspire:Dentures"],"acts_visited":["Exordium","TheCity"],"potions_floor_usage":[16,19],"damage_taken":[{"damage":0,"enemies":"Small Slimes","floor":2,"turns":1},{"damage":0,"enemies":"Lagavulin","floor":3,"turns":1},{"damage":0,"enemies":"Gremlin Nob","floor":10,"turns":1},{"damage":5,"enemies":"Jaw Worm","floor":11,"turns":2},{"damage":4,"enemies":"2 Louse","floor":12,"turns":2},{"damage":25,"enemies":"downfall:FleeingMerchant","floor":13,"turns":4},{"damage":38,"enemies":"Exordium Thugs","floor":14,"turns":5},{"damage":6,"enemies":"Blue Slaver","floor":15,"turns":4},{"damage":66,"enemies":"downfall:Silent","floor":16,"turns":8},{"damage":38,"enemies":"Spheric Guardian","floor":19,"turns":3},{"damage":26,"enemies":"conspire:MimicChest","floor":20,"turns":6},{"damage":29,"enemies":"Shell Parasite","floor":22,"turns":4},{"damage":33,"enemies":"downfall:FleeingMerchant","floor":26,"turns":4},{"damage":111,"enemies":"Slavers","floor":27,"turns":6},{"damage":29,"enemies":"Centurion and Healer","floor":28,"turns":2}],"seed_played":"-2670651541358285801","potions_obtained":[{"floor":12,"key":"Dexterity Potion"},{"floor":14,"key":"GamblersBrew"},{"floor":15,"key":"champ:OpenerPotion"},{"floor":27,"key":"PowerPotion"}],"is_trial":false,"path_per_floor":["R","M","E","?","?","?","T","T","R","E","M","M","$","M","M","B",null,"R","M","?","?","M","R","T","?","$","E","M"],"character_chosen":"THE_CHAMP","items_purchased":["Apotheosis+1","Boot"],"campfire_rested":1,"item_purchase_floors":[13,13],"current_hp_per_floor":[90,90,90,90,90,90,90,90,90,90,90,90,88,65,64,31,90,90,84,77,77,68,98,98,102,98,24,0,0,0],"gold":217,"neow_bonus":"THREE_ENEMY_KILL","is_daily":false,"chose_seed":false,"campfire_upgraded":2,"win_rate":0.0,"timestamp":1608577885,"path_taken":["R","M","E","?","?","?","T","?","R","E","M","M","$","M","M","BOSS","R","M","?","?","M","R","T","?","$","E","M"],"items_purchased_type":["Card","Relic"],"build_version":"2020-12-13","purchased_purges":1,"victory":false,"max_hp_per_floor":[90,90,90,90,90,90,90,90,90,90,90,90,90,90,90,90,90,90,94,98,98,102,102,102,102,106,110,110,110,110],"card_choices":[{"not_picked":["champ:TornadoPunch","champ:EndlessRage"],"picked":"champ:Encircle","floor":2},{"not_picked":["champ:FlashCut","champ:Backstep"],"picked":"champ:FanOfKnives","floor":3},{"not_picked":["champ:FanOfKnives","champ:CrookedStrike"],"picked":"champ:GutPunch","floor":10},{"not_picked":["champ:ViciousMockery+1","champ:CalledShot"],"picked":"champ:ArenaPreparation+1","floor":11},{"not_picked":["champ:RapidStrikes","champ:PerfectForm"],"picked":"champ:Riposte+1","floor":12},{"not_picked":["champ:FanOfKnives","champ:BringItOn+1"],"picked":"champ:IronFortress","floor":13},{"not_picked":["champ:RecklessLeap","champ:StanceDance+1"],"picked":"champ:FlashCut","floor":14},{"not_picked":["champ:PerfectedStrike","champ:Haymaker","champ:FanOfKnives"],"picked":"SKIP","floor":15},{"not_picked":["champ:CheapShot","champ:SwordThrow"],"picked":"champ:StrikeOfGenius","floor":16},{"not_picked":["champ:BringItOn+1","champ:Encircle"],"picked":"champ:DefensiveStyle","floor":19},{"not_picked":["champ:BerserkersShout+1","champ:CrookedStrike"],"picked":"champ:Encircle","floor":22},{"not_picked":["champ:BringItOn+1","champ:BerserkersShout+1"],"picked":"champ:GladiatorStyle+1","floor":26},{"not_picked":["champ:SteelEdge","champ:Haymaker"],"picked":"champ:FanOfKnives","floor":27}],"player_experience":258532,"relics_obtained":[{"floor":3,"key":"Runesmith:Nanobots"},{"floor":7,"key":"RoseTintedShades"},{"floor":8,"key":"Toxic Egg 2"},{"floor":10,"key":"Ornamental Fan"},{"floor":18,"key":"HeavenlyBonsai"},{"floor":20,"key":"Bag of Preparation"},{"floor":24,"key":"Pet Ghost"},{"floor":27,"key":"conspire:Dentures"}],"event_choices":[{"cards_removed":["Regret"],"damage_healed":0,"gold_gain":0,"player_choice":"Card Removal","damage_taken":0,"max_hp_gain":0,"max_hp_loss":0,"event_name":"The Cleric","floor":5,"gold_loss":0}],"is_beta":false,"boss_relics":[{"not_picked":["CosmicIsotope","halation:PlatinumPhoenix"],"picked":"Astrolabe"}],"items_purged_floors":[26],"is_endless":false,"potions_floor_spawned":[12,14,15,27],"killed_by":"Centurion and Healer","ascension_level":0}}