{"host":"5gc11emcm5chfr5t","time":1608589070,"event":{"mods":["2.2 Compatiblity","AchievementEnabler","BaseMod","Bestiary","Better Note","Colored Map","Colored Powertips","Downfall","Googly Eyes","Minty Spire (QoL Compilation)","Rare Cards Sparkle","StSLib"],"gold_per_floor":[99,99,249,249,249,84,160,10,39,56,74,59,91,101,120,120,120],"floor_reached":16,"playtime":649,"items_purged":["Doubt"],"score":216,"play_id":"e585eb6b-4b6b-4c66-b84c-2ad7464c0c9a","local_time":"20201221171750","is_ascension_mode":true,"campfire_choices":[{"floor":1,"key":"RECALL"},{"data":"expansioncontent:DefensiveMode","floor":8,"key":"SMITH"}],"circlet_count":0,"master_deck":["AscendersBane","sneckomod:Strike","sneckomod:Strike","sneckomod:Strike","sneckomod:Defend","sneckomod:Defend","sneckomod:Defend","sneckomod:TailWhip","sneckomod:SnekBite","sneckomod:Unknown","sneckomod:Unknown","sneckomod:Nope","sneckomod:SnakeSap","sneckomod:UnknownUncommonPower","expansioncontent:DefensiveMode+1","sneckomod:SoulRoll","sneckomod:UnknownRareSkill","sneckomod:WideSting","sneckomod:UnknownBlock","sneckomod:UnknownVulnerable","sneckomod:WideSting","sneckomod:UnknownRareSkill","sneckomod:SoulDraw","sneckomod:QuickBite","sneckomod:SlitherStrike","sneckomod:ImprovisedAttack"],"relics":["sneckomod:SneckoSoul","downfall:HeartsMalice","Sundial","downfall:HeartBlessingRed","downfall:HeartBlessingBlue","Prayer Wheel","Smiling Mask"],"acts_visited":["Exordium"],"potions_floor_usage":[13,14,14],"damage_taken":[{"damage":0,"enemies":"Small Slimes","floor":2,"turns":1},{"damage":0,"enemies":"Jaw Worm","floor":5,"turns":1},{"damage":0,"enemies":"downfall:FleeingMerchant","floor":6,"turns":1},{"damage":11,"enemies":"3 Sentries","floor":9,"turns":3},{"damage":0,"enemies":"Cultist","floor":10,"turns":2},{"damage":0,"enemies":"Blue Slaver","floor":11,"turns":2},{"damage":13,"enemies":"downfall:FleeingMerchant","floor":12,"turns":4},{"damage":32,"enemies":"Gremlin Nob","floor":13,"turns":4},{"damage":0,"enemies":"Red Slaver","floor":14,"turns":1},{"damage":12,"enemies":"2 Fungi Beasts","floor":15,"turns":3},{"damage":31,"enemies":"downfall:Watcher","floor":16,"turns":5}],"seed_played":"-1776292475228029375","potions_obtained":[{"floor":9,"key":"Explosive Potion"},{"floor":10,"key":"sneckomod:DiceRollPotion"},{"floor":13,"key":"Explosive Potion"}],"is_trial":false,"path_per_floor":["R","M","?","T","M","$","T","R","E","M","M","$","E","M","M","B"],"character_chosen":"THE_SNECKO","items_purchased":["expansioncontent:DefensiveMode"],"campfire_rested":0,"item_purchase_floors":[6],"current_hp_per_floor":[75,75,75,75,75,76,76,86,75,76,78,73,42,42,30,0,0],"gold":120,"neow_bonus":"THREE_ENEMY_KILL","is_daily":false,"chose_seed":false,"campfire_upgraded":1,"win_rate":0.0,"timestamp":1608589070,"path_taken":["R","M","?","?","?","$","T","R","E","M","M","?","E","M","M","BOSS"],"items_purchased_type":["Card"],"build_version":"2020-12-13","purchased_purges":1,"victory":false,"max_hp_per_floor":[83,83,83,83,83,84,84,94,94,95,97,97,98,98,98,98,98],"card_choices":[{"not_picked":["sneckomod:UnknownClassSLIMEBOUND","sneckomod:DiceBlock"],"picked":"sneckomod:Nope","floor":2},{"not_picked":["sneckomod:QuickBite","sneckomod:SnekBeam"],"picked":"sneckomod:SnakeSap","floor":5},{"not_picked":["sneckomod:UnknownCommonAttack","sneckomod:SoulRoll"],"picked":"sneckomod:UnknownUncommonPower","floor":6},{"not_picked":["sneckomod:SnekBeam","sneckomod:DiceBlock"],"picked":"sneckomod:SoulRoll","floor":9},{"not_picked":["sneckomod:ImprovisedAttack","sneckomod:Nope"],"picked":"sneckomod:UnknownRareSkill","floor":10},{"not_picked":["sneckomod:DiceCrush","sneckomod:TrashToTreasure"],"picked":"sneckomod:WideSting","floor":10},{"not_picked":["sneckomod:WideSting","sneckomod:UnknownClassTHE_CHAMP_GRAY"],"picked":"sneckomod:UnknownBlock","floor":11},{"not_picked":["sneckomod:UnknownCommonAttack","sneckomod:SnekBeam"],"picked":"sneckomod:UnknownVulnerable","floor":11},{"not_picked":["sneckomod:IronFang","sneckomod:DiceBlock"],"picked":"sneckomod:WideSting","floor":12},{"not_picked":["sneckomod:UnknownCommonAttack","sneckomod:SerpentIdol"],"picked":"sneckomod:UnknownRareSkill","floor":13},{"not_picked":["sneckomod:DiceBlock","sneckomod:UnknownBlock"],"picked":"sneckomod:SoulDraw","floor":14},{"not_picked":["sneckomod:DiceCrush","sneckomod:UnknownWeak"],"picked":"sneckomod:QuickBite","floor":14},{"not_picked":["sneckomod:SoulDraw","sneckomod:PureSnecko"],"picked":"sneckomod:SlitherStrike","floor":15},{"not_picked":["sneckomod:UnknownBlock","sneckomod:UnknownExhaust"],"picked":"sneckomod:ImprovisedAttack","floor":15}],"player_experience":467265,"relics_obtained":[{"floor":7,"key":"Sundial"},{"floor":9,"key":"Prayer Wheel"},{"floor":13,"key":"Smiling Mask"}],"event_choices":[],"is_beta":false,"boss_relics":[],"items_purged_floors":[6],"is_endless":false,"potions_floor_spawned":[9,10,11,13],"killed_by":"downfall:Watcher","ascension_level":20}}