{"host":"vyt5ne9ydo1z9gg1","time":1608535578,"event":{"mods":["BaseMod","Curses Come First","DeckTracker","GifTheSpireLib","Minty Spire (QoL Compilation)","StSLib"],"gold_per_floor":[124,150,177,200,230,273,302,345,380,402,47,64,64,87,87,187,187,202,218,231,241,141,141,170,170,223,241,275,275,299,316,316,412,412,430,480,124,135,135,166,166,191,264,296,308,308,324,344,344,344,344,344,31,62,62,62],"floor_reached":55,"playtime":5255,"items_purged":["Defend_R","Defend_R","Defend_R","Strike_R"],"score":994,"play_id":"4bf1e7f1-615e-4fed-9839-fc1056810bee","local_time":"20201221182618","is_ascension_mode":true,"campfire_choices":[{"data":"Bash","floor":13,"key":"SMITH"},{"floor":15,"key":"REST"},{"floor":23,"key":"RECALL"},{"data":"Metallicize","floor":25,"key":"SMITH"},{"data":"Metallicize","floor":32,"key":"SMITH"},{"data":"Metallicize","floor":41,"key":"SMITH"},{"data":"Shockwave","floor":46,"key":"SMITH"},{"data":"Spot Weakness","floor":49,"key":"SMITH"},{"data":"Shrug It Off","floor":52,"key":"SMITH"}],"circlet_count":0,"master_deck":["Strike_R","Strike_R","Bash+1","Clash","Twin Strike","Feed","Shockwave+1","Rage+1","Thunderclap","Evolve","Dropkick","Shrug It Off+1","Impervious+1","Demon Form+1","Heavy Blade+1","Anger+1","Headbutt+1","Combust","Metallicize+1","Power Through+1","Shrug It Off+1","Metallicize+1","Immolate","Shrug It Off+1","Metallicize+1","Decay","Flame Barrier+1","Limit Break","Whirlwind+1","Spot Weakness+1","Mayhem","Shrug It Off+1"],"relics":["Burning Blood","MawBank","PreservedInsect","Tiny Chest","Anchor","Pen Nib","Bronze Scales","Odd Mushroom","Astrolabe","Ornamental Fan","War Paint","Dream Catcher","Happy Flower","Velvet Choker","Mango","Red Skull","Lantern","Toy Ornithopter","MealTicket","Bag of Marbles"],"acts_visited":["Exordium","TheCity","TheBeyond","TheEnding"],"potions_floor_usage":[6,8,16,27,27,33,48,48,55,55],"damage_taken":[{"damage":5,"enemies":"Cultist","floor":1,"turns":4},{"damage":2,"enemies":"Jaw Worm","floor":2,"turns":3},{"damage":12,"enemies":"Small Slimes","floor":3,"turns":3},{"damage":19,"enemies":"3 Louse","floor":4,"turns":4},{"damage":6,"enemies":"Looter","floor":5,"turns":2},{"damage":34,"enemies":"3 Sentries","floor":6,"turns":8},{"damage":6,"enemies":"Gremlin Gang","floor":7,"turns":5},{"damage":16,"enemies":"Gremlin Nob","floor":8,"turns":3},{"damage":20,"enemies":"Exordium Thugs","floor":10,"turns":4},{"damage":0,"enemies":"Red Slaver","floor":12,"turns":2},{"damage":10,"enemies":"The Mushroom Lair","floor":14,"turns":4},{"damage":38,"enemies":"The Guardian","floor":16,"turns":9},{"damage":2,"enemies":"Chosen","floor":18,"turns":3},{"damage":9,"enemies":"Shell Parasite","floor":19,"turns":5},{"damage":6,"enemies":"Centurion and Healer","floor":20,"turns":5},{"damage":22,"enemies":"Chosen and Byrds","floor":21,"turns":7},{"damage":38,"enemies":"Gremlin Leader","floor":24,"turns":7},{"damage":0,"enemies":"3 Cultists","floor":27,"turns":5},{"damage":7,"enemies":"Book of Stabbing","floor":28,"turns":6},{"damage":36,"enemies":"Sentry and Sphere","floor":31,"turns":6},{"damage":37,"enemies":"Collector","floor":33,"turns":12},{"damage":15,"enemies":"Orb Walker","floor":35,"turns":3},{"damage":7,"enemies":"Mind Bloom Boss Battle","floor":36,"turns":8},{"damage":0,"enemies":"3 Shapes","floor":38,"turns":4},{"damage":1,"enemies":"Nemesis","floor":40,"turns":7},{"damage":13,"enemies":"Giant Head","floor":42,"turns":8},{"damage":0,"enemies":"Reptomancer","floor":44,"turns":6},{"damage":26,"enemies":"Sphere and 2 Shapes","floor":45,"turns":7},{"damage":0,"enemies":"3 Darklings","floor":47,"turns":2},{"damage":8,"enemies":"Transient","floor":48,"turns":5},{"damage":77,"enemies":"Donu and Deca","floor":50,"turns":9},{"damage":31,"enemies":"Shield and Spear","floor":54,"turns":6},{"damage":128,"enemies":"The Heart","floor":55,"turns":8}],"seed_played":"-9000662767486168253","potions_obtained":[{"floor":5,"key":"BloodPotion"},{"floor":6,"key":"Energy Potion"},{"floor":8,"key":"SkillPotion"},{"floor":10,"key":"Explosive Potion"},{"floor":14,"key":"ElixirPotion"},{"floor":16,"key":"Energy Potion"},{"floor":27,"key":"Ancient Potion"},{"floor":28,"key":"LiquidBronze"},{"floor":40,"key":"SmokeBomb"},{"floor":45,"key":"Ancient Potion"},{"floor":47,"key":"Fire Potion"},{"floor":48,"key":"Strength Potion"}],"is_trial":false,"path_per_floor":["M","M","M","M","M","E","M","E","T","M","$","M","R","?","R","B",null,"M","M","M","M","$","R","E","R","T","M","E","?","T","M","R","B",null,"M","?","$","M","?","E","R","E","T","E","M","R","M","M","R","B",null,"R","$","E","B"],"character_chosen":"IRONCLAD","items_purchased":["Pen Nib","Bronze Scales","Metallicize","Red Skull","Mayhem"],"campfire_rested":1,"item_purchase_floors":[11,11,37,37,53],"current_hp_per_floor":[80,80,74,61,64,56,59,52,52,41,41,50,50,49,79,50,104,107,104,107,91,91,91,62,62,62,71,70,108,108,78,78,47,116,107,120,120,126,126,130,130,126,126,135,118,118,124,132,132,61,139,139,139,114,0,0],"gold":62,"neow_bonus":"RANDOM_COMMON_RELIC","is_daily":false,"chose_seed":false,"campfire_upgraded":7,"win_rate":0.0,"timestamp":1608535578,"path_taken":["M","M","M","M","M","E","?","E","T","M","?","M","R","?","R","BOSS","M","M","M","M","$","R","E","R","T","M","E","?","?","M","R","BOSS","M","?","$","M","?","E","R","E","T","E","?","R","M","M","R","BOSS","R","$","E","BOSS"],"items_purchased_type":["Relic","Relic","Card","Relic","Card"],"build_version":"2020-12-13","purchased_purges":4,"victory":false,"max_hp_per_floor":[80,80,80,80,83,86,89,92,92,95,95,98,98,101,101,104,104,107,107,110,110,110,110,113,113,113,116,116,116,116,116,116,116,116,116,130,130,130,130,130,130,133,133,136,139,139,139,139,139,139,139,139,139,139,139,139],"card_choices":[{"not_picked":["Headbutt","Anger"],"picked":"Clash","floor":1},{"not_picked":["Fire Breathing","Searing Blow","Flex"],"picked":"SKIP","floor":2},{"not_picked":["Pummel","Wild Strike"],"picked":"Twin Strike","floor":3},{"not_picked":["Perfected Strike","Headbutt"],"picked":"Feed","floor":4},{"not_picked":["Headbutt","Second Wind"],"picked":"Shockwave","floor":5},{"not_picked":["Bludgeon","Dark Embrace"],"picked":"Rage","floor":6},{"not_picked":["Dark Embrace","Wild Strike"],"picked":"Thunderclap","floor":7},{"not_picked":["Armaments","Intimidate"],"picked":"Evolve","floor":8},{"not_picked":["Disarm","True Grit"],"picked":"Dropkick","floor":10},{"not_picked":["Flex","Headbutt","Armaments"],"picked":"SKIP","floor":12},{"not_picked":["Uppercut","Warcry"],"picked":"Shrug It Off","floor":14},{"not_picked":["Brutality","Fiend Fire"],"picked":"Impervious","floor":16},{"not_picked":["Iron Wave","Warcry+1"],"picked":"Headbutt+1","floor":18},{"not_picked":["Whirlwind","Anger"],"picked":"Combust","floor":19},{"not_picked":["Bloodletting+1","Dropkick"],"picked":"Metallicize","floor":20},{"not_picked":["Disarm","Clash+1"],"picked":"Power Through+1","floor":21},{"not_picked":["Bludgeon","Double Tap"],"picked":"Shrug It Off+1","floor":24},{"not_picked":["Armaments","Cleave","Rage"],"picked":"SKIP","floor":27},{"not_picked":["Perfected Strike+1","Reckless Charge+1","Pommel Strike"],"picked":"SKIP","floor":28},{"not_picked":["Second Wind","Infernal Blade"],"picked":"Metallicize","floor":31},{"not_picked":["Impervious","Limit Break"],"picked":"Immolate","floor":33},{"not_picked":["Pummel","Twin Strike","Warcry"],"picked":"SKIP","floor":35},{"not_picked":["Dark Embrace+1","Thunderclap+1"],"picked":"Shrug It Off+1","floor":36},{"not_picked":["Whirlwind","Perfected Strike","Cleave+1"],"picked":"SKIP","floor":38},{"not_picked":["Infernal Blade","Double Tap"],"picked":"Flame Barrier+1","floor":40},{"not_picked":["Perfected Strike","Cleave"],"picked":"Limit Break","floor":42},{"not_picked":["Carnage+1","Thunderclap","Perfected Strike+1"],"picked":"SKIP","floor":44},{"not_picked":["Carnage+1","Evolve"],"picked":"Whirlwind+1","floor":45},{"not_picked":["Flex","Dual Wield","Evolve"],"picked":"SKIP","floor":47},{"not_picked":["Pommel Strike+1","Clash+1"],"picked":"Spot Weakness","floor":48},{"not_picked":["Cleave+1","Iron Wave+1"],"picked":"Shrug It Off+1","floor":54}],"player_experience":92885,"relics_obtained":[{"floor":6,"key":"PreservedInsect"},{"floor":8,"key":"Tiny Chest"},{"floor":9,"key":"Anchor"},{"floor":14,"key":"Odd Mushroom"},{"floor":24,"key":"Ornamental Fan"},{"floor":26,"key":"War Paint"},{"floor":28,"key":"Dream Catcher"},{"floor":30,"key":"Happy Flower"},{"floor":36,"key":"Mango"},{"floor":40,"key":"Lantern"},{"floor":42,"key":"Toy Ornithopter"},{"floor":44,"key":"MealTicket"},{"floor":54,"key":"Bag of Marbles"}],"event_choices":[{"damage_healed":0,"gold_gain":0,"player_choice":"Fought Mushrooms","damage_taken":0,"max_hp_gain":0,"max_hp_loss":0,"event_name":"Mushrooms","floor":14,"gold_loss":0},{"damage_healed":38,"gold_gain":0,"player_choice":"Heal","damage_taken":0,"max_hp_gain":0,"max_hp_loss":0,"event_name":"The Library","floor":29,"gold_loss":0},{"damage_healed":0,"gold_gain":0,"player_choice":"Fight","damage_taken":0,"max_hp_gain":0,"max_hp_loss":0,"event_name":"MindBloom","floor":36,"gold_loss":0},{"damage_healed":0,"gold_gain":0,"player_choice":"Cursed","damage_taken":0,"max_hp_gain":0,"max_hp_loss":0,"event_name":"Wheel of Change","floor":39,"gold_loss":0,"cards_obtained":["Decay"]}],"is_beta":false,"boss_relics":[{"not_picked":["Empty Cage","Sozu"],"picked":"Astrolabe"},{"not_picked":["Coffee Dripper","Philosopher\u0027s Stone"],"picked":"Velvet Choker"}],"items_purged_floors":[11,22,37,53],"is_endless":false,"potions_floor_spawned":[5,6,8,10,14,16,19,27,28,31,40,45,47,48],"killed_by":"The Heart","ascension_level":2}}