{"host":"cxvb37eaaiijvrl4","time":1608559717,"event":{"mods":["ATMod(阿瑾Mod)","BaseMod","Better Third Choice","Minty Spire (QoL Compilation)","MostiFishMod","Quick Restart","Rare Cards Sparkle","Shop Mod","Spicy Shops","StSLib","TestMod","Uncapped"],"gold_per_floor":[118,135,135,151,151,151,180,200,200,200,234,249,283,301,301,375,375,392,342,642,662,440,467,467,495,519,553,553,568,568,582,582,658,658,674,690,704,381,394,421,421,449,475,494,494,494,525,425,425,425,425,425,425,375,409,409],"floor_reached":57,"playtime":1847,"items_purged":["Strike_P+1","Defend_P+1","Strike_P+1","Defend_P+1","Strike_P+1","Strike_P+1"],"score":4315,"play_id":"8fa36ec0-92b2-43fa-a565-2bfe0745623f","local_time":"20201221060837","is_ascension_mode":true,"campfire_choices":[{"data":"Eruption","floor":6.0,"key":"SMITH"},{"data":"Prostrate","floor":15.0,"key":"SMITH"},{"data":"MostiFishMod:Minus+3","floor":24.0,"key":"SMITH"},{"data":"MostiFishMod:Minus+7","floor":30.0,"key":"SMITH"},{"data":"MostiFishMod:Minus+9","floor":32,"key":"SMITH"},{"data":"MostiFishMod:Minus+15","floor":41,"key":"SMITH"},{"data":"Scrawl","floor":46,"key":"SMITH"},{"floor":49,"key":"RECALL"},{"data":"MostiFishMod:Minus+21","floor":53,"key":"SMITH"}],"circlet_count":0,"master_deck":["AscendersBane","Defend_P+1","Defend_P+1","Vigilance+1","AT_KingSlayer+1","Prostrate+1","MostiFishMod:Minus+24","Pray+1","AT_DivineConfetti+1","Adaptation+1","Tantrum+1","Scrawl+1","AT_KingSlayer+1","Scrawl+1"],"relics":["testmod-TestBox","AT_ATBox","DSteel32","testmod-InjuryResistance","Jackal-EndForJourney","Question Card","Smiling Mask","testmod-IndustrialRevolution","Akabeko","AT_ChloranthyRing","ImportantClient","RhineCircuit","DaveBox","Old Coin","Technique","AT_Kusabimaru","War Paint","Pantograph","Philosopher\u0027s Stone","DollysMirror","Bag of Preparation","AT_EbonyIvory","Blood Vial","Anchor","Potion Belt","testmod-Antiphasic"],"acts_visited":["Exordium","TheCity","TheBeyond","TheEnding"],"potions_floor_usage":[36,56],"damage_taken":[{"damage":3.0,"enemies":"Small Slimes","floor":1.0,"turns":3.0},{"damage":0.0,"enemies":"2 Louse","floor":2.0,"turns":2.0},{"damage":6.0,"enemies":"Cultist","floor":4.0,"turns":3.0},{"damage":9.0,"enemies":"Gremlin Nob","floor":7.0,"turns":3.0},{"damage":1.0,"enemies":"Exordium Wildlife","floor":8.0,"turns":3.0},{"damage":6.0,"enemies":"Lagavulin","floor":11.0,"turns":7.0},{"damage":0.0,"enemies":"3 Louse","floor":12.0,"turns":1.0},{"damage":0.0,"enemies":"3 Sentries","floor":13.0,"turns":7.0},{"damage":0.0,"enemies":"Lots of Slimes","floor":14.0,"turns":2.0},{"damage":0.0,"enemies":"Slime Boss","floor":16.0,"turns":1.0},{"damage":2.0,"enemies":"3 Byrds","floor":18.0,"turns":6.0},{"damage":0.0,"enemies":"Chosen","floor":21.0,"turns":2.0},{"damage":0.0,"enemies":"Book of Stabbing","floor":23.0,"turns":1.0},{"damage":24.0,"enemies":"Slavers","floor":25.0,"turns":6.0},{"damage":0.0,"enemies":"Gremlin Leader","floor":27.0,"turns":1.0},{"damage":10.0,"enemies":"3 Cultists","floor":29.0,"turns":3.0},{"damage":0,"enemies":"Snake Plant","floor":31,"turns":3},{"damage":1,"enemies":"Automaton","floor":33,"turns":3},{"damage":0,"enemies":"3 Shapes","floor":35,"turns":1},{"damage":0,"enemies":"3 Darklings","floor":36,"turns":6},{"damage":0,"enemies":"Maw","floor":37,"turns":2},{"damage":0,"enemies":"4 Shapes","floor":39,"turns":3},{"damage":0,"enemies":"Reptomancer","floor":40,"turns":2},{"damage":0,"enemies":"Nemesis","floor":42,"turns":1},{"damage":0,"enemies":"Jaw Worm Horde","floor":44,"turns":1},{"damage":0,"enemies":"Reptomancer","floor":47,"turns":1},{"damage":0,"enemies":"Time Eater","floor":50,"turns":1},{"damage":0,"enemies":"Awakened One","floor":51,"turns":2},{"damage":0,"enemies":"Shield and Spear","floor":55,"turns":1},{"damage":19,"enemies":"The Heart","floor":56,"turns":3}],"seed_played":"-5520750188295756748","potions_obtained":[{"floor":2.0,"key":"Swift Potion"},{"floor":4.0,"key":"LiquidMemories"},{"floor":7.0,"key":"Regen Potion"},{"floor":13.0,"key":"Regen Potion"},{"floor":27.0,"key":"Swift Potion"},{"floor":29.0,"key":"Weak Potion"},{"floor":39,"key":"LiquidMemories"},{"floor":40,"key":"PowerPotion"},{"floor":47,"key":"Fire Potion"},{"floor":55,"key":"DuplicationPotion"}],"is_trial":false,"path_per_floor":["M","M","?","M","?","R","E","M","T","?","E","M","E","M","R","B",null,"M","$","?","M","$","E","R","E","T","E","?","M","R","M","R","B",null,"M","M","M","$","M","E","R","E","T","M","?","R","E","$","R","B","B",null,"R","$","E","B",null],"character_chosen":"WATCHER","items_purchased":["Adaptation","Technique","DollysMirror","Bag of Preparation"],"campfire_rested":0,"item_purchase_floors":[22,22,38,38],"current_hp_per_floor":[58,58,58,52,50,50,41,40,40,36,30,30,30,30,30,30,59,57,57,57,57,57,57,57,60,60,60,60,50,50,50,50,67,68,68,68,68,68,68,68,68,68,68,68,68,68,68,68,68,68,68,68,68,68,68,49],"gold":409,"neow_bonus":"BOSS_RELIC","is_daily":false,"chose_seed":false,"campfire_upgraded":8,"win_rate":0.0,"timestamp":1608559717,"path_taken":["M","M","?","M","?","R","E","?","T","?","E","M","E","M","R","BOSS","M","$","?","M","$","E","R","E","T","E","?","?","R","M","R","BOSS","M","M","M","$","?","E","R","E","T","M","?","R","E","?","R","BOSS","BOSS","R","$","E","BOSS"],"items_purchased_type":["Card","Relic","Relic","Relic"],"build_version":"2020-12-13","purchased_purges":6,"victory":true,"max_hp_per_floor":[68,68,68,68,68,68,68,68,68,68,68,68,68,68,68,68,68,68,68,68,68,68,68,68,68,68,68,68,68,68,68,68,68,68,68,68,68,68,68,68,68,68,68,68,68,68,68,68,68,68,68,68,68,68,68,68],"card_choices":[{"not_picked":["Halt","Protect","Crescendo"],"picked":"SKIP","floor":1.0},{"not_picked":["Consecrate","BowlingBash","AT_ChampionStep","WaveOfTheHand"],"picked":"SKIP","floor":2.0},{"not_picked":["JustLucky","PathToVictory","Evaluate","FearNoEvil"],"picked":"SKIP","floor":4.0},{"not_picked":["MostiFishMod:Zero-Sum","Crescendo","Halt","CutThroughFate"],"picked":"SKIP","floor":7.0},{"not_picked":["CrushJoints","EmptyMind","PathToVictory"],"picked":"Prostrate","floor":8.0},{"not_picked":["Worship","EmptyMind","ClearTheMind","Evaluate"],"picked":"SKIP","floor":11.0},{"not_picked":["Alpha","ClearTheMind","Wallop","EmptyBody"],"picked":"SKIP","floor":12.0},{"not_picked":["EmptyBody","CrushJoints","Protect","Prostrate"],"picked":"SKIP","floor":13.0},{"not_picked":["MostiFishMod:Unraveling","ClearTheMind","AT_OneInchPunch","Study"],"picked":"SKIP","floor":14.0},{"not_picked":["MostiFishMod:CyberBuddha","MostiFishMod:Zero-Sum","AT_MachinaRedman"],"picked":"MostiFishMod:Minus","floor":16.0},{"not_picked":["Prostrate","EmptyMind","PathToVictory"],"picked":"Pray","floor":18.0},{"not_picked":["Evaluate","Collect+1","FollowUp"],"picked":"AT_DivineConfetti+1","floor":21.0},{"not_picked":["InnerPeace","Adaptation+1","FlyingSleeves"],"picked":"Tantrum","floor":23.0},{"not_picked":["BattleHymn","ForeignInfluence","ThirdEye+1","WaveOfTheHand+1"],"picked":"SKIP","floor":25.0},{"not_picked":["Adaptation","FlyingSleeves","FollowUp","JustLucky"],"picked":"SKIP","floor":27.0},{"not_picked":["FollowUp","CarveReality","SandsOfTime","SashWhip"],"picked":"SKIP","floor":29.0},{"not_picked":["TalkToTheHand","CutThroughFate","Consecrate+1","Crescendo"],"picked":"SKIP","floor":31},{"not_picked":["MostiFishMod:StarOceanP","MostiFishMod:Disappear","Vault"],"picked":"Scrawl","floor":33},{"not_picked":["FollowUp","EmptyBody","ThirdEye+1","CarveReality"],"picked":"SKIP","floor":35},{"not_picked":["WreathOfFlame","PathToVictory","CutThroughFate","FlurryOfBlows"],"picked":"SKIP","floor":36},{"not_picked":["BattleHymn","CrushJoints","LikeWater","AT_ChampionStep"],"picked":"SKIP","floor":37},{"not_picked":["EmptyFist","JustLucky","WheelKick","Meditate"],"picked":"SKIP","floor":39},{"not_picked":["AT_IrregularMenstruation","BowlingBash","Protect","WheelKick"],"picked":"SKIP","floor":40},{"not_picked":["BowlingBash","Consecrate","FlurryOfBlows"],"picked":"Scrawl","floor":42},{"not_picked":["BowlingBash","Adaptation","FlyingSleeves","MostiFishMod:UniPurple"],"picked":"SKIP","floor":44},{"not_picked":["MostiFishMod:Dust","AT_IrregularMenstruation","ClearTheMind","SandsOfTime+1"],"picked":"SKIP","floor":47},{"not_picked":["FlyingSleeves","CrushJoints","Protect","MostiFishMod:LegendTransform+1"],"picked":"SKIP","floor":55}],"player_experience":640800,"relics_obtained":[{"floor":1.0,"key":"Question Card"},{"floor":7.0,"key":"Smiling Mask"},{"floor":11.0,"key":"Akabeko"},{"floor":13.0,"key":"AT_ChloranthyRing"},{"floor":16.0,"key":"ImportantClient"},{"floor":23.0,"key":"AT_Kusabimaru"},{"floor":26.0,"key":"War Paint"},{"floor":27.0,"key":"Pantograph"},{"floor":40,"key":"AT_EbonyIvory"},{"floor":42,"key":"Blood Vial"},{"floor":43,"key":"Anchor"},{"floor":47,"key":"Potion Belt"},{"floor":55,"key":"testmod-Antiphasic"}],"event_choices":[{"cards_removed":["Eruption"],"damage_healed":0.0,"max_hp_gain":0.0,"max_hp_loss":0.0,"gold_gain":0.0,"event_name":"Living Wall","player_choice":"Forget","floor":3.0,"gold_loss":0.0,"damage_taken":0.0},{"damage_healed":0.0,"max_hp_gain":0.0,"max_hp_loss":0.0,"gold_gain":0.0,"event_name":"The Woman in Blue","player_choice":"Bought 0 Potions","floor":5.0,"gold_loss":0.0,"damage_taken":0.0},{"damage_healed":0.0,"max_hp_gain":0.0,"max_hp_loss":0.0,"gold_gain":0.0,"event_name":"betterThird:BetterScrap","player_choice":"Relic ","floor":10.0,"gold_loss":0.0,"damage_taken":5.0,"cards_obtained":["Lockon"]},{"damage_healed":0.0,"max_hp_gain":0.0,"max_hp_loss":0.0,"gold_gain":0.0,"event_name":"给自己的盒子","player_choice":"Swap Relic","floor":20.0,"relics_lost":["DaveBox"],"gold_loss":0.0,"damage_taken":0.0,"relics_obtained":["DaveBox"]},{"damage_healed":0.0,"max_hp_gain":0.0,"max_hp_loss":0.0,"gold_gain":0.0,"event_name":"Match and Keep!","player_choice":"0 cards matched","floor":28.0,"gold_loss":0.0,"damage_taken":0.0,"cards_obtained":[]},{"cards_removed":["Eruption"],"damage_healed":0,"gold_gain":0,"player_choice":"Purged","damage_taken":0,"max_hp_gain":0,"max_hp_loss":0,"event_name":"Purifier","floor":45,"gold_loss":0}],"is_beta":false,"boss_relics":[{"not_picked":["Snecko Eye","testmod-IncinerationGenerator"],"picked":"RhineCircuit"},{"not_picked":["TimeKeys","SacredBark"],"picked":"Philosopher\u0027s Stone"}],"items_purged_floors":[19,22,38,48,48,54],"is_endless":false,"potions_floor_spawned":[2,4,7,11,13,18,23,27,29,39,40,44,47,55],"ascension_level":20}}