{"host":"q1yq0ibtlljsjzm9","time":1608535651,"event":{"mods":["BaseMod","DeckTracker","Minty Spire (QoL Compilation)","StSLib"],"gold_per_floor":[110,60,60,75,75,75,85,113,180,192,55,55,65,80,80,185,185,201,231,242,69,0,34,34,47,115,115,131,131,131,144,144,241,241,254,254,273,292,42,42,54,54,54,54,69,69,21,36,36,36,36],"floor_reached":50,"playtime":2737,"items_purged":[],"score":487,"play_id":"0a3a86a2-3df1-42f4-9ace-b6b90b9b13b6","local_time":"20201220232731","is_ascension_mode":false,"campfire_choices":[{"data":"Uppercut","floor":6.0,"key":"SMITH"},{"floor":12,"key":"REST"},{"data":"Carnage","floor":15,"key":"SMITH"},{"floor":24,"key":"REST"},{"floor":27,"key":"REST"},{"floor":30,"key":"REST"},{"data":"Demon Form","floor":32,"key":"SMITH"},{"data":"Barricade","floor":40,"key":"SMITH"},{"floor":46,"key":"REST"},{"floor":49,"key":"REST"}],"circlet_count":0,"master_deck":["Strike_R","Strike_R","Strike_R","Strike_R","Defend_R","Defend_R","Defend_R","Defend_R","Bash","Ghostly Armor","Armaments+1","Uppercut+1","Iron Wave","Heavy Blade","Anger","Carnage+1","Demon Form+1","Metallicize+1","Thunderclap+1","Heavy Blade","Apotheosis","Searing Blow","Shrug It Off","Entrench","Entrench","Barricade+1","Shrug It Off","Sword Boomerang+1","Flex","Flame Barrier","Heavy Blade","Shrug It Off+1"],"relics":["Burning Blood","PreservedInsect","MawBank","Oddly Smooth Stone","ClockworkSouvenir","Mark of Pain","Red Mask","Boot","Bag of Preparation","Mercury Hourglass","Black Star","Anchor","Shuriken","Meat on the Bone"],"acts_visited":["Exordium","TheCity","TheBeyond"],"potions_floor_usage":[16,19,33,50],"damage_taken":[{"damage":1.0,"enemies":"Jaw Worm","floor":1.0,"turns":4.0},{"damage":2.0,"enemies":"Small Slimes","floor":4.0,"turns":5.0},{"damage":0,"enemies":"2 Louse","floor":7,"turns":3},{"damage":21,"enemies":"Lagavulin","floor":8,"turns":7},{"damage":6,"enemies":"Blue Slaver","floor":13,"turns":3},{"damage":3,"enemies":"3 Louse","floor":14,"turns":4},{"damage":30,"enemies":"Hexaghost","floor":16,"turns":12},{"damage":18,"enemies":"2 Thieves","floor":18,"turns":5},{"damage":27,"enemies":"Masked Bandits","floor":19,"turns":4},{"damage":0,"enemies":"Chosen","floor":20,"turns":5},{"damage":38,"enemies":"Book of Stabbing","floor":23,"turns":5},{"damage":12,"enemies":"Snecko","floor":25,"turns":5},{"damage":11,"enemies":"Snake Plant","floor":28,"turns":4},{"damage":13,"enemies":"Sentry and Sphere","floor":31,"turns":5},{"damage":42,"enemies":"Automaton","floor":33,"turns":8},{"damage":0,"enemies":"3 Shapes","floor":35,"turns":3},{"damage":9,"enemies":"Orb Walker","floor":37,"turns":3},{"damage":12,"enemies":"Sphere and 2 Shapes","floor":38,"turns":8},{"damage":50,"enemies":"3 Darklings","floor":41,"turns":7},{"damage":28,"enemies":"Transient","floor":45,"turns":5},{"damage":17,"enemies":"Spire Growth","floor":48,"turns":5},{"damage":74,"enemies":"Donu and Deca","floor":50,"turns":6}],"seed_played":"6492731305117232402","potions_obtained":[{"floor":4.0,"key":"PowerPotion"},{"floor":8,"key":"Explosive Potion"},{"floor":28,"key":"BlessingOfTheForge"},{"floor":31,"key":"Fruit Juice"},{"floor":33,"key":"Strength Potion"},{"floor":41,"key":"BlessingOfTheForge"},{"floor":45,"key":"LiquidMemories"}],"is_trial":false,"path_per_floor":["M","?","?","M","?","R","M","E","T","?","$","R","M","M","R","B",null,"M","?","M","$","?","E","R","M","T","R","M","?","R","M","R","B",null,"M","?","M","M","$","R","M","?","T","$","M","R","$","M","R","B"],"character_chosen":"IRONCLAD","items_purchased":["ClockworkSouvenir","Apotheosis","Shuriken","Heavy Blade"],"campfire_rested":6,"item_purchase_floors":[11,21,39,47],"current_hp_per_floor":[80,80,55,59,59,59,65,50,50,50,50,74,74,77,77,53,80,68,47,53,53,53,21,45,39,39,63,58,58,80,73,73,42,85,85,85,82,76,76,76,32,74,74,74,52,74,74,63,74,0,0],"gold":36,"neow_bonus":"THREE_CARDS","is_daily":false,"chose_seed":false,"campfire_upgraded":4,"win_rate":0.0,"timestamp":1608535651,"path_taken":["M","?","?","M","?","R","M","E","T","?","$","R","M","?","R","BOSS","M","?","M","$","?","E","R","M","T","R","?","?","R","M","R","BOSS","M","?","M","?","$","R","M","?","T","$","M","R","$","M","R","BOSS"],"items_purchased_type":["Relic","Card","Relic","Card"],"build_version":"2020-12-13","purchased_purges":0,"victory":false,"max_hp_per_floor":[80,80,80,80,80,80,80,80,80,80,80,80,80,80,80,80,80,80,80,80,80,80,80,80,80,80,80,80,80,80,80,80,85,85,85,85,85,85,85,85,85,74,74,74,74,74,74,74,74,74,74],"card_choices":[{"not_picked":["Thunderclap","Shrug It Off"],"picked":"Ghostly Armor","floor":0.0},{"not_picked":["Thunderclap","Warcry"],"picked":"Armaments","floor":1.0},{"not_picked":["Sword Boomerang","Clothesline"],"picked":"Uppercut","floor":4.0},{"not_picked":["Whirlwind","Rage"],"picked":"Iron Wave","floor":7},{"not_picked":["Sword Boomerang","Fire Breathing"],"picked":"Heavy Blade","floor":8},{"not_picked":["Second Wind","Warcry"],"picked":"Anger","floor":13},{"not_picked":["Sword Boomerang","Searing Blow"],"picked":"Carnage","floor":14},{"not_picked":["Impervious","Bludgeon"],"picked":"Demon Form","floor":16},{"not_picked":["Thunderclap","Sword Boomerang"],"picked":"Metallicize+1","floor":18},{"not_picked":["Clothesline","Heavy Blade"],"picked":"Thunderclap+1","floor":19},{"not_picked":["Rage","Shrug It Off"],"picked":"Heavy Blade","floor":20},{"not_picked":["Corruption","Power Through"],"picked":"Searing Blow","floor":23},{"not_picked":["Clash","Thunderclap"],"picked":"Shrug It Off","floor":25},{"not_picked":["Pummel","Intimidate+1"],"picked":"Entrench","floor":28},{"not_picked":["Burning Pact","Rupture"],"picked":"Entrench","floor":31},{"not_picked":["Feed","Limit Break"],"picked":"Barricade","floor":33},{"not_picked":["Perfected Strike","Blood for Blood+1"],"picked":"Shrug It Off","floor":35},{"not_picked":["Anger+1","Dark Embrace"],"picked":"Sword Boomerang+1","floor":37},{"not_picked":["Armaments+1","Burning Pact+1"],"picked":"Flex","floor":38},{"not_picked":["Headbutt+1","True Grit","Power Through+1"],"picked":"SKIP","floor":41},{"not_picked":["Twin Strike+1","Iron Wave+1"],"picked":"Flame Barrier","floor":45},{"not_picked":["Armaments+1","Entrench"],"picked":"Shrug It Off+1","floor":48}],"player_experience":3671,"relics_obtained":[{"floor":8,"key":"MawBank"},{"floor":9,"key":"Oddly Smooth Stone"},{"floor":19,"key":"Red Mask"},{"floor":23,"key":"Bag of Preparation"},{"floor":26,"key":"Mercury Hourglass"},{"floor":36,"key":"Anchor"},{"floor":43,"key":"Meat on the Bone"}],"event_choices":[{"cards_removed":["Strike_R"],"damage_healed":0.0,"max_hp_gain":0.0,"max_hp_loss":0.0,"gold_gain":0.0,"event_name":"The Cleric","player_choice":"Card Removal","floor":2.0,"gold_loss":50.0,"damage_taken":0.0},{"damage_healed":0.0,"max_hp_gain":0.0,"max_hp_loss":0.0,"gold_gain":0.0,"event_name":"Scrap Ooze","player_choice":"Success","floor":3.0,"gold_loss":0.0,"damage_taken":25.0,"relics_obtained":["PreservedInsect"]},{"damage_healed":0.0,"max_hp_gain":0.0,"max_hp_loss":0.0,"gold_gain":0.0,"event_name":"Liars Game","player_choice":"Ignored","floor":5.0,"gold_loss":0.0,"damage_taken":0.0},{"damage_healed":0,"gold_gain":0,"player_choice":"Grow","damage_taken":0,"max_hp_gain":0,"max_hp_loss":0,"event_name":"Living Wall","floor":10,"gold_loss":0,"cards_upgraded":["Armaments"]},{"damage_healed":0,"gold_gain":0,"player_choice":"Fought Bandits","damage_taken":0,"max_hp_gain":0,"max_hp_loss":0,"event_name":"Masked Bandits","floor":19,"gold_loss":0},{"damage_healed":0,"gold_gain":0,"player_choice":"Paid Gold","damage_taken":0,"relics_obtained":["Boot"],"max_hp_gain":0,"max_hp_loss":0,"event_name":"WeMeetAgain","floor":22,"gold_loss":69},{"damage_healed":0,"gold_gain":0,"player_choice":"Ignored","damage_taken":0,"max_hp_gain":0,"max_hp_loss":0,"event_name":"Ghosts","floor":29,"gold_loss":0},{"damage_healed":0,"gold_gain":0,"player_choice":"Relic","damage_taken":0,"max_hp_gain":0,"max_hp_loss":0,"event_name":"Wheel of Change","floor":36,"gold_loss":0},{"damage_healed":74,"gold_gain":0,"player_choice":"Heal","damage_taken":0,"max_hp_gain":0,"max_hp_loss":11,"event_name":"The Moai Head","floor":42,"gold_loss":0}],"is_beta":false,"boss_relics":[{"not_picked":["Empty Cage","Philosopher\u0027s Stone"],"picked":"Mark of Pain"},{"not_picked":["Tiny House","Snecko Eye"],"picked":"Black Star"}],"items_purged_floors":[],"is_endless":false,"potions_floor_spawned":[4,8,28,31,33,41,45,48],"killed_by":"Donu and Deca","ascension_level":0}}