{"host":"7l2t4psy44vpcd9q","time":1608558894,"event":{"mods":["AchievementEnabler","BaseMod","DeckTracker","Minty Spire (QoL Compilation)","SuperFastMode"],"gold_per_floor":[113,133,82,82,96,126,138,138,187,198,198,228,228,238,238,316,316,330,340,340,351,351,351,351,103,128,151,194,194,217,27,27,27,27],"floor_reached":33,"playtime":1672,"items_purged":["Decay"],"score":540,"play_id":"d9f7cc1f-574a-49d3-885c-6a241263d6bb","local_time":"20201221225454","is_ascension_mode":true,"campfire_choices":[{"floor":8,"key":"REST"},{"data":"Double Energy","floor":11,"key":"SMITH"},{"data":"Streamline","floor":15,"key":"SMITH"},{"floor":23,"key":"REST"},{"floor":29,"key":"REST"},{"floor":32,"key":"REST"}],"circlet_count":0,"master_deck":["AscendersBane","Defend_B","Defend_B","Zap","Dualcast","Streamline+1","Self Repair","Go for the Eyes","Compile Driver","FTL","Double Energy+1","Reboot","Consume","Cold Snap","Core Surge","Hello World+1","Stack+1","Capacitor+1","Glacier","Defragment","Reinforced Body","Echo Form","Auto Shields","Conserve Battery","Barrage","Steam Power","Turbo"],"relics":["Cracked Core","NeowsBlessing","Letter Opener","Strawberry","Akabeko","Astrolabe","Enchiridion","Toy Ornithopter","CeramicFish","Question Card","Bag of Marbles"],"acts_visited":["Exordium","TheCity"],"potions_floor_usage":[6,16,16,28,30],"damage_taken":[{"damage":0,"enemies":"Cultist","floor":1,"turns":1},{"damage":0,"enemies":"2 Louse","floor":2,"turns":1},{"damage":0,"enemies":"Jaw Worm","floor":5,"turns":1},{"damage":45,"enemies":"3 Sentries","floor":6,"turns":8},{"damage":4,"enemies":"Large Slime","floor":7,"turns":5},{"damage":0,"enemies":"Exordium Wildlife","floor":10,"turns":3},{"damage":34,"enemies":"Gremlin Nob","floor":12,"turns":4},{"damage":0,"enemies":"Red Slaver","floor":14,"turns":1},{"damage":23,"enemies":"Hexaghost","floor":16,"turns":9},{"damage":19,"enemies":"Chosen","floor":18,"turns":6},{"damage":14,"enemies":"Spheric Guardian","floor":19,"turns":5},{"damage":23,"enemies":"Snake Plant","floor":21,"turns":3},{"damage":1,"enemies":"Chosen and Byrds","floor":27,"turns":6},{"damage":27,"enemies":"Slavers","floor":28,"turns":13},{"damage":26,"enemies":"3 Cultists","floor":30,"turns":4},{"damage":82,"enemies":"Automaton","floor":33,"turns":14}],"seed_played":"-7180614100084239994","potions_obtained":[{"floor":2,"key":"PotionOfCapacity"},{"floor":7,"key":"Ancient Potion"},{"floor":12,"key":"Regen Potion"},{"floor":14,"key":"LiquidMemories"},{"floor":16,"key":"Ancient Potion"},{"floor":18,"key":"FairyPotion"},{"floor":27,"key":"PotionOfCapacity"},{"floor":28,"key":"SneckoOil"}],"is_trial":false,"path_per_floor":["M","M","$","?","M","E","M","R","T","M","R","E","?","M","R","B",null,"M","M","?","M","?","R","?","$","T","M","E","R","M","$","R","B"],"character_chosen":"DEFECT","items_purchased":["Go for the Eyes","Toy Ornithopter","Bag of Marbles","Turbo"],"campfire_rested":4,"item_purchase_floors":[3,25,31,31],"current_hp_per_floor":[64,64,64,64,64,26,29,50,57,64,64,30,30,37,37,36,68,56,49,28,5,5,28,28,28,28,27,12,35,14,14,37,0,0],"gold":27,"neow_bonus":"THREE_ENEMY_KILL","is_daily":false,"chose_seed":false,"campfire_upgraded":2,"win_rate":0.0,"timestamp":1608558894,"path_taken":["M","M","$","?","?","E","M","R","T","M","R","E","?","M","R","BOSS","M","M","?","M","?","R","?","$","T","M","E","R","M","$","R","BOSS"],"items_purchased_type":["Card","Relic","Relic","Card"],"build_version":"2020-12-13","purchased_purges":1,"victory":false,"max_hp_per_floor":[71,71,71,71,71,71,71,71,78,78,78,78,78,78,78,78,78,78,78,78,78,78,78,78,78,78,78,78,78,78,78,78,78,78],"card_choices":[{"not_picked":["Cold Snap","Hello World"],"picked":"Streamline","floor":1},{"not_picked":["Cold Snap","Steam"],"picked":"Self Repair","floor":2},{"not_picked":["Coolheaded","Leap"],"picked":"Compile Driver","floor":5},{"not_picked":["Biased Cognition","Beam Cell"],"picked":"FTL","floor":6},{"not_picked":["Steam","Sweeping Beam"],"picked":"Barrage","floor":7},{"not_picked":["Streamline","Reprogram"],"picked":"Double Energy","floor":10},{"not_picked":["Rebound","Redo"],"picked":"Reboot","floor":12},{"not_picked":["Steam Power","Compile Driver"],"picked":"Cold Snap","floor":14},{"not_picked":["Fission","Reboot"],"picked":"Core Surge","floor":16},{"not_picked":["Steam","Doom and Gloom"],"picked":"Glacier","floor":18},{"not_picked":["Coolheaded","Stack"],"picked":"Defragment","floor":19},{"not_picked":["Rip and Tear","Sweeping Beam"],"picked":"Reinforced Body","floor":21},{"not_picked":["Genetic Algorithm","Reinforced Body"],"picked":"Conserve Battery","floor":27},{"not_picked":["Tempest","Reinforced Body"],"picked":"Barrage","floor":28},{"not_picked":["Compile Driver","Sweeping Beam","Buffer"],"picked":"Steam Power","floor":30}],"player_experience":1114594,"relics_obtained":[{"floor":6,"key":"Letter Opener"},{"floor":9,"key":"Strawberry"},{"floor":12,"key":"Akabeko"},{"floor":20,"key":"Enchiridion"},{"floor":26,"key":"CeramicFish"},{"floor":28,"key":"Question Card"}],"event_choices":[{"cards_removed":["Strike_B"],"damage_healed":0,"gold_gain":0,"player_choice":"Card Removal","damage_taken":0,"max_hp_gain":0,"max_hp_loss":0,"event_name":"Wheel of Change","floor":4,"gold_loss":0},{"damage_healed":0,"gold_gain":0,"cards_transformed":["Defend_B"],"player_choice":"Transformed","damage_taken":0,"max_hp_gain":0,"max_hp_loss":0,"event_name":"Transmorgrifier","floor":13,"gold_loss":0,"cards_obtained":["Consume"]},{"damage_healed":0,"gold_gain":0,"player_choice":"Obtained Book","damage_taken":21,"max_hp_gain":0,"max_hp_loss":0,"event_name":"Cursed Tome","floor":20,"gold_loss":0},{"damage_healed":0,"gold_gain":0,"cards_transformed":["Strike_B","Defend_B"],"player_choice":"Became Test Subject","damage_taken":0,"max_hp_gain":0,"max_hp_loss":0,"event_name":"Drug Dealer","floor":22,"gold_loss":0,"cards_obtained":["Echo Form","Auto Shields"]},{"damage_healed":0,"gold_gain":0,"player_choice":"Smashed Altar","damage_taken":0,"max_hp_gain":0,"max_hp_loss":0,"event_name":"Forgotten Altar","floor":24,"gold_loss":0,"cards_obtained":["Decay"]}],"is_beta":false,"boss_relics":[{"not_picked":["SacredBark","Black Star"],"picked":"Astrolabe"}],"items_purged_floors":[25],"is_endless":false,"potions_floor_spawned":[2,7,12,14,16,18,27,28],"killed_by":"Automaton","ascension_level":19}}