{"host":"s1b9wbrnwri7g9vh","time":1608516050,"event":{"mods":["Act Like it!","BaseMod","Better Note","Hallownest","Hermit","Minty Spire (QoL Compilation)","Pale of the Ancients","Relic Stats","Replay The Spire","StSLib","The Druid","The Exalted","The Servant 0.9.4"],"gold_per_floor":[110,110,29,29,29,29,29,29],"floor_reached":7,"playtime":225,"items_purged":[],"score":54,"play_id":"e22f4725-9eff-4892-9757-74a234416bf3","local_time":"20201221020050","is_ascension_mode":true,"campfire_choices":[{"data":"Dodge and Roll","floor":6,"key":"SMITH"}],"circlet_count":0,"master_deck":["Strike_G","Strike_G","Strike_G","Strike_G","Strike_G","Defend_G","Defend_G","Defend_G","Defend_G","Defend_G","Survivor","Neutralize","Deflect","Dodge and Roll+1","ReplayTheSpireMod:Scrap Shanks+1"],"relics":["Ring of the Snake"],"acts_visited":["Exordium"],"potions_floor_usage":[7],"damage_taken":[{"damage":0,"enemies":"2 Louse","floor":1,"turns":4},{"damage":114,"enemies":"Gremlin Nob","floor":7,"turns":9}],"seed_played":"4101144010438467806","potions_obtained":[{"floor":2,"key":"Languid Potion"},{"floor":2,"key":"FairyPotion"},{"floor":2,"key":"Dexterity Potion"}],"is_trial":false,"path_per_floor":["M","?","$","$","?","R","E"],"character_chosen":"THE_SILENT","items_purchased":["ReplayTheSpireMod:Scrap Shanks"],"campfire_rested":0,"item_purchase_floors":[3],"current_hp_per_floor":[63,63,63,63,63,63,0,0],"gold":29,"neow_bonus":"THREE_CARDS","is_daily":false,"chose_seed":false,"campfire_upgraded":1,"win_rate":0.0,"timestamp":1608516050,"path_taken":["M","?","?","$","?","R","E"],"items_purchased_type":["Card"],"build_version":"2020-12-13","purchased_purges":0,"victory":false,"max_hp_per_floor":[70,70,70,70,70,70,70,70],"relic_stats":{"counters":[2,13],"obtain_stats":[{"Ring of the Snake":0},{"Ring of the Snake":0},{"Ring of the Snake":0}],"Ring of the Snake":[4]},"card_choices":[{"not_picked":["Leg Sweep","Bane"],"picked":"Deflect","floor":0},{"not_picked":["PiercingWail","Hidden Blade"],"picked":"Dodge and Roll","floor":1}],"player_experience":580933,"relics_obtained":[],"event_choices":[{"damage_healed":0,"gold_gain":0,"player_choice":"Got Potions","damage_taken":0,"max_hp_gain":0,"max_hp_loss":0,"event_name":"Lab","floor":2,"gold_loss":0},{"damage_healed":0,"gold_gain":0,"player_choice":"Grow","damage_taken":0,"max_hp_gain":0,"max_hp_loss":0,"event_name":"Living Wall","floor":5,"gold_loss":0,"cards_upgraded":["ReplayTheSpireMod:Scrap Shanks"]}],"is_beta":false,"boss_relics":[],"items_purged_floors":[],"is_endless":false,"potions_floor_spawned":[],"killed_by":"Gremlin Nob","ascension_level":9}}