{"host":"cmav4zu14tqjc6v9","time":1608572258,"event":{"mods":["BaseMod","Colored Map","Colored Powertips","Minty Spire (QoL Compilation)","Replay The Spire","StSLib"],"gold_per_floor":[117,117,18,18,18,33,53,53,65,65,65,65,78,78,93,93,93,195,195,210,32,32,45,55,89,108,108,108,108,126,141,141,172,172,272,272,292,341,341,356,369,369,369,369,369,31,31,31,51,51,63,73,73,73],"floor_reached":55,"playtime":6971,"items_purged":["Pain","Doubt"],"score":926,"play_id":"837f12b0-bdb8-4f89-8bd9-070dd3fbffe7","local_time":"20201221113738","is_ascension_mode":false,"campfire_choices":[{"data":"Crystallizer","floor":8.0,"key":"SMITH"},{"data":"Glacier","floor":10.0,"key":"SMITH"},{"data":"Cold Snap","floor":12.0,"key":"SMITH"},{"data":"Barrage","floor":14.0,"key":"SMITH"},{"data":"Barrage","floor":17.0,"key":"SMITH"},{"data":"Loop","floor":27,"key":"SMITH"},{"data":"Creative AI","floor":29,"key":"SMITH"},{"data":"Self Repair","floor":32,"key":"SMITH"},{"data":"Redo","floor":34,"key":"SMITH"},{"data":"ReplayRNGCard","floor":42,"key":"SMITH"},{"data":"Tempest","floor":50,"key":"SMITH"}],"circlet_count":0,"master_deck":["Strike_B","Strike_B","Strike_B","Strike_B","Defend_B","Defend_B","Defend_B","Defend_B","Zap","Dualcast","Compile Driver","Compile Driver","Glacier+1","Crystallizer+1","Cold Snap+1","Barrage+1","Barrage+1","Creative AI+1","Tempest+1","Double Energy","Double Energy","Redo+1","Loop+1","Streamline+1","White Noise+1","Loop+1","Stack+1","Self Repair+1","Chaos+1","ReplayRNGCard+1","ReplayTheSpireMod:Private Reserves","Biased Cognition+1","Chill+1","Leap","White Noise+1"],"relics":["Cracked Core","NeowsBlessing","WarpedTongs","Replay:Ringing Soul","Nuclear Battery","Bronze Scales","Mercury Hourglass","ReplayTheSpireMod:Shallot","Coffee Dripper","Replay:Kaleidoscope","Ornamental Fan"],"acts_visited":["Exordium","TheCity","TheBeyond"],"potions_floor_usage":[33,35,41,41,49,54,54],"damage_taken":[{"damage":0.0,"enemies":"Jaw Worm","floor":1.0,"turns":1.0},{"damage":0.0,"enemies":"Cultist","floor":6.0,"turns":1.0},{"damage":0.0,"enemies":"Small Slimes","floor":7.0,"turns":1.0},{"damage":8.0,"enemies":"Red Slaver","floor":9.0,"turns":3.0},{"damage":0.0,"enemies":"Large Slime","floor":13.0,"turns":5.0},{"damage":0.0,"enemies":"2 Fungi Beasts","floor":15.0,"turns":3.0},{"damage":16.0,"enemies":"The Guardian","floor":18.0,"turns":10.0},{"damage":0.0,"enemies":"Chosen","floor":20.0,"turns":5.0},{"damage":10.0,"enemies":"Shell Parasite","floor":23.0,"turns":3.0},{"damage":2.0,"enemies":"Sentry and Sphere","floor":24.0,"turns":4.0},{"damage":9,"enemies":"Replay:Snechameleon","floor":25,"turns":7},{"damage":4,"enemies":"Centurion and Healer","floor":26,"turns":5},{"damage":4,"enemies":"Chosen and Byrds","floor":30,"turns":4},{"damage":0,"enemies":"3 Cultists","floor":31,"turns":4},{"damage":10,"enemies":"Gremlin Leader","floor":33,"turns":6},{"damage":32,"enemies":"Pondfish","floor":35,"turns":11},{"damage":11,"enemies":"3 Darklings","floor":37,"turns":5},{"damage":23,"enemies":"2 Orb Walkers","floor":38,"turns":4},{"damage":24,"enemies":"3 Shapes","floor":40,"turns":3},{"damage":43,"enemies":"Transient","floor":41,"turns":5},{"damage":21,"enemies":"Maw","floor":49,"turns":7},{"damage":10,"enemies":"Writhing Mass","floor":51,"turns":4},{"damage":0,"enemies":"3 Darklings","floor":52,"turns":5},{"damage":42,"enemies":"Donu and Deca","floor":54,"turns":7}],"seed_played":"7123322544056922024","potions_obtained":[{"floor":1.0,"key":"SneckoOil"},{"floor":6.0,"key":"Venom Potion"},{"floor":9.0,"key":"LifebloodPotion"},{"floor":15.0,"key":"Energy Potion"},{"floor":31,"key":"BlessingOfTheForge"},{"floor":38,"key":"SpeedPotion"},{"floor":40,"key":"PowerPotion"},{"floor":53,"key":"SkillPotion"},{"floor":53,"key":"Doom Potion"}],"is_trial":false,"path_per_floor":["M","?","$","PTL","PTL","M","M","R","M","R","T","R","M","R","M","?","R","B",null,"M","$","$","M","M","E","M","R","T","R","M","M","R","E","R","B",null,"M","?","?","M","M","R","?","PTL","PTL","$","T","?","M","R","M","M","R_BF","B",null],"character_chosen":"DEFECT","items_purchased":["Compile Driver","Double Energy","Redo","Loop","Biased Cognition","Chill+1","Leap"],"campfire_rested":0,"item_purchase_floors":[3,21,21,21,46,46,46],"current_hp_per_floor":[75,75,75,75,75,75,75,75,67,67,67,67,70,70,73,73,73,60,84,87,90,90,83,84,78,77,77,77,77,76,83,83,86,86,57,111,110,87,90,76,33,33,117,117,117,120,120,120,109,109,112,122,122,80],"gold":73,"neow_bonus":"THREE_ENEMY_KILL","is_daily":false,"chose_seed":false,"campfire_upgraded":11,"win_rate":0.0,"timestamp":1608572258,"path_taken":["M","?","$","PTL","PTL","M","M","R","M","R","T","R","M","R","?","?","R","BOSS","M","?","$","?","M","E","?","R","T","R","M","M","R","E","R","BOSS","M","?","?","M","M","R","?","PTL","PTL","$","T","?","M","R","M","M","R_BF","BOSS"],"items_purchased_type":["Card","Card","Card","Card","Card","Card","Card"],"build_version":"2020-12-13","purchased_purges":2,"victory":true,"max_hp_per_floor":[75,75,75,75,75,75,75,75,75,75,75,75,78,78,81,81,81,84,84,87,90,90,93,96,99,102,102,102,102,105,105,105,108,108,111,111,111,111,114,114,114,114,117,117,117,120,120,120,120,120,123,123,123,123],"card_choices":[{"not_picked":["Reprogram","ReplaySolidLightProjector"],"picked":"Compile Driver","floor":1.0},{"not_picked":["Barrage","Cold Snap"],"picked":"Glacier","floor":6.0},{"not_picked":["Double Energy","Lockon"],"picked":"Crystallizer","floor":7.0},{"not_picked":["Stack","Panic Button"],"picked":"Cold Snap","floor":9.0},{"not_picked":["Gash","Static Discharge"],"picked":"Barrage","floor":13.0},{"not_picked":["All For One","Time Bomb"],"picked":"Barrage","floor":15.0},{"not_picked":["Machine Learning","Amplify"],"picked":"Creative AI","floor":18.0},{"not_picked":["Scrape","ReplayTheSpireMod:Repulse"],"picked":"Tempest","floor":20.0},{"not_picked":["Heatsinks","Glacier"],"picked":"Streamline+1","floor":23.0},{"not_picked":["Chaos","Conserve Battery"],"picked":"White Noise+1","floor":24},{"not_picked":["BootSequence","Storm+1"],"picked":"Loop+1","floor":25},{"not_picked":["Steam","Ball Lightning"],"picked":"Stack+1","floor":26},{"not_picked":["Storm","Coolheaded+1"],"picked":"Self Repair","floor":30},{"not_picked":["Sweeping Beam+1","ReplayGash","Storm+1"],"picked":"SKIP","floor":31},{"not_picked":["Stack","Lockon"],"picked":"Chaos+1","floor":33},{"not_picked":["Creative AI","Multi-Cast"],"picked":"ReplayRNGCard","floor":35},{"not_picked":["ReplayTheSpireMod:Reroute Power","Panic Button","Heatsinks"],"picked":"SKIP","floor":37},{"not_picked":["Blind","PanicButton"],"picked":"ReplayTheSpireMod:Private Reserves","floor":39},{"not_picked":["Steam","Sweeping Beam","Panic Button"],"picked":"SKIP","floor":40},{"not_picked":["Compile Driver","Steam","Coolheaded+1"],"picked":"SKIP","floor":41},{"not_picked":["Hologram+1","Steam Power","Gash+1"],"picked":"SKIP","floor":49},{"not_picked":["Compile Driver","Sweeping Beam"],"picked":"White Noise+1","floor":51},{"not_picked":["Ball Lightning","ReplayTheSpireMod:Calculation Training","Leap+1"],"picked":"SKIP","floor":52}],"player_experience":55504,"relics_obtained":[{"floor":11.0,"key":"Replay:Ringing Soul"},{"floor":25,"key":"Bronze Scales"},{"floor":28,"key":"Mercury Hourglass"},{"floor":33,"key":"ReplayTheSpireMod:Shallot"},{"floor":38,"key":"Replay:Kaleidoscope"},{"floor":47,"key":"Ornamental Fan"}],"event_choices":[{"damage_healed":0.0,"max_hp_gain":0.0,"max_hp_loss":0.0,"gold_gain":0.0,"event_name":"Accursed Blacksmith","player_choice":"Rummage","floor":2.0,"gold_loss":0.0,"damage_taken":0.0,"relics_obtained":["WarpedTongs"],"cards_obtained":["Pain"]},{"damage_healed":0.0,"max_hp_gain":0.0,"max_hp_loss":0.0,"gold_gain":0.0,"event_name":"The Woman in Blue","player_choice":"Bought 0 Potions","floor":16.0,"gold_loss":0.0,"damage_taken":0.0},{"damage_healed":0,"gold_gain":0,"player_choice":"Fight","damage_taken":0,"max_hp_gain":0,"max_hp_loss":0,"event_name":"Mysterious Sphere","floor":38,"gold_loss":0},{"damage_healed":0,"gold_gain":0,"player_choice":"Memory 1","damage_taken":0,"max_hp_gain":0,"max_hp_loss":0,"event_name":"SensoryStone","floor":39,"gold_loss":0},{"damage_healed":81,"gold_gain":0,"player_choice":"Heal","damage_taken":0,"max_hp_gain":0,"max_hp_loss":0,"event_name":"MindBloom","floor":43,"gold_loss":0,"cards_obtained":["Doubt"]},{"damage_healed":0,"gold_gain":0,"player_choice":"Upgraded","damage_taken":0,"max_hp_gain":0,"max_hp_loss":0,"event_name":"Upgrade Shrine","floor":48,"gold_loss":0,"cards_upgraded":["Biased Cognition"]}],"is_beta":false,"boss_relics":[{"not_picked":["Replay:Wanted Poster","SacredBark"],"picked":"Nuclear Battery"},{"not_picked":["Black Star","Busted Crown"],"picked":"Coffee Dripper"}],"items_purged_floors":[3,46],"is_endless":false,"potions_floor_spawned":[1,6,9,15,23,24,26,31,38,40],"ascension_level":0}}