{"host":"dwyzfvnzfcqffr30","time":1608590726,"event":{"mods":["2.2 Compatiblity","Act Like it!","BaseMod","Beaked The Cultist","Better Altar","Better Match","Better Note","Better Sensory Stone","Better Skull","Better Third Choice","Clockwork Mod","Colored Map","Colored Powertips","Conspire","Downfall","Elementarium","GifTheSpireLib","Halation","Hermit","Hubris","Infinite Spire","Ironclad Rager","Jedi Mod","Menagerie","Mimic Mod","Minty Spire (QoL Compilation)","Permanent Neow","Random Character Button","Replay The Spire","Spicy Shops","StSLib","Stuff the Spire","The Construct","The Disciple","The Druid","The Marked","TheFirefly","Trackpad","vexMod"],"gold_per_floor":[411,19,19,29,29,165,165,280,304,428,353,389,389,389,389,487,487,501,501,518,518,21,121,121,7,59,114,218,232,232,347,347,445,445,459,459,459,52,52,52,184,184,209,220,239,239,249,261,261,261,261,261,41,169,169],"floor_reached":56,"playtime":4258,"items_purged":["theDruid:Strike_O+1","theDruid:Strike_O+1"],"score":1674,"play_id":"08356445-0909-4ed0-9a3f-93a91350d7ce","local_time":"20201221144526","is_ascension_mode":true,"campfire_choices":[{"floor":7,"key":"REST"},{"floor":13,"key":"RECALL"},{"floor":24,"key":"REST"},{"floor":32,"key":"REST"},{"data":"StuffTheSpire:BrainWave","floor":40,"key":"SMITH"},{"floor":46,"key":"REST"},{"floor":49,"key":"REST"},{"floor":52,"key":"REST"}],"circlet_count":0,"master_deck":["AscendersBane","theDruid:Strike_O+1","theDruid:Defend_O+1","theDruid:Defend_O+1","theDruid:Defend_O+1","theDruid:Defend_O+1","theDruid:BriarArmor+1","theDruid:WildSlash+1","theDruid:FuriousSlash+1","MasterReality+1","theDruid:ThickHide+1","theDruid:PouncingStrike+1","theDruid:FuriousSlash+1","theDruid:Gore+1","theDruid:Untamed+1","theDruid:Recoil+1","theDruid:PlagueClaw+1","theDruid:Swipe+1","theDruid:Restoration+1","theDruid:ThornStrike+1","theDruid:NaturalAgility+1","theDruid:BloodiedFur+1","theDruid:ForestGuard+1","theDruid:SpiritCall+1","StuffTheSpire:BrainWave+1","theDruid:ForestsSoul+1","theDruid:Impale+1"],"relics":["theDruid:CrownOfTheWilds","StuffTheSpire:TintedRock","StuffTheSpire:DarkSteelAnvil","Bottled Tornado","Quantum Egg","Frozen Egg 2","Toxic Egg 2","Molten Egg 2","Juzu Bracelet","hubris:EvacipatedBox","hubris:FruitBowl","StuffTheSpire:CocoNut","hubris:Icosahedron","halation:AfternoonTea","StuffTheSpire:Experiment12","Strawberry","hubris:SlimyHat","Omamori","Replay:Bronze Core","beaked:ShinyBauble","hubris:TenFootPole","Pantograph","Elementarium:HuntersBracer","jedi:cryingmask","Toy Ornithopter","hubris:Towel","Elementarium:ElementariumTrophy","Philosopher\u0027s Stone","infinitespire:EmpoweringShard","Oddly Smooth Stone","Medical Kit","jedi:crownofsimplicity","Blood Vial","Du-Vu Doll","trackpad:AdjectivePendant"],"acts_visited":["Menagerie:Menagerie","Elementarium:Elementarium","TheBeyond","TheEnding"],"potions_floor_usage":[16,16,20,23,23,28,33,44,45,48,55],"damage_taken":[{"damage":2,"enemies":"Menagerie:MonstrousExperiment","floor":1,"turns":3},{"damage":0,"enemies":"Menagerie:2_RABBITS","floor":4,"turns":3},{"damage":0,"enemies":"Menagerie:Hydra","floor":6,"turns":3},{"damage":0,"enemies":"Menagerie:WhisperingWraith","floor":8,"turns":3},{"damage":17,"enemies":"Menagerie:MaskedSummoner","floor":10,"turns":8},{"damage":5,"enemies":"Menagerie:KEEPER_AND_YOUNG_SUNEATER","floor":12,"turns":4},{"damage":16,"enemies":"Menagerie:Chimera","floor":16,"turns":5},{"damage":20,"enemies":"Elementarium:MUD_AND_TAR_GOLEMS","floor":18,"turns":3},{"damage":7,"enemies":"Elementarium:VoidCorruption","floor":20,"turns":4},{"damage":14,"enemies":"Elementarium:FIRE_NOBILITY","floor":23,"turns":9},{"damage":13,"enemies":"Elementarium:ElementalPortal","floor":28,"turns":7},{"damage":7,"enemies":"Elementarium:VoidBeast","floor":29,"turns":4},{"damage":26,"enemies":"Elementarium:CYCLONE_AND_ORB_OF_FIRE","floor":31,"turns":5},{"damage":48,"enemies":"Elementarium:GoldenDragon","floor":33,"turns":9},{"damage":17,"enemies":"Orb Walker","floor":35,"turns":5},{"damage":33,"enemies":"Giant Head","floor":41,"turns":8},{"damage":11,"enemies":"3 Darklings","floor":44,"turns":5},{"damage":29,"enemies":"Jaw Worm Horde","floor":45,"turns":4},{"damage":1,"enemies":"4 Shapes","floor":47,"turns":5},{"damage":20,"enemies":"Spire Growth","floor":48,"turns":4},{"damage":59,"enemies":"conspire:OrnateMirror","floor":50,"turns":10},{"damage":35,"enemies":"Shield and Spear","floor":54,"turns":4},{"damage":11,"enemies":"The Heart","floor":55,"turns":9}],"seed_played":"3290003837050720433","potions_obtained":[{"floor":4,"key":"LiquidBronze"},{"floor":6,"key":"PowerPotion"},{"floor":16,"key":"champ:CounterPotion"},{"floor":21,"key":"Regen Potion"},{"floor":21,"key":"Cursed Concoction"},{"floor":21,"key":"Weak Potion"},{"floor":31,"key":"SkillPotion"},{"floor":41,"key":"DistilledChaos"},{"floor":44,"key":"hexamod:EctoCoolerPotion"},{"floor":47,"key":"FearPotion"}],"is_trial":false,"path_per_floor":["M","$","?","M","?","E","R","M","T","E","?","MIM","R","?","R_BF","B",null,"M","?","M","?","$","E","R","?","T","T","E","M","?","M","R","B",null,"M","?","?","$","?","R","E","?","T","M","M","R","M","M","R","B",null,"R","$","E","B",null],"character_chosen":"DRUID","items_purchased":["theDruid:PouncingStrike+1","StuffTheSpire:CocoNut","theDruid:NaturalAgility+1","beaked:ShinyBauble","hubris:TenFootPole","Oddly Smooth Stone","Medical Kit","Reflective Coating","Du-Vu Doll"],"campfire_rested":6,"item_purchase_floors":[2,2,22,22,22,38,38,53,53],"current_hp_per_floor":[66,76,76,76,56,56,81,85,95,78,78,73,73,80,80,64,93,73,73,66,66,66,67,97,97,97,97,90,83,83,57,87,64,93,76,76,76,76,76,76,43,51,51,47,25,51,66,53,79,28,72,87,87,55,76],"gold":169,"neow_bonus":"RANDOM_EVENT","is_daily":false,"chose_seed":false,"campfire_upgraded":1,"win_rate":0.0,"timestamp":1608590726,"path_taken":["M","$","?","M","?","E","R","M","T","E","?","?","R","?","R_BF","BOSS","M","?","M","?","$","E","R","?","T","?","E","M","?","M","R","BOSS","M","?","?","$","?","R","E","?","T","M","M","R","M","M","R","BOSS","R","$","E","BOSS"],"items_purchased_type":["Card","Relic","Card","Relic","Relic","Relic","Relic","Potion","Relic"],"build_version":"2020-12-13","purchased_purges":2,"victory":true,"max_hp_per_floor":[75,85,85,85,85,85,85,85,95,95,95,95,95,102,102,102,102,102,102,102,102,102,102,102,102,102,102,102,102,102,102,102,102,102,102,102,87,87,87,87,87,87,87,87,87,87,87,87,87,87,87,87,87,87,87],"card_choices":[{"not_picked":["theDruid:Slingshot+1","theDruid:Prowl+1"],"picked":"theDruid:ThickHide+1","floor":1},{"not_picked":["theDruid:Fortitude+1","theDruid:AstralShield+1"],"picked":"theDruid:FuriousSlash+1","floor":4},{"not_picked":["theDruid:PouncingStrike+1","theDruid:BlessedStrike+1"],"picked":"theDruid:Gore+1","floor":6},{"not_picked":["theDruid:Swipe+1","theDruid:Thornburst+1"],"picked":"theDruid:Untamed+1","floor":8},{"not_picked":["theDruid:ThornStrike+1","theDruid:BlessedStrike+1"],"picked":"theDruid:Recoil+1","floor":10},{"not_picked":["theDruid:BlessedStrike+1","theDruid:Starfall+1"],"picked":"theDruid:PlagueClaw+1","floor":12},{"not_picked":["theDruid:SurvivalInstincts+1","theDruid:HailofThorns+1"],"picked":"theDruid:Restoration+1","floor":16},{"not_picked":["theDruid:Gore+1","theDruid:ThickHide+1"],"picked":"theDruid:ThornStrike+1","floor":18},{"not_picked":["theDruid:TwinStars+1","theDruid:Gore+1","theDruid:Starfall+1"],"picked":"SKIP","floor":20},{"not_picked":["theDruid:ThornStrike+1","theDruid:Adaptation+1","theDruid:WildArmor+1"],"picked":"SKIP","floor":23},{"not_picked":["theDruid:Forage+1","theDruid:BrambleLash+1"],"picked":"theDruid:BloodiedFur+1","floor":28},{"not_picked":["theDruid:IronClaw+1","theDruid:Resupply+1"],"picked":"theDruid:ForestGuard+1","floor":29},{"not_picked":["theDruid:MysticBarrier+1","theDruid:Resupply+1","theDruid:ThornStrike+1"],"picked":"SKIP","floor":31},{"not_picked":["theDruid:Earthquake+1","theDruid:Restoration+1"],"picked":"theDruid:SpiritCall+1","floor":33},{"not_picked":["theDruid:Resupply+1","theDruid:Thornburst+1","theDruid:AstralShield+1"],"picked":"SKIP","floor":35},{"not_picked":["theDruid:IronClaw+1","theDruid:FeralPlants+1"],"picked":"theDruid:ForestsSoul+1","floor":41},{"not_picked":["theDruid:Prowl+1","theDruid:ExposingSlash+1","theDruid:Untamed+1"],"picked":"SKIP","floor":44},{"not_picked":["theDruid:Gore+1","theDruid:LunarScythe+1","theDruid:Resupply+1"],"picked":"SKIP","floor":45},{"not_picked":["theDruid:Gore+1","theDruid:LunarScythe+1","theDruid:Resupply+1"],"picked":"SKIP","floor":45},{"not_picked":["theDruid:AstralShield+1","theDruid:Moonbeam+1"],"picked":"theDruid:Impale+1","floor":47},{"not_picked":["theDruid:Thornburst+1","theDruid:FaerieFire+1","theDruid:Slingshot+1"],"picked":"SKIP","floor":48},{"not_picked":["theDruid:SerratedFlesh+1","theDruid:Gore+1","theDruid:IronClaw+1"],"picked":"SKIP","floor":54}],"player_experience":2295885,"relics_obtained":[{"floor":6,"key":"StuffTheSpire:Experiment12"},{"floor":9,"key":"Strawberry"},{"floor":10,"key":"hubris:SlimyHat"},{"floor":12,"key":"Omamori"},{"floor":23,"key":"Pantograph"},{"floor":26,"key":"jedi:cryingmask"},{"floor":28,"key":"Toy Ornithopter"},{"floor":41,"key":"jedi:crownofsimplicity"},{"floor":43,"key":"Blood Vial"},{"floor":54,"key":"trackpad:AdjectivePendant"}],"event_choices":[{"damage_healed":0,"gold_gain":0,"player_choice":"Simplicity","damage_taken":0,"max_hp_gain":0,"max_hp_loss":0,"event_name":"betterThird:BetterWriting","floor":0,"gold_loss":0},{"damage_healed":0,"gold_gain":0,"player_choice":"RE ","damage_taken":22,"relics_obtained":["halation:AfternoonTea"],"max_hp_gain":0,"max_hp_loss":0,"event_name":"betterSkull:BetterSkull","floor":5,"gold_loss":0,"cards_upgraded":[]},{"damage_healed":0,"gold_gain":0,"player_choice":"3","damage_taken":0,"max_hp_gain":0,"max_hp_loss":0,"event_name":"betterMatch:BetterMatch","floor":11,"gold_loss":0,"cards_obtained":[]},{"damage_healed":0,"gold_gain":0,"player_choice":"Shield","damage_taken":0,"max_hp_gain":5,"max_hp_loss":0,"event_name":"Menagerie:HarrowingRitual","floor":14,"gold_loss":0},{"damage_healed":0,"gold_gain":0,"player_choice":"Ignored","damage_taken":0,"max_hp_gain":0,"max_hp_loss":0,"event_name":"Elementarium:ElementalBlades","floor":19,"gold_loss":0},{"damage_healed":0,"gold_gain":0,"player_choice":"Tanks","damage_taken":0,"max_hp_gain":0,"max_hp_loss":0,"event_name":"Elementarium:IncubationChamber","floor":21,"gold_loss":0},{"damage_healed":0,"gold_gain":0,"player_choice":"Sling","damage_taken":0,"relics_obtained":["Elementarium:HuntersBracer"],"max_hp_gain":0,"max_hp_loss":0,"event_name":"Elementarium:BigGameHunter","floor":25,"gold_loss":114}],"is_beta":false,"boss_relics":[{"not_picked":["vexMod:NewClearReactor","vexMod:ImprovementManual","halation:PinkAlligatorPlush"],"picked":"Replay:Bronze Core"},{"not_picked":["Runic Dome","conspire:SeveredTorchhead","halation:MonkeysPaw"],"picked":"Philosopher\u0027s Stone"}],"items_purged_floors":[2,38],"is_endless":false,"potions_floor_spawned":[4,6,16,20,23,31,33,41,44,47],"ascension_level":10}}