{"host":"y9jgkjnf95sujozk","time":1608561936,"event":{"mods":["2.2 Compatiblity","AchievementEnabler","Act Like it!","BaseMod","Block Reminder","Colored Map","Colored Powertips","Downfall","Friendly Minions","Gensokyo","GifTheSpireLib","Hermit","Highlight Path","HololiveMod","MarisaÅiñ∂âJÅ@ñÇóùçπÅj","Minty Spire (QoL Compilation)","Random Character Button","Rare Cards Sparkle","Replay The Spire","StSLib","SuperFastMode","The Animator","The Bug Knight","The Cursed","The Servant 0.9.4"],"gold_per_floor":[115,126,126,126,136,148,183,183,208,208,218,218,234,12,12,108,108,121,43,43,53,53,53,67,77,77,77,77],"floor_reached":27,"playtime":607,"items_purged":["Replay:Sluggish"],"score":240,"play_id":"2b0d4fe0-22ef-4815-97b4-c1854528936b","local_time":"20201221154536","is_ascension_mode":false,"campfire_choices":[{"floor":8,"key":"REST"},{"floor":10,"key":"REST"},{"floor":15,"key":"REST"},{"data":"Tempest","floor":23,"key":"SMITH"}],"circlet_count":0,"master_deck":["Strike_B+1","Strike_B","Strike_B","Strike_B","Defend_B+1","Defend_B","Defend_B+1","Defend_B","Zap","Dualcast","Redo","Static Discharge","Compile Driver","Darkness","Ball Lightning","Cold Snap","Barrage","Coolheaded","Replay:Sssssssssshield","ReplayUltimateDefense","Biased Cognition","Leap","Chill","Gensokyo:FourOfAKind","Gensokyo:FourOfAKind","Gensokyo:FourOfAKind","Gensokyo:FourOfAKind","Tempest+1","Compile Driver","Redo"],"relics":["Cracked Core","Strawberry","Hololive_LightStick","Pen Nib","ReplayTheSpireMod:CursedCoin","ChewingGum","Bag of Preparation"],"acts_visited":["Exordium","Exordium"],"potions_floor_usage":[7,7,27,27,27],"damage_taken":[{"damage":0,"enemies":"2 Louse","floor":1,"turns":3},{"damage":0,"enemies":"Cultist","floor":2,"turns":3},{"damage":7,"enemies":"Small Slimes","floor":5,"turns":3},{"damage":23,"enemies":"Exordium Wildlife","floor":6,"turns":7},{"damage":19,"enemies":"Gremlin Nob","floor":7,"turns":4},{"damage":9,"enemies":"Exordium Thugs","floor":11,"turns":4},{"damage":0,"enemies":"Red Slaver","floor":13,"turns":3},{"damage":3,"enemies":"Slime Boss","floor":16,"turns":9},{"damage":13,"enemies":"Gensokyo:3_Dogs","floor":18,"turns":5},{"damage":0,"enemies":"Gensokyo:2_Gloops","floor":21,"turns":4},{"damage":40,"enemies":"Gensokyo:Swordslinger","floor":24,"turns":4},{"damage":9,"enemies":"Gensokyo:Wraith","floor":25,"turns":6},{"damage":9,"enemies":"Gensokyo:Monolith_and_Dog","floor":27,"turns":3}],"seed_played":"-8148735543654458610","potions_obtained":[{"floor":5,"key":"SneckoOil"},{"floor":6,"key":"Weak Potion"},{"floor":16,"key":"LiquidMemories"},{"floor":24,"key":"Dexterity Potion"},{"floor":25,"key":"Explosive Potion"}],"is_trial":false,"path_per_floor":["M","M","?","?","M","M","E","R","T","R","M","?","M","$","R","B",null,"M","$","?","M","$","R","M","M","T","M"],"character_chosen":"DEFECT","items_purchased":["ReplayTheSpireMod:CursedCoin","Coolheaded","Replay:Sssssssssshield","ReplayUltimateDefense","Chill"],"campfire_rested":3,"item_purchase_floors":[14,14,14,14,19],"current_hp_per_floor":[75,75,60,60,53,30,18,42,42,66,57,39,39,39,63,60,82,69,69,58,58,58,58,18,9,9,0,0],"gold":77,"neow_bonus":"RANDOM_EVENT","is_daily":false,"chose_seed":false,"campfire_upgraded":1,"win_rate":0.0,"timestamp":1608561936,"path_taken":["M","M","?","?","?","M","E","R","T","R","M","?","M","$","R","BOSS","M","$","?","M","?","R","?","M","T","M"],"items_purchased_type":["Relic","Card","Card","Card","Card"],"build_version":"2020-12-13","purchased_purges":1,"victory":false,"max_hp_per_floor":[75,75,75,75,75,75,82,82,82,82,82,82,82,82,82,82,82,82,82,58,58,58,58,58,58,58,58,58],"card_choices":[{"not_picked":["Rebound","Cold Snap"],"picked":"Redo","floor":1},{"not_picked":["Sweeping Beam","Rip and Tear"],"picked":"Static Discharge","floor":2},{"not_picked":["Melter","Leap"],"picked":"Compile Driver","floor":5},{"not_picked":["Go for the Eyes","Streamline"],"picked":"Darkness","floor":6},{"not_picked":["Turbo","BootSequence"],"picked":"Ball Lightning","floor":7},{"not_picked":["FTL","Redo"],"picked":"Cold Snap","floor":11},{"not_picked":["Auto Shields","All For One"],"picked":"Barrage","floor":13},{"not_picked":["Echo Form","ReplayRNGCard"],"picked":"Biased Cognition","floor":16},{"not_picked":["Rip and Tear","Turbo"],"picked":"Leap","floor":18},{"not_picked":["Conserve Battery+1","Steam"],"picked":"Tempest","floor":21},{"not_picked":["Go for the Eyes+1","Heatsinks"],"picked":"Compile Driver","floor":24},{"not_picked":["Skim+1","Ball Lightning"],"picked":"Redo","floor":25}],"player_experience":119196,"relics_obtained":[{"floor":7,"key":"Strawberry"},{"floor":9,"key":"Hololive_LightStick"},{"floor":26,"key":"Bag of Preparation"}],"event_choices":[{"damage_healed":0,"gold_gain":0,"player_choice":"Entered Light","damage_taken":15,"max_hp_gain":0,"max_hp_loss":0,"event_name":"Shining Light","floor":3,"gold_loss":0,"cards_upgraded":["Strike_B","Defend_B"]},{"damage_healed":0,"gold_gain":0,"player_choice":"Ignored","damage_taken":0,"max_hp_gain":0,"max_hp_loss":0,"event_name":"Purifier","floor":4,"gold_loss":0},{"damage_healed":0,"gold_gain":0,"player_choice":"Success","damage_taken":18,"relics_obtained":["Pen Nib"],"max_hp_gain":0,"max_hp_loss":0,"event_name":"Scrap Ooze","floor":12,"gold_loss":0}],"is_beta":false,"boss_relics":[{"not_picked":["Calling Bell","ReplayTheSpireMod:DimensionalGlitch"],"picked":"ChewingGum"}],"items_purged_floors":[14],"is_endless":false,"potions_floor_spawned":[5,6,16,24,25],"killed_by":"Gensokyo:Monolith_and_Dog","ascension_level":0}}