{"host":"18wi9kpcl4eah7pe","time":1608589290,"event":{"mods":["BaseMod","Colored Powertips","Downfall","Minty Spire (QoL Compilation)","StSLib"],"gold_per_floor":[99,99,84,9,21,6,32,54,88,88,105,555,575,575,592,687,687,687,687,687,717,547,564,564,80,5,40,40,25,44,44,44,144,194,194,194,194,194,219,25,52,80,92,92,92],"floor_reached":43,"playtime":2039,"items_purged":["Pain"],"score":584,"play_id":"04fb0495-8b3b-4970-9354-5b3d78c14d23","local_time":"20201221162130","is_ascension_mode":true,"campfire_choices":[{"floor":1,"key":"RECALL"},{"data":"Guardian:TwinSlam","floor":4,"key":"SMITH"},{"floor":10,"key":"REST"},{"data":"Guardian:RevengeProtocol","floor":18,"key":"SMITH"},{"data":"Guardian:VentSteam","floor":20,"key":"SMITH"},{"floor":26,"key":"REST"},{"data":"Guardian:HyperBeam_Guardian","floor":35,"key":"SMITH"},{"data":"Guardian:DecasProtection","floor":37,"key":"SMITH"}],"circlet_count":0,"master_deck":["Guardian:Strike_Guardian","Guardian:Strike_Guardian","Guardian:Strike_Guardian+1","Guardian:Strike_Guardian","Guardian:Defend_Guardian","Guardian:Defend_Guardian","Guardian:Defend_Guardian","Guardian:Defend_Guardian","Guardian:CurlUp","Guardian:TwinSlam+1","Guardian:BronzeOrb","Guardian:EvasiveProtocol","Guardian:GuardianWhirl+1","Guardian:VentSteam+1","Guardian:ShieldCharger","Slimebound:Icky","Slimebound:Icky","Slimebound:Icky","Guardian:Repulse","Guardian:RevengeProtocol+1","Guardian:DecasProtection+1","Guardian:SpikerProtocol","Guardian:ChargeUp+1","Guardian:PiercingHide","Guardian:Incinerate+1","Guardian:WalkerClaw","Guardian:ChargeUp","Guardian:Recover","Guardian:HyperBeam_Guardian+1","Guardian:TemporalStrike","Pain","expansioncontent:BronzeBeam","expansioncontent:AwakenDeath","expansioncontent:CaCaw","Guardian:TemporalShield+1","Guardian:Planning+1","Guardian:SpikerProtocol","Guardian:SpikerProtocol+1"],"relics":["Guardian:ModeShifter","downfall:HeartBlessingRed","Blood Vial","Odd Mushroom","Bottled Tornado","Philosopher\u0027s Stone","WarpedTongs","CaptainsWheel","Nunchaku","Mango","downfall:HeartBlessingBlue","Whetstone","downfall:RedIOU","Tiny House","Mercury Hourglass","Regal Pillow","MawBank"],"acts_visited":["Exordium","TheCity","TheBeyond"],"potions_floor_usage":[9,16,16,16,21,32,39],"damage_taken":[{"damage":0,"enemies":"downfall:FleeingMerchant","floor":3,"turns":4},{"damage":0,"enemies":"Cultist","floor":5,"turns":3},{"damage":0,"enemies":"downfall:FleeingMerchant","floor":6,"turns":4},{"damage":9,"enemies":"The Mushroom Lair","floor":8,"turns":4},{"damage":12,"enemies":"Gremlin Nob","floor":9,"turns":3},{"damage":0,"enemies":"2 Louse","floor":11,"turns":1},{"damage":0,"enemies":"Small Slimes","floor":13,"turns":2},{"damage":18,"enemies":"Exordium Thugs","floor":15,"turns":6},{"damage":45,"enemies":"downfall:Ironclad","floor":16,"turns":11},{"damage":13,"enemies":"Slavers","floor":21,"turns":8},{"damage":18,"enemies":"downfall:FleeingMerchant","floor":22,"turns":4},{"damage":4,"enemies":"Spheric Guardian","floor":23,"turns":4},{"damage":0,"enemies":"downfall:FleeingMerchant","floor":25,"turns":4},{"damage":22,"enemies":"Book of Stabbing","floor":27,"turns":5},{"damage":7,"enemies":"downfall:FleeingMerchant","floor":29,"turns":4},{"damage":0,"enemies":"Chosen","floor":30,"turns":4},{"damage":0,"enemies":"Centurion and Healer","floor":32,"turns":1},{"damage":17,"enemies":"downfall:Defect","floor":33,"turns":10},{"damage":43,"enemies":"Reptomancer","floor":39,"turns":9},{"damage":22,"enemies":"downfall:FleeingMerchant","floor":40,"turns":4},{"damage":4,"enemies":"Orb Walker","floor":42,"turns":4},{"damage":76,"enemies":"Giant Head","floor":43,"turns":8}],"seed_played":"-678295440968012262","potions_obtained":[{"floor":5,"key":"SteroidPotion"},{"floor":9,"key":"SteroidPotion"},{"floor":11,"key":"Strength Potion"},{"floor":13,"key":"Guardian:BlockOnCardUsePotion"},{"floor":16,"key":"ColorlessPotion"},{"floor":27,"key":"SmokeBomb"},{"floor":30,"key":"sneckomod:MuddlingPotion"},{"floor":33,"key":"DuplicationPotion"},{"floor":34,"key":"BlessingOfTheForge"}],"is_trial":false,"path_per_floor":["R","?","$","R","M","$","T","?","E","R","M","?","M","?","M","B",null,"R","?","R","E","$","M","T","$","R","E","?","$","M","?","M","B",null,"R","?","R","?","E","$","T","M","E"],"character_chosen":"GUARDIAN","items_purchased":["Guardian:SpikerProtocol","Guardian:Gem_Red","Nunchaku","Mango","Guardian:PiercingHide","Guardian:SpikerProtocol","Regal Pillow"],"campfire_rested":2,"item_purchase_floors":[22,22,25,25,25,40,40],"current_hp_per_floor":[80,80,80,80,80,80,80,71,61,80,80,80,80,80,62,19,80,80,80,80,67,51,49,49,65,104,82,82,77,79,104,104,87,109,109,125,125,115,74,54,54,52,0,0,0],"gold":92,"neow_bonus":"RANDOM_COMMON_RELIC","is_daily":false,"chose_seed":false,"campfire_upgraded":5,"win_rate":0.0,"timestamp":1608589290,"path_taken":["R","?","$","R","M","?","T","?","E","R","M","?","M","?","M","BOSS","R","?","R","E","?","?","T","?","R","E","?","?","M","?","M","BOSS","R","?","R","?","E","$","T","M","E"],"items_purchased_type":["Card","Card","Relic","Relic","Card","Card","Relic"],"build_version":"2020-12-13","purchased_purges":1,"victory":false,"max_hp_per_floor":[80,80,80,80,80,80,80,80,80,80,80,80,80,80,80,80,80,80,80,80,80,80,80,80,94,104,104,104,104,104,104,104,104,109,109,125,125,125,125,125,125,125,125,125,125],"card_choices":[{"not_picked":["Guardian:PrismaticBarrier","Guardian:Gem_White"],"picked":"Guardian:BronzeOrb","floor":3},{"not_picked":["Guardian:PiercingHide","Guardian:Incinerate"],"picked":"Guardian:EvasiveProtocol","floor":5},{"not_picked":["Guardian:Gem_Lightblue","Guardian:Reroute"],"picked":"Guardian:Gem_Crimson","floor":6},{"not_picked":["Guardian:PrismaticBarrier","Guardian:ShieldSpikes"],"picked":"Guardian:GuardianWhirl","floor":8},{"not_picked":["Guardian:RollAttack","Guardian:Suspension"],"picked":"Guardian:VentSteam","floor":9},{"not_picked":["Guardian:VentSteam","Guardian:GuardianWhirl"],"picked":"Guardian:ShieldCharger","floor":10},{"not_picked":["Guardian:Incinerate","Guardian:Emergency"],"picked":"Guardian:Gem_Purple","floor":11},{"not_picked":["Guardian:ExploitGems","Guardian:Gem_Purple"],"picked":"Guardian:Repulse","floor":13},{"not_picked":["Guardian:Recover","Guardian:PrimingBeam"],"picked":"Guardian:Gem_Blue","floor":15},{"not_picked":["Guardian:ExploitGems","Guardian:HyperBeam_Guardian"],"picked":"Guardian:RevengeProtocol","floor":16},{"not_picked":["Guardian:Harden+1","Guardian:Gem_Crimson"],"picked":"Guardian:DecasProtection","floor":21},{"not_picked":["Guardian:Gem_Cyan","Guardian:EvasiveProtocol"],"picked":"Guardian:Gem_Lightblue","floor":22},{"not_picked":["Guardian:ShieldCharger","Guardian:TemporalShield+1"],"picked":"Guardian:ChargeUp+1","floor":23},{"not_picked":["Guardian:ConstructionForm","Guardian:Gem_Cyan"],"picked":"Guardian:Gem_Purple","floor":25},{"not_picked":["Guardian:DecasProtection+1","Guardian:Gem_Lightblue"],"picked":"Guardian:Incinerate","floor":26},{"not_picked":["Guardian:PrismaticBarrier","Guardian:PrimingBeam"],"picked":"Guardian:WalkerClaw","floor":27},{"not_picked":["Guardian:GuardianWhirl+1","Guardian:Recover+1"],"picked":"Guardian:ChargeUp","floor":29},{"not_picked":["Guardian:Gem_Blue","Guardian:BronzeOrb"],"picked":"Guardian:Recover","floor":30},{"not_picked":["Guardian:Gem_Synthetic","Guardian:StasisField"],"picked":"Guardian:HyperBeam_Guardian","floor":33},{"not_picked":["Guardian:ChargeCore+1","Guardian:PiercingHide"],"picked":"Guardian:TemporalStrike","floor":34},{"not_picked":["expansioncontent:GoopSpray","expansioncontent:PolyBeam"],"picked":"expansioncontent:BronzeBeam","floor":38},{"not_picked":["expansioncontent:Hexaburn","expansioncontent:PolyBeam"],"picked":"expansioncontent:AwakenDeath","floor":38},{"not_picked":["expansioncontent:DecasProtection","expansioncontent:DonusPower"],"picked":"expansioncontent:CaCaw","floor":38},{"not_picked":["Guardian:WalkerClaw+1","Guardian:Gem_Purple"],"picked":"Guardian:TemporalShield+1","floor":39},{"not_picked":["Guardian:Gem_Green","Guardian:Incinerate"],"picked":"Guardian:Planning+1","floor":40},{"not_picked":["Guardian:Gem_Lightblue","Guardian:VentSteam"],"picked":"Guardian:SpikerProtocol+1","floor":42}],"player_experience":836609,"relics_obtained":[{"floor":7,"key":"Blood Vial"},{"floor":8,"key":"Odd Mushroom"},{"floor":9,"key":"Bottled Tornado"},{"floor":21,"key":"CaptainsWheel"},{"floor":27,"key":"Whetstone"},{"floor":39,"key":"Mercury Hourglass"},{"floor":41,"key":"MawBank"}],"event_choices":[{"damage_healed":0,"gold_gain":0,"player_choice":"Fought Mushrooms","damage_taken":0,"max_hp_gain":0,"max_hp_loss":0,"event_name":"Mushrooms","floor":8,"gold_loss":0},{"damage_healed":34,"gold_gain":0,"player_choice":"Heal","damage_taken":0,"max_hp_gain":0,"max_hp_loss":0,"event_name":"The Library","floor":31,"gold_loss":0}],"is_beta":false,"boss_relics":[{"not_picked":["Pandora\u0027s Box","Snecko Eye"],"picked":"Philosopher\u0027s Stone"},{"not_picked":["Runic Pyramid","Astrolabe"],"picked":"Tiny House"}],"items_purged_floors":[22],"is_endless":false,"potions_floor_spawned":[5,9,11,13,16,27,30,33],"killed_by":"Giant Head","ascension_level":1}}