{"host":"c1oza4x7xlyuasvd","time":1608536140,"event":{"mods":["ATMod(°¢èªMod)","Act Like it!","BaseMod","Better Vampires","Colored Powertips","Friendly Minions","Gensokyo","Koishi","Marisa£¨ìFÓê¡¡Ä§ÀíÉ³£©","Minty Spire (QoL Compilation)","MostiFishMod","Pale of the Ancients","Reimu£¨²©ÀöÁéÃÎ£©","Replay The Spire","RumiaBox-Â¶Ã×æ«µÄÉñÃØºÐ×Ó","StSLib","TestMod","The Administrix","The Alterego","The Bug Knight","The Servant 0.9.4","Waifu the Spire","Youmu£¨»êÆÇÑýÃÎ£©","¡¾¹¦ÄÜMod¡¿»ìãçÖ®»·ÐÞ¸´²¹¶¡","¡¾ÒÅÎï¿¨ÅÆ¡¿REMEMod"],"gold_per_floor":[114,114,132,57,67,67,96,96,164,178,188,218,218,234,234,331,331,344,264,264],"floor_reached":19,"playtime":912,"items_purged":["alterego_mod:Strike","Pain"],"score":279,"play_id":"187cf9ce-4637-43f2-932f-c3142aeada80","local_time":"20201221153540","is_ascension_mode":false,"campfire_choices":[{"data":"alterego_mod:Impale","floor":6,"key":"SMITH"},{"data":"MostiFishMod:Hijack","floor":8,"key":"SMITH"},{"data":"alterego_mod:GachaTicket","floor":15,"key":"SMITH"}],"circlet_count":0,"master_deck":["alterego_mod:Strike","alterego_mod:Strike","alterego_mod:Strike","alterego_mod:Defend","alterego_mod:Defend","alterego_mod:Defend","alterego_mod:Defend","alterego_mod:Impale+1","alterego_mod:BigMeatyClaws","alterego_mod:BrynhildrsRune","AT_FamilyPortrait","MostiFishMod:DisColor","alterego_mod:Stockings","MostiFishMod:PreservedThorns","testmod-LimitFlipper","MostiFishMod:Hijack+1","alterego_mod:GachaTicket+1","MostiFishMod:IntelligentEquipment","AdministrixMod:WifeLightning","AT_EmpoweredMortalDraw","Hidden Blade+1"],"relics":["alterego_mod:MasochisticConstitution","testmod-TestBox","AT_ATBox","DaveBox","REME_ComplimentaryCards","testmod-ObsoleteBoomerang","xbg","NeowsBlessing","Question Card","PrismaticShard","Boot","ReplayTheSpireMod:TigerMarble","WarpedTongs","ImportantClient","AT_MortalBlade"],"acts_visited":["Exordium","TheCity"],"potions_floor_usage":[12],"damage_taken":[{"damage":0.0,"enemies":"Jaw Worm","floor":1.0,"turns":1.0},{"damage":0.0,"enemies":"Cultist","floor":3.0,"turns":1.0},{"damage":0,"enemies":"Small Slimes","floor":5,"turns":1},{"damage":0,"enemies":"Gremlin Nob","floor":7,"turns":2},{"damage":0,"enemies":"Blue Slaver","floor":10,"turns":2},{"damage":0,"enemies":"2 Fungi Beasts","floor":11,"turns":1},{"damage":0,"enemies":"Replay:BlueRogue","floor":12,"turns":1},{"damage":0,"enemies":"Looter","floor":14,"turns":1},{"damage":4,"enemies":"Slime Boss","floor":16,"turns":4},{"damage":2,"enemies":"Shell Parasite","floor":18,"turns":2}],"seed_played":"1816999229834856126","potions_obtained":[{"floor":5,"key":"Toxic Potion"},{"floor":7,"key":"ColorlessPotion"},{"floor":10,"key":"testmod-TimePotion"},{"floor":18,"key":"Milkshake"}],"is_trial":false,"path_per_floor":["M","?","M","$","M","R","E","R","T","M","M","E","?","M","R","B",null,"M","$"],"character_chosen":"The_Alterego","items_purchased":[],"campfire_rested":0,"item_purchase_floors":[],"current_hp_per_floor":[70,70,70,70,70,70,70,70,70,70,70,70,70,70,70,71,71,70,70,70],"gold":264,"neow_bonus":"THREE_ENEMY_KILL","is_daily":false,"chose_seed":false,"campfire_upgraded":3,"win_rate":0.0,"timestamp":1608536140,"path_taken":["M","?","M","$","M","R","E","R","T","?","M","E","?","?","R","BOSS","M","$"],"items_purchased_type":[],"build_version":"2020-12-13","purchased_purges":2,"victory":false,"max_hp_per_floor":[70,70,70,70,70,70,70,70,70,70,70,70,70,70,70,71,71,72,72,72],"card_choices":[{"not_picked":["alterego_mod:GoddessCore","alterego_mod:Maid"],"picked":"alterego_mod:Stockings","floor":1.0},{"not_picked":["animator:MumenRider","Spin","Koishi:RorschachInDanmaku"],"picked":"MostiFishMod:PreservedThorns","floor":3.0},{"not_picked":["Lockon","alterego_mod:Cooking","BowlingBash"],"picked":"testmod-LimitFlipper","floor":5},{"not_picked":["BasicCrystalCard","Anger","REME_ShortnessOfBreath"],"picked":"MostiFishMod:Hijack","floor":7},{"not_picked":["TightArray:ReiMu","HollowMod:MawleksShell","alterego_mod:DeftHands"],"picked":"alterego_mod:GachaTicket","floor":10},{"not_picked":["alterego_mod:Mirror","Underhanded Strike","Clash","Consecrate"],"picked":"SKIP","floor":11},{"not_picked":["AT_EMC2","ReplaySolidLightProjector","InherentArray:ReiMu"],"picked":"MostiFishMod:IntelligentEquipment","floor":12},{"not_picked":["Storm","SanzenSekai","MagicAbsorber","CrushJoints"],"picked":"SKIP","floor":14},{"not_picked":["MostiFishMod:DisColor","testmod-Reproduce","MostiFishMod:Nomercy"],"picked":"AdministrixMod:WifeLightning","floor":16},{"not_picked":["AdministrixMod:RegentEdict","AdministrixMod:LightOfYourLife+1","Potential"],"picked":"Hidden Blade+1","floor":18}],"player_experience":189825,"relics_obtained":[{"floor":1.0,"key":"Question Card"},{"floor":1.0,"key":"PrismaticShard"},{"floor":7,"key":"Boot"},{"floor":12,"key":"ReplayTheSpireMod:TigerMarble"},{"floor":16,"key":"ImportantClient"}],"event_choices":[{"cards_removed":["Iron Wave"],"damage_healed":0.0,"max_hp_gain":0.0,"max_hp_loss":0.0,"gold_gain":0.0,"event_name":"NoteForYourself","player_choice":"Took Card","floor":2.0,"gold_loss":0.0,"damage_taken":0.0,"cards_obtained":["Iron Wave"]},{"damage_healed":0,"gold_gain":0,"player_choice":"Rummage","damage_taken":0,"relics_obtained":["WarpedTongs"],"max_hp_gain":0,"max_hp_loss":0,"event_name":"Accursed Blacksmith","floor":13,"gold_loss":0,"cards_obtained":["Pain"]}],"is_beta":false,"boss_relics":[{"not_picked":["ShadowXiaoBlade","GreenFoldingFan"],"picked":"AT_MortalBlade"}],"items_purged_floors":[4,19],"is_endless":false,"potions_floor_spawned":[5,7,10,16,18],"ascension_level":0}}