{"host":"v4s5k3c6jywmeofl","time":1608519225,"event":{"mods":["Act Like it!","BaseMod","Colored Map","Downfall","Gensokyo","Hallownest","Hermit","Marisa????????","Minty Spire (QoL Compilation)","Quick Restart","Random Character Button","Rare Cards Sparkle","Replay The Spire","StSLib","The Animator","The Bug Knight","The Cursed","The Hierophant","The Servant 0.9.4"],"gold_per_floor":[110,110,40,52,52,52,52,84,84,110,110,129,209,240,240,260,260,355,355,370,430,340,358,67,67,84,115,115,115,115],"floor_reached":29,"playtime":1735,"items_purged":[],"score":259,"play_id":"02bfc6b9-a9ba-45b7-8057-b7ca8b96b4e6","local_time":"20201220215345","is_ascension_mode":false,"campfire_choices":[{"data":"HollowMod:PureNailStrike","floor":9,"key":"SMITH"},{"floor":15,"key":"REST"},{"floor":17,"key":"REST"},{"floor":25,"key":"REST"}],"circlet_count":0,"master_deck":["HollowMod:NailStrikeStart","HollowMod:NailStrikeStart","HollowMod:NailStrikeStart","HollowMod:NailStrikeStart","HollowMod:QuickDashStart","HollowMod:QuickDashStart","HollowMod:QuickDashStart","HollowMod:FocusHealStart","HollowMod:PogoStrike","HollowMod:VengefulSpirit","HollowMod:PureNailStrike+1","HollowMod:HeavyBlow","HollowMod:HornetsHelp","HollowMod:CloakDash","HollowMod:CornifersMapStart","HollowMod:DashSlash+1","HollowMod:CycloneSlash","HollowMod:PureVessel","AbeCurse","HollowMod:GoodIntentions+1","HollowMod:SoulEater","HollowMod:SoulStrike+1","HollowMod:ZotesMagnificence","HollowMod:SoulEater","HollowMod:DesolateDive"],"relics":["HollowMod:VesselMask","Centennial Puzzle","HornCleat","HollowMod:LumaflyLanternRelic","Replay:Wax Seal","Abe\u0027s Treasure","HollowMod:MantisClawRelic","HollowMod:MillibellesNoteRelic","HollowMod:PaleOreRelic","Pondfish Scales"],"acts_visited":["Exordium","TheCity"],"potions_floor_usage":[29],"damage_taken":[{"damage":1,"enemies":"Cultist","floor":1,"turns":3},{"damage":1,"enemies":"Jaw Worm","floor":4,"turns":3},{"damage":9,"enemies":"Replay:BlueRogue","floor":8,"turns":6},{"damage":6,"enemies":"Gremlin Nob","floor":10,"turns":4},{"damage":0,"enemies":"2 Louse","floor":12,"turns":2},{"damage":30,"enemies":"3 Sentries","floor":14,"turns":7},{"damage":18,"enemies":"Large Slime","floor":16,"turns":6},{"damage":49,"enemies":"HollowMod:FalseKnight","floor":18,"turns":13},{"damage":25,"enemies":"2 Thieves","floor":20,"turns":5},{"damage":4,"enemies":"3 Byrds","floor":23,"turns":4},{"damage":16,"enemies":"Centurion and Healer","floor":26,"turns":6},{"damage":41,"enemies":"HollowMod:Nosk","floor":27,"turns":8},{"damage":42,"enemies":"Snake Plant","floor":29,"turns":5}],"seed_played":"-4119368788358478385","potions_obtained":[{"floor":0,"key":"champ:CounterPotion"},{"floor":0,"key":"sneckomod:MuddlingPotion"},{"floor":0,"key":"SneckoOil"}],"is_trial":false,"path_per_floor":["M","?","$","M","?","PTL","PTL","E","R","E","T","M","?","E","R","M","R","B",null,"M","?","?","M","$","R","M","E","T","M"],"character_chosen":"THE_BUGKNIGHT","items_purchased":["HollowMod:PureNailStrike","HollowMod:MillibellesNoteRelic","HollowMod:ZotesMagnificence","HollowMod:SoulEater"],"campfire_rested":3,"item_purchase_floors":[3,24,24,24],"current_hp_per_floor":[74,79,79,78,78,78,78,69,69,63,63,63,63,39,63,51,75,38,80,55,55,55,51,51,75,65,30,30,0,0],"gold":115,"neow_bonus":"THREE_SMALL_POTIONS","is_daily":false,"chose_seed":false,"campfire_upgraded":1,"win_rate":0.0,"timestamp":1608519225,"path_taken":["M","?","$","M","?","PTL","PTL","E","R","E","T","M","?","E","R","M","R","BOSS","M","?","?","M","$","R","?","E","T","M"],"items_purchased_type":["Card","Relic","Card","Card"],"build_version":"2020-12-13","purchased_purges":0,"victory":false,"max_hp_per_floor":[75,80,80,80,80,80,80,80,80,80,80,80,80,80,80,80,80,80,80,80,80,80,80,80,80,80,80,80,80,80],"card_choices":[{"not_picked":["HollowMod:NewLittleFool","HollowMod:SiblingsSouls"],"picked":"HollowMod:VengefulSpirit","floor":1},{"not_picked":["HollowMod:TaintedHusks","HollowMod:SharpenedNail"],"picked":"HollowMod:HeavyBlow","floor":4},{"not_picked":["HollowMod:DungDefenderAura","HollowMod:VengefulVoid"],"picked":"HollowMod:HornetsHelp","floor":8},{"not_picked":["HollowMod:VengefulVoid","HollowMod:HowlingWraiths"],"picked":"HollowMod:CloakDash","floor":10},{"not_picked":["HollowMod:InfectedCysts","HollowMod:HeavyBlow"],"picked":"HollowMod:CornifersMapStart","floor":12},{"not_picked":["HollowMod:PerfectDash","HollowMod:BlackTendrils"],"picked":"HollowMod:DashSlash","floor":14},{"not_picked":["HollowMod:SiblingsSouls","HollowMod:DoubleDash"],"picked":"HollowMod:CycloneSlash","floor":16},{"not_picked":["HollowMod:Hiveblood","HollowMod:AwokenDreamNail"],"picked":"HollowMod:PureVessel","floor":18},{"not_picked":["HollowMod:FallenFury","HollowMod:HeavyBlow"],"picked":"HollowMod:GoodIntentions+1","floor":20},{"not_picked":["HollowMod:DoubleDash","HollowMod:MawleksShell"],"picked":"HollowMod:SoulEater","floor":21},{"not_picked":["HollowMod:SharpenedShadows","HollowMod:ShadowDash"],"picked":"HollowMod:SoulStrike+1","floor":23},{"not_picked":["HollowMod:TaintedHusks","HollowMod:NewJinnsSoul"],"picked":"HollowMod:DesolateDive","floor":26},{"not_picked":["HollowMod:InfectedCysts+1","HollowMod:SiblingsSouls","HollowMod:VengefulVoid"],"picked":"SKIP","floor":27}],"player_experience":120920,"relics_obtained":[{"floor":8,"key":"Centennial Puzzle"},{"floor":10,"key":"HornCleat"},{"floor":11,"key":"HollowMod:LumaflyLanternRelic"},{"floor":14,"key":"Replay:Wax Seal"},{"floor":21,"key":"HollowMod:MantisClawRelic"},{"floor":27,"key":"HollowMod:PaleOreRelic"},{"floor":28,"key":"Pondfish Scales"}],"event_choices":[{"damage_healed":0,"gold_gain":0,"player_choice":"Donut","damage_taken":0,"max_hp_gain":5,"max_hp_loss":0,"event_name":"Big Fish","floor":2,"gold_loss":0},{"cards_removed":["HollowMod:QuickDashStart"],"damage_healed":0,"gold_gain":0,"player_choice":"Upgrade and Remove","damage_taken":0,"max_hp_gain":0,"max_hp_loss":0,"event_name":"Designer","floor":22,"gold_loss":90,"cards_upgraded":["HollowMod:DashSlash"]}],"is_beta":false,"boss_relics":[{"not_picked":["Replay:Drink Me","Astrolabe"],"picked":"Abe\u0027s Treasure"}],"items_purged_floors":[],"is_endless":false,"potions_floor_spawned":[4,8,12,20,26],"killed_by":"Snake Plant","ascension_level":0}}