{"host":"qfskrnw3pl1q86j0","time":1608573938,"event":{"mods":["BaseMod","Block Reminder","Hermit","Marisa????????","Minty Spire (QoL Compilation)","Quick Restart","Random Character Button","StSLib","The Poker Player","slay the spire mod where everything is the same but ironclad has a cowboy hat"],"gold_per_floor":[110,110,120,132,10,10,36,36,36,69,69,69,69,79,79,183,183,201,218,229,80,100,100,116,116,116,116,116,126,141,141,141,244,244,244],"floor_reached":34,"playtime":971,"items_purged":["Strike_B","Strike_B"],"score":387,"play_id":"096df350-9b53-4fa8-83f2-30ac21cf18dc","local_time":"20201221190538","is_ascension_mode":false,"campfire_choices":[{"data":"Zap","floor":6.0,"key":"SMITH"},{"data":"Dualcast","floor":8.0,"key":"SMITH"},{"data":"Streamline","floor":13.0,"key":"SMITH"},{"data":"Beam Cell","floor":15,"key":"SMITH"},{"data":"Streamline","floor":23,"key":"SMITH"},{"data":"Go for the Eyes","floor":25,"key":"SMITH"},{"data":"Hologram","floor":28,"key":"SMITH"},{"data":"Dramatic Entrance","floor":32,"key":"SMITH"}],"circlet_count":0,"master_deck":["Strike_B","Defend_B","Defend_B","Defend_B","Defend_B","Zap+1","Dualcast+1","Dramatic Entrance+1","Beam Cell+1","Streamline+1","Streamline+1","Machine Learning","Go for the Eyes+1","Echo Form","Beam Cell+1","Rebound","Steam","Hologram+1","Core Surge","Decay","Pain","Undo+1"],"relics":["Cracked Core","Bird Faced Urn","Kunai","Bottled Flame","Meat on the Bone","Cursed Key","HornCleat","MutagenicStrength","Matryoshka","Astrolabe"],"acts_visited":["Exordium","TheCity"],"potions_floor_usage":[18,19,33,33,33],"damage_taken":[{"damage":0.0,"enemies":"Small Slimes","floor":1.0,"turns":1.0},{"damage":0.0,"enemies":"Cultist","floor":3.0,"turns":3.0},{"damage":0.0,"enemies":"2 Louse","floor":4.0,"turns":1.0},{"damage":0.0,"enemies":"Gremlin Nob","floor":7.0,"turns":2.0},{"damage":13.0,"enemies":"Lagavulin","floor":10.0,"turns":3.0},{"damage":1,"enemies":"Blue Slaver","floor":14,"turns":3},{"damage":22,"enemies":"The Guardian","floor":16,"turns":8},{"damage":9,"enemies":"Shell Parasite","floor":18,"turns":4},{"damage":0,"enemies":"Spheric Guardian","floor":19,"turns":3},{"damage":17,"enemies":"Cultist and Chosen","floor":20,"turns":4},{"damage":22,"enemies":"Sentry and Sphere","floor":22,"turns":4},{"damage":12,"enemies":"Shelled Parasite and Fungi","floor":24,"turns":3},{"damage":17,"enemies":"Centurion and Healer","floor":29,"turns":5},{"damage":2,"enemies":"3 Cultists","floor":30,"turns":4},{"damage":76,"enemies":"Champ","floor":33,"turns":10}],"seed_played":"8598489577854927967","potions_obtained":[{"floor":2.0,"key":"GamblersBrew"},{"floor":2.0,"key":"EssenceOfDarkness"},{"floor":2.0,"key":"AttackPotion"},{"floor":3.0,"key":"Regen Potion"},{"floor":7.0,"key":"Explosive Potion"},{"floor":14,"key":"LiquidMemories"},{"floor":20,"key":"Regen Potion"},{"floor":22,"key":"DuplicationPotion"},{"floor":33,"key":"SmokeBomb"}],"is_trial":false,"path_per_floor":["M","?","M","M","$","R","E","R","T","E","?","T","R","M","R","B",null,"M","M","M","$","M","R","M","R","T","?","R","M","M","?","R","B",null],"character_chosen":"DEFECT","items_purchased":["Streamline","Hologram"],"campfire_rested":0,"item_purchase_floors":[5,21],"current_hp_per_floor":[75,75,75,75,75,75,75,75,75,62,62,62,62,61,61,41,75,68,68,53,53,47,47,49,49,49,49,49,44,44,44,44,36,36,36],"gold":244,"neow_bonus":"RANDOM_COLORLESS","is_daily":false,"chose_seed":false,"campfire_upgraded":8,"win_rate":0.0,"timestamp":1608573938,"path_taken":["M","?","M","M","?","R","E","R","T","E","?","?","R","M","R","BOSS","M","M","M","$","M","R","M","R","T","?","R","M","M","?","R","BOSS"],"items_purchased_type":["Card","Card"],"build_version":"2020-12-13","purchased_purges":2,"victory":false,"max_hp_per_floor":[75,75,75,75,75,75,75,75,75,75,75,75,75,75,75,75,75,75,75,75,75,75,75,75,75,75,75,75,75,75,75,75,75,75,75],"card_choices":[{"not_picked":["Forethought","Enlightenment"],"picked":"Dramatic Entrance","floor":0.0},{"not_picked":["Undo","Stack"],"picked":"Beam Cell","floor":1.0},{"not_picked":["Steam","Glacier"],"picked":"Streamline","floor":3.0},{"not_picked":["Scrape","Turbo","Compile Driver"],"picked":"SKIP","floor":4.0},{"not_picked":["Stack","Go for the Eyes"],"picked":"Machine Learning","floor":7.0},{"not_picked":["Genetic Algorithm","Aggregate","Conserve Battery"],"picked":"SKIP","floor":10.0},{"not_picked":["Genetic Algorithm","Aggregate","Conserve Battery"],"picked":"SKIP","floor":10.0},{"not_picked":["Genetic Algorithm","Aggregate","Conserve Battery"],"picked":"SKIP","floor":10.0},{"not_picked":["Ball Lightning","Force Field"],"picked":"Go for the Eyes","floor":14},{"not_picked":["Thunder Strike","Fission"],"picked":"Echo Form","floor":16},{"not_picked":["Leap","Streamline+1"],"picked":"Beam Cell+1","floor":18},{"not_picked":["Aggregate+1","Ball Lightning"],"picked":"Rebound","floor":19},{"not_picked":["Stack","Rebound+1"],"picked":"Steam","floor":20},{"not_picked":["Compile Driver","Stack","Barrage+1"],"picked":"SKIP","floor":22},{"not_picked":["Cold Snap","Hologram+1","Chill+1"],"picked":"SKIP","floor":24},{"not_picked":["Gash","Compile Driver","Genetic Algorithm+1"],"picked":"SKIP","floor":29},{"not_picked":["Turbo","White Noise","Streamline"],"picked":"SKIP","floor":30},{"not_picked":["Amplify","Reboot"],"picked":"Core Surge","floor":33}],"player_experience":855795,"relics_obtained":[{"floor":7.0,"key":"Bird Faced Urn"},{"floor":9.0,"key":"Kunai"},{"floor":10.0,"key":"Bottled Flame"},{"floor":12.0,"key":"Meat on the Bone"},{"floor":26,"key":"HornCleat"}],"event_choices":[{"damage_healed":0.0,"max_hp_gain":0.0,"max_hp_loss":0.0,"gold_gain":0.0,"event_name":"Lab","player_choice":"Got Potions","floor":2.0,"gold_loss":0.0,"damage_taken":0.0},{"damage_healed":0.0,"max_hp_gain":0.0,"max_hp_loss":0.0,"gold_gain":0.0,"event_name":"Liars Game","player_choice":"Ignored","floor":11.0,"gold_loss":0.0,"damage_taken":0.0},{"damage_healed":0,"gold_gain":0,"player_choice":"Inject Mutagens","damage_taken":0,"relics_obtained":["MutagenicStrength"],"max_hp_gain":0,"max_hp_loss":0,"event_name":"Drug Dealer","floor":27,"gold_loss":0},{"damage_healed":0,"gold_gain":0,"player_choice":"Opened","damage_taken":0,"relics_obtained":["Matryoshka"],"max_hp_gain":0,"max_hp_loss":0,"event_name":"The Mausoleum","floor":31,"gold_loss":0,"cards_obtained":["Writhe"]}],"is_beta":false,"boss_relics":[{"not_picked":["Philosopher\u0027s Stone","Empty Cage"],"picked":"Cursed Key"},{"not_picked":["FrozenCore","Calling Bell"],"picked":"Astrolabe"}],"items_purged_floors":[5,21],"is_endless":false,"potions_floor_spawned":[3,7,14,20,22,30,33],"ascension_level":0}}