{"host":"zh06ha8197vgjo02","time":1608540636,"event":{"mods":["AchievementEnabler","Arknights The Spire","BaseMod","Better Skull","CapriCore","DeckTracker","GifTheSpireLib","Hermit","Koishi","Marisa£¨Ùöéë¡¡Øª×âÞÞ£©","Minty Spire (QoL Compilation)","Reimu£¨ÚÏ???£©","StSLib","SuperFastMode","Td1madao Mod","The Cursed","The Immortal","TheBandit","WarShipGirlsR/??á´Ò³R mod"],"gold_per_floor":[369,386,386,154,173,173,273,283,283,283,296,315,348,359,359,455,455,443,462,462,462,221,221,233,233,233,233,233,84,116,116,116,217,217,235,235,255,255,255],"floor_reached":38,"playtime":1875,"items_purged":["Strike_C"],"score":419,"play_id":"62e639e0-ffeb-4e0e-a23a-ba47d64bf507","local_time":"20201221175036","is_ascension_mode":false,"campfire_choices":[{"data":"Afterwards","floor":6,"key":"SMITH"},{"floor":15,"key":"REST"},{"data":"Break Into","floor":23,"key":"SMITH"},{"data":"Im Angry","floor":25,"key":"SMITH"},{"data":"Reflection Mechanism","floor":27,"key":"SMITH"},{"floor":32,"key":"REST"}],"circlet_count":0,"master_deck":["Strike_C","Strike_C","Knight Kick","Chip","Fire Up","Black Shadow","Afterwards+1","Fire Up","Energy Supply","Reflection Mechanism+1","Break Into+1","Im Angry+1","Gravity Defend","Floating Swing Kick","Load Balancing","Decay","Defend System","Backup","Defend System+1","Madness","Madness"],"relics":["Apod","Medical Kit","CrazyTorch:ReiMu","Centennial Puzzle","Funny","Empty Cage","Girl Clothes","Ice Cream","Dream Catcher","Pen Nib","Bird Faced Urn","SlaversCollar"],"acts_visited":["Exordium","TheCity","TheBeyond"],"potions_floor_usage":[8,13,16,16,30,33,37],"damage_taken":[{"damage":0,"enemies":"2 Louse","floor":1,"turns":3},{"damage":0,"enemies":"Cultist","floor":2,"turns":4},{"damage":0,"enemies":"Small Slimes","floor":5,"turns":3},{"damage":2,"enemies":"3 Louse","floor":8,"turns":3},{"damage":2,"enemies":"2 Fungi Beasts","floor":11,"turns":5},{"damage":20,"enemies":"Exordium Thugs","floor":12,"turns":4},{"damage":22,"enemies":"3 Sentries","floor":13,"turns":11},{"damage":2,"enemies":"Large Slime","floor":14,"turns":5},{"damage":23,"enemies":"Slime Boss","floor":16,"turns":12},{"damage":20,"enemies":"2 Thieves","floor":18,"turns":4},{"damage":12,"enemies":"Spheric Guardian","floor":19,"turns":6},{"damage":3,"enemies":"Snake Plant","floor":24,"turns":5},{"damage":17,"enemies":"Slavers","floor":30,"turns":9},{"damage":12,"enemies":"Champ","floor":33,"turns":8},{"damage":4,"enemies":"3 Shapes","floor":35,"turns":8},{"damage":51,"enemies":"3 Darklings","floor":37,"turns":11},{"damage":19,"enemies":"4 Shapes","floor":38,"turns":2}],"seed_played":"-8935212776071690456","potions_obtained":[{"floor":1,"key":"ZuzhouPotion:ReiMu"},{"floor":2,"key":"EssenceOfSteel"},{"floor":5,"key":"Energy Potion"},{"floor":12,"key":"Fire Potion"},{"floor":18,"key":"EssenceOfSteel"},{"floor":30,"key":"CultistPotion"},{"floor":33,"key":"Block Potion"},{"floor":35,"key":"SteroidPotion"}],"is_trial":false,"path_per_floor":["M","M","?","$","M","R","?","M","T","?","M","M","E","M","R","B",null,"M","M","?","?","$","R","M","R","T","R","?","$","E","?","R","B",null,"M","?","M","M"],"character_chosen":"TD1MADAO_CLASS","items_purchased":["Medical Kit","Girl Clothes","Pen Nib"],"campfire_rested":2,"item_purchase_floors":[4,22,29],"current_hp_per_floor":[63,63,63,63,63,63,63,61,61,54,52,32,10,8,26,3,63,43,31,31,31,31,31,28,28,28,28,28,28,11,11,29,23,63,63,55,12,0,0],"gold":255,"neow_bonus":"TWO_FIFTY_GOLD","is_daily":false,"chose_seed":false,"campfire_upgraded":4,"win_rate":0.0,"timestamp":1608540636,"path_taken":["M","M","?","$","?","R","?","?","T","?","M","M","E","M","R","BOSS","M","M","?","?","$","R","?","R","T","R","?","$","E","?","R","BOSS","M","?","M","M"],"items_purchased_type":["Relic","Relic","Relic"],"build_version":"2020-12-13","purchased_purges":1,"victory":false,"max_hp_per_floor":[63,63,63,63,63,63,63,63,63,63,63,63,63,63,63,63,63,63,63,63,63,63,63,63,63,63,63,63,63,63,63,63,63,63,63,63,63,63,63],"card_choices":[{"not_picked":["Weapon Shift","Afterwards"],"picked":"Fire Up","floor":1},{"not_picked":["Perfect Defend","Reinforcement Parts"],"picked":"Black Shadow","floor":2},{"not_picked":["Recovery Mechanism","Floating Even","Afterwards"],"picked":"SKIP","floor":5},{"not_picked":["White Contract","Black Shadow"],"picked":"Fire Up","floor":8},{"not_picked":["Reinforcement Parts","Rupture","White Contract"],"picked":"SKIP","floor":11},{"not_picked":["Light Attack","Lunge"],"picked":"Energy Supply","floor":12},{"not_picked":["Chip Synthesis","Cursed Blade"],"picked":"Reflection Mechanism","floor":13},{"not_picked":["Sub Weapons","Reflection Mechanism"],"picked":"Break Into","floor":14},{"not_picked":["Chip Synthesis","Bursts"],"picked":"Im Angry","floor":16},{"not_picked":["Black Hand","Machining","Trader"],"picked":"SKIP","floor":18},{"not_picked":["Here Defend Chip","Black Dance","Lunge"],"picked":"SKIP","floor":19},{"not_picked":["Fire Up","Energy Supply+1","Provocative+1"],"picked":"SKIP","floor":24},{"not_picked":["Afterwards+1","Three Hit","Black Execution"],"picked":"SKIP","floor":30},{"not_picked":["Cursed Blade+1","White Contract"],"picked":"Defend System","floor":32},{"not_picked":["Retrieval Recycling","Moon Tear"],"picked":"Backup","floor":33},{"not_picked":["White Contract+1","Cursed Blade+1"],"picked":"Defend System+1","floor":35},{"not_picked":["Paralysis+1","Resistance+1","Perfect Defend"],"picked":"SKIP","floor":37}],"player_experience":724941,"relics_obtained":[{"floor":9,"key":"CrazyTorch:ReiMu"},{"floor":13,"key":"Funny"},{"floor":26,"key":"Ice Cream"},{"floor":30,"key":"Bird Faced Urn"}],"event_choices":[{"damage_healed":0,"gold_gain":0,"cards_transformed":["Strike_C"],"player_choice":"Transformed","damage_taken":0,"max_hp_gain":0,"max_hp_loss":0,"event_name":"Transmorgrifier","floor":3,"gold_loss":0,"cards_obtained":["Afterwards"]},{"damage_healed":0,"gold_gain":100,"player_choice":"Gold","damage_taken":0,"max_hp_gain":0,"max_hp_loss":0,"event_name":"Wheel of Change","floor":7,"gold_loss":0},{"damage_healed":0,"gold_gain":0,"player_choice":"Success","damage_taken":7,"relics_obtained":["Centennial Puzzle"],"max_hp_gain":0,"max_hp_loss":0,"event_name":"Scrap Ooze","floor":10,"gold_loss":0},{"damage_healed":0,"gold_gain":0,"cards_transformed":["Defend_C","Defend_C"],"player_choice":"Became Test Subject","damage_taken":0,"max_hp_gain":0,"max_hp_loss":0,"event_name":"Drug Dealer","floor":20,"gold_loss":0,"cards_obtained":["Gravity Defend","Floating Swing Kick"]},{"damage_healed":0,"gold_gain":0,"player_choice":"Read","damage_taken":0,"max_hp_gain":0,"max_hp_loss":0,"event_name":"The Library","floor":21,"gold_loss":0,"cards_obtained":["Load Balancing"]},{"damage_healed":0,"gold_gain":0,"player_choice":"Opened","damage_taken":0,"relics_obtained":["Dream Catcher"],"max_hp_gain":0,"max_hp_loss":0,"event_name":"The Mausoleum","floor":28,"gold_loss":0},{"damage_healed":0,"gold_gain":0,"player_choice":"Smashed Altar","damage_taken":0,"max_hp_gain":0,"max_hp_loss":0,"event_name":"Forgotten Altar","floor":31,"gold_loss":0,"cards_obtained":["Decay"]},{"damage_healed":0,"gold_gain":0,"player_choice":"Embrace Madness","damage_taken":8,"max_hp_gain":0,"max_hp_loss":0,"event_name":"Winding Halls","floor":36,"gold_loss":0,"cards_obtained":["Madness","Madness"]}],"is_beta":false,"boss_relics":[{"not_picked":["SacredBark","Foreshadowing"],"picked":"Empty Cage"},{"not_picked":["Philosopher\u0027s Stone","Runic Pyramid"],"picked":"SlaversCollar"}],"items_purged_floors":[4],"is_endless":false,"potions_floor_spawned":[1,2,5,12,18,30,33,35],"killed_by":"4 Shapes","ascension_level":0}}