{"host":"iml8x8es9od4zowg","time":1608554049,"event":{"mods":["BaseMod","Minty Spire (QoL Compilation)","StSLib","The Jungle","¡¼?Úª?ø«¡½REMEMod"],"gold_per_floor":[110,126,126,16,191,223,264,299,299,331,375,375,84,84,84,238,238,282,314,314,314,341,398,410,410],"floor_reached":24,"playtime":1874,"items_purged":["Defend_G"],"score":272,"play_id":"170647a3-a13f-463c-afe7-beed7686eccc","local_time":"20201221213409","is_ascension_mode":true,"campfire_choices":[{"floor":12,"key":"REST"},{"floor":15,"key":"REST"}],"circlet_count":0,"master_deck":["Strike_G","Strike_G","Strike_G","Strike_G","Defend_G","Defend_G","Defend_G","Defend_G","Survivor","Neutralize","Entrench","Backstab","REME_GreenPollution","Doubt","REME_ShadowForm","Backflip","Noxious Fumes","Well Laid Plans","Corpse Explosion","CurseOfTheBell","Acrobatics+1"],"relics":["Ring of the Snake","REME_ComplimentaryCards","NeowsBlessing","REME_ArchaeologicalTools","Pen Nib","Molten Egg 2","Centennial Puzzle","TungstenRod","Frozen Egg 2","Calling Bell","Art of War","White Beast Statue","Ice Cream","Matryoshka","Du-Vu Doll"],"acts_visited":["Exordium","Exordium"],"potions_floor_usage":[8,11,16,19,23,24,24],"damage_taken":[{"damage":0,"enemies":"Jaw Worm","floor":1,"turns":1},{"damage":0,"enemies":"Small Slimes","floor":2,"turns":1},{"damage":0,"enemies":"3 Sentries","floor":6,"turns":1},{"damage":0,"enemies":"2 Louse","floor":7,"turns":3},{"damage":18,"enemies":"Lagavulin","floor":8,"turns":6},{"damage":5,"enemies":"Large Slime","floor":10,"turns":8},{"damage":33,"enemies":"Gremlin Nob","floor":11,"turns":6},{"damage":27,"enemies":"Hexaghost","floor":16,"turns":14},{"damage":16,"enemies":"theJungle:Flameango_and_Byrd","floor":18,"turns":8},{"damage":12,"enemies":"Shell Parasite","floor":19,"turns":7},{"damage":25,"enemies":"theJungle:SlimyTreeVines","floor":22,"turns":8},{"damage":29,"enemies":"theJungle:Cassacara","floor":23,"turns":8},{"damage":10,"enemies":"theJungle:Lyon","floor":24,"turns":6}],"seed_played":"8151851867746804306","potions_obtained":[{"floor":1,"key":"SteroidPotion"},{"floor":6,"key":"SpeedPotion"},{"floor":11,"key":"EssenceOfSteel"},{"floor":18,"key":"AttackPotion"},{"floor":19,"key":"SkillPotion"},{"floor":22,"key":"GamblersBrew"},{"floor":23,"key":"Swift Potion"}],"is_trial":false,"path_per_floor":["M","M","?","$","?","E","M","E","T","M","E","R","$","?","R","B",null,"M","M","?","T","M","E","M"],"character_chosen":"THE_SILENT","items_purchased":["REME_GreenPollution","TungstenRod"],"campfire_rested":2,"item_purchase_floors":[4,13],"current_hp_per_floor":[70,70,63,63,63,63,63,45,45,40,7,28,28,14,35,8,70,54,42,51,51,32,3,0,0],"gold":410,"neow_bonus":"THREE_ENEMY_KILL","is_daily":false,"chose_seed":false,"campfire_upgraded":0,"win_rate":0.0,"timestamp":1608554049,"path_taken":["M","M","?","$","?","E","M","E","T","M","E","R","$","?","R","BOSS","M","M","?","?","M","E","M"],"items_purchased_type":["Card","Relic"],"build_version":"2020-12-13","purchased_purges":1,"victory":false,"max_hp_per_floor":[70,70,70,70,70,70,70,70,70,70,70,70,70,70,70,70,70,70,70,70,70,70,70,70,70],"card_choices":[{"not_picked":["Blade Dance","Sucker Punch","Underhanded Strike"],"picked":"SKIP","floor":1},{"not_picked":["Blade Dance","Sucker Punch","Underhanded Strike"],"picked":"SKIP","floor":1},{"not_picked":["Well Laid Plans","Dagger Throw"],"picked":"Backstab","floor":2},{"not_picked":["Riddle With Holes","Flying Knee","Dagger Spray"],"picked":"SKIP","floor":6},{"not_picked":["REME_ShadowStrike","Quick Slash"],"picked":"REME_ShadowForm","floor":7},{"not_picked":["PiercingWail","Dagger Throw"],"picked":"Backflip","floor":8},{"not_picked":["Distraction","Outmaneuver"],"picked":"Noxious Fumes","floor":10},{"not_picked":["All Out Attack+1","Phantasmal Killer"],"picked":"Well Laid Plans","floor":11},{"not_picked":["Glass Knife+1","Grand Finale+1"],"picked":"Corpse Explosion","floor":16},{"not_picked":["PiercingWail","Blade Dance","Dodge and Roll"],"picked":"SKIP","floor":18},{"not_picked":["PiercingWail","Dagger Spray+1","Sucker Punch+1"],"picked":"SKIP","floor":19},{"not_picked":["Flechettes+1","Bane+1"],"picked":"Acrobatics+1","floor":22},{"not_picked":["All Out Attack+1","Slice+1","Unload+1"],"picked":"SKIP","floor":23}],"player_experience":459156,"relics_obtained":[{"floor":6,"key":"REME_ArchaeologicalTools"},{"floor":8,"key":"Pen Nib"},{"floor":9,"key":"Molten Egg 2"},{"floor":11,"key":"Centennial Puzzle"},{"floor":17,"key":"Art of War"},{"floor":17,"key":"White Beast Statue"},{"floor":17,"key":"Ice Cream"},{"floor":21,"key":"Matryoshka"},{"floor":23,"key":"Du-Vu Doll"}],"event_choices":[{"cards_removed":["Strike_G"],"damage_healed":0,"gold_gain":0,"player_choice":"Card Removal","damage_taken":7,"max_hp_gain":0,"max_hp_loss":0,"event_name":"Golden Wing","floor":3,"gold_loss":0},{"damage_healed":0,"gold_gain":175,"player_choice":"AGREE","damage_taken":0,"max_hp_gain":0,"max_hp_loss":0,"event_name":"Liars Game","floor":5,"gold_loss":0,"cards_obtained":["Doubt"]},{"damage_healed":0,"gold_gain":0,"player_choice":"Success","damage_taken":18,"relics_obtained":["Frozen Egg 2"],"max_hp_gain":0,"max_hp_loss":0,"event_name":"Scrap Ooze","floor":14,"gold_loss":0}],"is_beta":false,"boss_relics":[{"not_picked":["Ring of the Serpent","Busted Crown"],"picked":"Calling Bell"}],"items_purged_floors":[4],"is_endless":false,"potions_floor_spawned":[1,6,11,18,19,22,23],"killed_by":"theJungle:Lyon","ascension_level":1}}