{"host":"mmyob72dycyg5z21","time":1608548866,"event":{"mods":["AchievementEnabler","Act Like it!","Aspiration","BaseMod","Better Note","Better Third Choice","Better Vampires","Colored Powertips","Custom Start","Gremlin Skip","Minty Spire (QoL Compilation)","Rare Cards Sparkle","Spicy Shops","StSLib","SuperFastMode","The Animator","【遗物Mod】死灵法师NEW","篝火指南"],"gold_per_floor":[114,127,106,120,131,165,165,165,165],"floor_reached":8,"playtime":370,"items_purged":[],"score":81,"play_id":"0e6748b6-594b-454c-94d6-fd2d841d691a","local_time":"20201221190746","is_ascension_mode":true,"campfire_choices":[{"data":"Blur","floor":7,"key":"SMITH"}],"circlet_count":0,"master_deck":["Strike_G","Strike_G","Strike_G","Strike_G","Strike_G","Defend_G","Defend_G","Defend_G","Defend_G","Defend_G","Survivor","Neutralize","Acrobatics","Blur+1","Slice","Blur"],"relics":["Ring of the Snake","aspiration:Nostalgia","Cracked Core","betterThird:SlimedRelic","Snake Skull"],"acts_visited":["Exordium"],"potions_floor_usage":[6,6,8],"damage_taken":[{"damage":1,"enemies":"Jaw Worm","floor":1,"turns":5},{"damage":2,"enemies":"2 Louse","floor":2,"turns":3},{"damage":1,"enemies":"Cultist","floor":4,"turns":4},{"damage":6,"enemies":"2 Fungi Beasts","floor":5,"turns":5},{"damage":16,"enemies":"Gremlin Nob","floor":6,"turns":5},{"damage":12,"enemies":"3 Sentries","floor":8,"turns":4}],"seed_played":"3130554591914035264","potions_obtained":[{"floor":2,"key":"CunningPotion"},{"floor":4,"key":"SpeedPotion"},{"floor":6,"key":"SkillPotion"}],"is_trial":false,"path_per_floor":["M","M","?","M","M","E","R","E"],"character_chosen":"THE_SILENT","items_purchased":[],"campfire_rested":0,"item_purchase_floors":[],"current_hp_per_floor":[62,60,49,48,42,26,26,14,14],"gold":165,"neow_bonus":"NOSTALGIA","is_daily":false,"chose_seed":false,"campfire_upgraded":1,"win_rate":0.0,"timestamp":1608548866,"path_taken":["M","M","?","M","M","E","R","E"],"items_purchased_type":[],"build_version":"2020-12-13","purchased_purges":0,"victory":false,"max_hp_per_floor":[70,70,70,70,70,70,70,70,70],"card_choices":[{"not_picked":["Dagger Spray","Catalyst"],"picked":"Acrobatics","floor":1},{"not_picked":["Catalyst","Acrobatics","Dagger Throw"],"picked":"SKIP","floor":2},{"not_picked":["Acrobatics","Flying Knee"],"picked":"Blur","floor":4},{"not_picked":["Prepared","Acrobatics"],"picked":"Slice","floor":5},{"not_picked":["Sucker Punch","Distraction"],"picked":"Blur","floor":6}],"player_experience":387158,"relics_obtained":[{"floor":6,"key":"Snake Skull"}],"event_choices":[{"damage_healed":0,"gold_gain":0,"player_choice":"Slimed","damage_taken":11,"max_hp_gain":0,"max_hp_loss":0,"event_name":"betterThird:BetterGoop","floor":3,"gold_loss":21}],"is_beta":false,"boss_relics":[],"items_purged_floors":[],"is_endless":false,"potions_floor_spawned":[2,4,6],"killed_by":"3 Sentries","ascension_level":8}}