{"host":"yb8iu2n9kkw0z11u","time":1608581168,"event":{"mods":["BaseMod","Downfall","Googly Eyes","Minty Spire (QoL Compilation)","StSLib"],"gold_per_floor":[99,99,99,99,99,135,158,192,218,68,68,62,62,87,114,235,262,262,307,165,165,203,203,203,203],"floor_reached":23,"playtime":5018,"items_purged":[],"score":210,"play_id":"c7f8f68f-acdb-4b5d-aa4a-749e87796d8e","local_time":"20201221210608","is_ascension_mode":false,"campfire_choices":[{"data":"hexamod:Float","floor":1.0,"key":"SMITH"},{"data":"hexamod:SpectersWail","floor":3.0,"key":"SMITH"},{"floor":10.0,"key":"REST"},{"data":"hexamod:VolcanoVisage","floor":18.0,"key":"SMITH"},{"data":"hexamod:EtherealExpedition","floor":21.0,"key":"SMITH"}],"circlet_count":0,"master_deck":["hexamod:Strike","hexamod:Strike","hexamod:Strike","hexamod:Defend","hexamod:Defend","hexamod:Defend","hexamod:Sear","hexamod:Float+1","hexamod:SpectersWail+1","hexamod:EtherealExpedition+1","hexamod:FourthSeal","hexamod:Firestarter","hexamod:InspiringFlames","hexamod:ExtraCrispy","hexamod:DynamicBlow","hexamod:ThirdSeal","hexamod:FifthSeal","hexamod:VolcanoVisage+1","hexamod:ThirdSeal","hexamod:EmpoweredFlame+1","hexamod:PhantomFireball+1","hexamod:GhostLash+1","hexamod:FourthSeal","hexamod:SecondSeal","hexamod:FirstSeal","hexamod:BurningTouch","hexamod:SixthSeal","hexamod:SkipABeat+1"],"relics":["hexamod:SpiritBrand","downfall:HeartsMalice","CeramicFish","Odd Mushroom","downfall:HeartBlessingBlue","downfall:HeartBlessingGreen","Astrolabe","Vajra"],"acts_visited":["Exordium","TheCity"],"potions_floor_usage":[23,23],"damage_taken":[{"damage":0.0,"enemies":"2 Louse","floor":2.0,"turns":1.0},{"damage":0.0,"enemies":"Jaw Worm","floor":4.0,"turns":1.0},{"damage":0.0,"enemies":"Cultist","floor":5.0,"turns":1.0},{"damage":23.0,"enemies":"3 Sentries","floor":6.0,"turns":9.0},{"damage":1.0,"enemies":"The Mushroom Lair","floor":8.0,"turns":3.0},{"damage":1.0,"enemies":"Blue Slaver","floor":9.0,"turns":3.0},{"damage":0.0,"enemies":"downfall:FleeingMerchant","floor":12.0,"turns":4.0},{"damage":7.0,"enemies":"2 Fungi Beasts","floor":14.0,"turns":5.0},{"damage":15.0,"enemies":"Gremlin Gang","floor":15.0,"turns":3.0},{"damage":31.0,"enemies":"downfall:Silent","floor":16.0,"turns":7.0},{"damage":23.0,"enemies":"3 Byrds","floor":19.0,"turns":5.0},{"damage":9.0,"enemies":"downfall:FleeingMerchant","floor":20.0,"turns":4.0},{"damage":21.0,"enemies":"3 Cultists","floor":22.0,"turns":5.0},{"damage":46,"enemies":"Slavers","floor":23,"turns":2}],"seed_played":"8858151655620959213","potions_obtained":[{"floor":6.0,"key":"CultistPotion"},{"floor":8.0,"key":"Energy Potion"},{"floor":8.0,"key":"BlessingOfTheForge"},{"floor":9.0,"key":"Slimebound:ThreeZeroPotion"},{"floor":15.0,"key":"Fruit Juice"},{"floor":15.0,"key":"LiquidBronze"},{"floor":16.0,"key":"Ancient Potion"},{"floor":16.0,"key":"Block Potion"},{"floor":19.0,"key":"FearPotion"},{"floor":22.0,"key":"DistilledChaos"}],"is_trial":false,"path_per_floor":["R","M","R","M","M","E","T","?","M","R","?","$","?","M","M","B",null,"R","M","$","R","M","E"],"character_chosen":"THE_SPIRIT","items_purchased":["Vajra"],"campfire_rested":1,"item_purchase_floors":[20],"current_hp_per_floor":[70,70,70,70,70,47,47,46,45,79,79,79,79,72,62,31,85,85,62,53,53,39,0,0,0],"gold":203,"neow_bonus":"THREE_ENEMY_KILL","is_daily":false,"chose_seed":false,"campfire_upgraded":4,"win_rate":0.0,"timestamp":1608581168,"path_taken":["R","M","R","M","M","E","T","?","M","R","?","$","?","?","M","BOSS","R","M","$","R","M","E"],"items_purchased_type":["Relic"],"build_version":"2020-12-13","purchased_purges":0,"victory":false,"max_hp_per_floor":[70,70,70,70,70,70,70,70,70,80,80,80,80,80,85,85,85,85,85,85,85,85,85,85,85],"card_choices":[{"not_picked":["hexamod:BurningTouch","hexamod:ShieldOfDarkness"],"picked":"hexamod:SpectersWail","floor":2.0},{"not_picked":["hexamod:FastForward","hexamod:CatchUp"],"picked":"hexamod:EtherealExpedition","floor":4.0},{"not_picked":["hexamod:AdvancingGuard","hexamod:ShieldOfDarkness"],"picked":"hexamod:FourthSeal","floor":5.0},{"not_picked":["hexamod:Haunt","hexamod:SwordOfDarkness"],"picked":"hexamod:Firestarter","floor":6.0},{"not_picked":["hexamod:ThermalTransfer","hexamod:GhostOfSpireFuture"],"picked":"hexamod:InspiringFlames","floor":8.0},{"not_picked":["hexamod:Again","hexamod:GhostflameBarrier"],"picked":"hexamod:ExtraCrispy","floor":9.0},{"not_picked":["hexamod:AdvancingGuard","hexamod:RainOfEmbers"],"picked":"hexamod:HeatShield","floor":12.0},{"not_picked":["hexamod:SwordOfDarkness","hexamod:SpectersWail"],"picked":"hexamod:DynamicBlow","floor":14.0},{"not_picked":["hexamod:HeatShield","hexamod:VolcanoVisage"],"picked":"hexamod:ThirdSeal","floor":15.0},{"not_picked":["hexamod:TimeOfNeed","hexamod:GhostflameInferno"],"picked":"hexamod:FifthSeal","floor":16.0},{"not_picked":["hexamod:SearingWound","hexamod:TimeWarp"],"picked":"hexamod:VolcanoVisage","floor":16.0},{"not_picked":["hexamod:AdvancingGuard+1","hexamod:GhostShield"],"picked":"hexamod:GhostLash+1","floor":19.0},{"not_picked":["hexamod:NightmareStrike","hexamod:GhostOfSpirePresent"],"picked":"hexamod:FourthSeal","floor":19.0},{"not_picked":["hexamod:ThirdSeal","hexamod:FourthSeal"],"picked":"hexamod:SecondSeal","floor":19.0},{"not_picked":["hexamod:SecondSeal","hexamod:SixthSeal"],"picked":"hexamod:FirstSeal","floor":20.0},{"not_picked":["hexamod:HeatShield","hexamod:NecessarySacrifice"],"picked":"hexamod:BurningTouch","floor":20.0},{"not_picked":["hexamod:FourthSeal","hexamod:SecondSeal"],"picked":"hexamod:SixthSeal","floor":22.0},{"not_picked":["hexamod:GhostflameBarrier","hexamod:ShieldOfDarkness"],"picked":"hexamod:SkipABeat+1","floor":22.0}],"player_experience":561785,"relics_obtained":[{"floor":6.0,"key":"CeramicFish"},{"floor":8.0,"key":"Odd Mushroom"}],"event_choices":[{"damage_healed":0.0,"max_hp_gain":0.0,"max_hp_loss":0.0,"gold_gain":0.0,"event_name":"Mushrooms","player_choice":"Fought Mushrooms","floor":8.0,"gold_loss":0.0,"damage_taken":0.0},{"damage_healed":0.0,"max_hp_gain":0.0,"max_hp_loss":0.0,"gold_gain":0.0,"event_name":"Purifier","player_choice":"Ignored","floor":13.0,"gold_loss":0.0,"damage_taken":0.0}],"is_beta":false,"boss_relics":[{"not_picked":["Busted Crown","Ectoplasm"],"picked":"Astrolabe"}],"items_purged_floors":[],"is_endless":false,"potions_floor_spawned":[8,14,15,16],"killed_by":"Slavers","ascension_level":0}}