{"host":"9fh35csyvbzgxvf9","time":1608563992,"event":{"mods":["BaseMod","Block Reminder","Colored Map","DeckTracker","Minty Spire (QoL Compilation)"],"gold_per_floor":[116,135,210,83,93,122,122,122,201,201,217,217,228,257,257,358,358,368,368,382,351,399,69,69,85,136,161,179,189,204,222,222,325,325,337,387,406,422,342,374,402,414,426,438,463,475,497,509,521,533,545,557,319,344,344,344],"floor_reached":55,"playtime":5746,"items_purged":["Strike_G","Defend_G","Defend_G"],"score":781,"play_id":"3c9d2476-a3d0-4bcc-bf6d-2a6249b28db5","local_time":"20201221101952","is_ascension_mode":false,"campfire_choices":[{"data":"Neutralize","floor":7.0,"key":"SMITH"},{"floor":12.0,"key":"REST"},{"data":"PiercingWail","floor":15.0,"key":"SMITH"},{"data":"After Image","floor":24.0,"key":"SMITH"},{"data":"Outmaneuver","floor":32.0,"key":"SMITH"},{"data":"Caltrops","floor":42,"key":"SMITH"},{"floor":46,"key":"RECALL"},{"data":"Storm of Steel","floor":49,"key":"SMITH"},{"data":"Acrobatics","floor":52,"key":"SMITH"}],"circlet_count":0,"master_deck":["Strike_G","Strike_G","Defend_G","Defend_G","Defend_G","Survivor","Neutralize+1","Escape Plan","Poisoned Stab","Slice","Slice","Backflip","Slice","Poisoned Stab","PiercingWail+1","After Image","CurseOfTheBell","After Image+1","Acrobatics+1","Caltrops+1","Blade Dance","Outmaneuver+1","Deflect","Deflect","Storm of Steel+1","Quick Slash+1","Blade Dance+1","Blade Dance+1","Footwork","Slice","Madness","Madness","Blur+1","Accuracy"],"relics":["Ring of the Snake","Tiny Chest","Ornamental Fan","The Courier","Calling Bell","Lantern","Shuriken","Bird Faced Urn","Ancient Tea Set","Happy Flower","Bottled Tornado","Blood Vial","MealTicket","HoveringKite","TungstenRod","MawBank","Pantograph","Pen Nib","Turnip"],"acts_visited":["Exordium","TheCity","TheBeyond","TheEnding"],"potions_floor_usage":[50,50,55,55],"damage_taken":[{"damage":1.0,"enemies":"Cultist","floor":1.0,"turns":4.0},{"damage":0.0,"enemies":"2 Louse","floor":2.0,"turns":3.0},{"damage":0.0,"enemies":"Small Slimes","floor":5.0,"turns":2.0},{"damage":16.0,"enemies":"Lagavulin","floor":6.0,"turns":8.0},{"damage":0.0,"enemies":"Red Slaver","floor":11.0,"turns":4.0},{"damage":9.0,"enemies":"3 Louse","floor":13.0,"turns":3.0},{"damage":5.0,"enemies":"3 Sentries","floor":14.0,"turns":8.0},{"damage":0.0,"enemies":"Hexaghost","floor":16.0,"turns":9.0},{"damage":2.0,"enemies":"Shell Parasite","floor":18.0,"turns":8.0},{"damage":3.0,"enemies":"Spheric Guardian","floor":20.0,"turns":5.0},{"damage":7.0,"enemies":"Centurion and Healer","floor":25.0,"turns":6.0},{"damage":7.0,"enemies":"Book of Stabbing","floor":27.0,"turns":5.0},{"damage":1.0,"enemies":"Snake Plant","floor":28.0,"turns":5.0},{"damage":6.0,"enemies":"Cultist and Chosen","floor":29.0,"turns":8.0},{"damage":3.0,"enemies":"Snecko","floor":30.0,"turns":9.0},{"damage":0.0,"enemies":"Centurion and Healer","floor":31.0,"turns":7.0},{"damage":5.0,"enemies":"Champ","floor":33.0,"turns":16.0},{"damage":0.0,"enemies":"Orb Walker","floor":35.0,"turns":5.0},{"damage":0.0,"enemies":"Mind Bloom Boss Battle","floor":36.0,"turns":8.0},{"damage":17,"enemies":"3 Shapes","floor":37,"turns":8},{"damage":6,"enemies":"3 Darklings","floor":38,"turns":5},{"damage":28,"enemies":"Reptomancer","floor":40,"turns":8},{"damage":4,"enemies":"Spire Growth","floor":41,"turns":5},{"damage":0,"enemies":"Transient","floor":45,"turns":5},{"damage":1,"enemies":"3 Darklings","floor":47,"turns":6},{"damage":20,"enemies":"Awakened One","floor":50,"turns":12},{"damage":72,"enemies":"Shield and Spear","floor":54,"turns":6},{"damage":40,"enemies":"The Heart","floor":55,"turns":5}],"seed_played":"-3736078924273963564","potions_obtained":[{"floor":1.0,"key":"ColorlessPotion"},{"floor":5.0,"key":"SpeedPotion"},{"floor":11.0,"key":"CultistPotion"},{"floor":13.0,"key":"Swift Potion"},{"floor":18.0,"key":"SkillPotion"},{"floor":20.0,"key":"SpeedPotion"},{"floor":30.0,"key":"CunningPotion"},{"floor":33.0,"key":"GhostInAJar"},{"floor":37,"key":"SpeedPotion"},{"floor":40,"key":"PowerPotion"},{"floor":41,"key":"LiquidMemories"},{"floor":47,"key":"Energy Potion"},{"floor":54,"key":"Poison Potion"}],"is_trial":false,"path_per_floor":["M","M","?","$","M","E","R","?","T","?","M","R","M","E","R","B",null,"M","?","M","$","T","$","R","M","T","E","M","M","M","M","R","B",null,"M","?","M","M","$","E","M","R","T","?","M","R","M","T","R","B",null,"R","$","E","B"],"character_chosen":"THE_SILENT","items_purchased":["Slice","Caltrops","Happy Flower","Bottled Tornado","Pen Nib","Accuracy"],"campfire_rested":1,"item_purchase_floors":[4,21,23,23,53,53],"current_hp_per_floor":[69,69,58,58,58,42,42,47,47,40,40,62,53,48,48,48,75,73,73,72,72,72,72,72,68,68,69,74,69,72,75,75,70,75,75,75,60,60,75,49,53,53,53,45,55,55,64,64,64,55,75,75,75,3,0,0],"gold":344,"neow_bonus":"TRANSFORM_CARD","is_daily":false,"chose_seed":false,"campfire_upgraded":7,"win_rate":0.0,"timestamp":1608563992,"path_taken":["M","M","?","$","M","E","R","?","T","?","M","R","M","E","R","BOSS","M","?","M","$","?","$","R","M","T","E","M","M","M","M","R","BOSS","M","?","M","M","$","E","M","R","T","?","M","R","M","?","R","BOSS","R","$","E","BOSS"],"items_purchased_type":["Card","Card","Relic","Relic","Relic","Card"],"build_version":"2020-12-13","purchased_purges":3,"victory":false,"max_hp_per_floor":[70,70,70,70,70,70,70,75,75,75,75,75,75,75,75,75,75,75,75,75,75,75,75,75,75,75,75,75,75,75,75,75,75,75,75,75,75,75,75,75,75,75,75,75,75,75,75,75,75,75,75,75,75,75,75,75],"card_choices":[{"not_picked":["Reflex","Well Laid Plans"],"picked":"Poisoned Stab","floor":1.0},{"not_picked":["Dash","Accuracy"],"picked":"Slice","floor":2.0},{"not_picked":["Heel Hook","Outmaneuver"],"picked":"Backflip","floor":5.0},{"not_picked":["A Thousand Cuts","Concentrate"],"picked":"Slice","floor":6.0},{"not_picked":["Flying Knee","Blade Dance"],"picked":"Poisoned Stab","floor":11.0},{"not_picked":["Deadly Poison","Dagger Spray"],"picked":"PiercingWail","floor":13.0},{"not_picked":["Eviscerate","Sucker Punch","Malaise"],"picked":"SKIP","floor":14.0},{"not_picked":["Unload","A Thousand Cuts"],"picked":"After Image","floor":16.0},{"not_picked":["Poisoned Stab","Prepared+1"],"picked":"After Image","floor":18.0},{"not_picked":["Skewer+1","Setup"],"picked":"Acrobatics","floor":20.0},{"not_picked":["Bane","Outmaneuver"],"picked":"Blade Dance","floor":25.0},{"not_picked":["Deadly Poison","Dagger Throw+1","Crippling Poison"],"picked":"SKIP","floor":27.0},{"not_picked":["Slice","Heel Hook"],"picked":"Outmaneuver","floor":28.0},{"not_picked":["Sucker Punch","Dagger Spray"],"picked":"Deflect","floor":29.0},{"not_picked":["Dagger Throw","Slice"],"picked":"Deflect","floor":30.0},{"not_picked":["Dagger Spray+1","Acrobatics+1","Riddle With Holes+1"],"picked":"SKIP","floor":31.0},{"not_picked":["Unload","Corpse Explosion"],"picked":"Storm of Steel","floor":33.0},{"not_picked":["Backstab+1","Backflip+1"],"picked":"Quick Slash+1","floor":35.0},{"not_picked":["Underhanded Strike","Sucker Punch+1"],"picked":"Blade Dance+1","floor":36},{"not_picked":["PiercingWail+1","Noxious Fumes+1","Quick Slash+1"],"picked":"SKIP","floor":37},{"not_picked":["Slice","Eviscerate+1"],"picked":"Blade Dance+1","floor":38},{"not_picked":["Heel Hook","Deflect"],"picked":"Footwork","floor":40},{"not_picked":["Choke","Storm of Steel"],"picked":"Slice","floor":41},{"not_picked":["Backflip+1","Caltrops+1"],"picked":"Blur+1","floor":45},{"not_picked":["Flying Knee+1","PiercingWail","Dodge and Roll"],"picked":"SKIP","floor":47},{"not_picked":["Masterful Stab+1","Deadly Poison+1","Doppelganger"],"picked":"SKIP","floor":54}],"player_experience":237511,"relics_obtained":[{"floor":6.0,"key":"Tiny Chest"},{"floor":9.0,"key":"Ornamental Fan"},{"floor":14.0,"key":"The Courier"},{"floor":17.0,"key":"Lantern"},{"floor":17.0,"key":"Shuriken"},{"floor":17.0,"key":"Bird Faced Urn"},{"floor":22.0,"key":"Ancient Tea Set"},{"floor":26.0,"key":"Blood Vial"},{"floor":27.0,"key":"MealTicket"},{"floor":36,"key":"TungstenRod"},{"floor":40,"key":"MawBank"},{"floor":48,"key":"Pantograph"},{"floor":54,"key":"Turnip"}],"event_choices":[{"damage_healed":0.0,"max_hp_gain":0.0,"max_hp_loss":0.0,"gold_gain":75.0,"event_name":"World of Goop","player_choice":"Gather Gold","floor":3.0,"gold_loss":0.0,"damage_taken":11.0},{"damage_healed":0.0,"max_hp_gain":5.0,"max_hp_loss":0.0,"gold_gain":0.0,"event_name":"Big Fish","player_choice":"Donut","floor":8.0,"gold_loss":0.0,"damage_taken":0.0},{"cards_removed":["Strike_G"],"damage_healed":0.0,"max_hp_gain":0.0,"max_hp_loss":0.0,"gold_gain":0.0,"event_name":"Golden Wing","player_choice":"Card Removal","floor":10.0,"gold_loss":0.0,"damage_taken":7.0},{"damage_healed":0.0,"max_hp_gain":0.0,"max_hp_loss":0.0,"gold_gain":0.0,"event_name":"Cursed Tome","player_choice":"Ignored","floor":19.0,"gold_loss":0.0,"damage_taken":0.0},{"damage_healed":0.0,"max_hp_gain":0.0,"max_hp_loss":0.0,"gold_gain":0.0,"event_name":"MindBloom","player_choice":"Fight","floor":36.0,"gold_loss":0.0,"damage_taken":0.0},{"damage_healed":0,"gold_gain":0,"player_choice":"Embrace Madness","damage_taken":9,"max_hp_gain":0,"max_hp_loss":0,"event_name":"Winding Halls","floor":44,"gold_loss":0,"cards_obtained":["Madness","Madness"]}],"is_beta":false,"boss_relics":[{"not_picked":["Philosopher\u0027s Stone","Coffee Dripper"],"picked":"Calling Bell"},{"not_picked":["Sozu","Fusion Hammer"],"picked":"HoveringKite"}],"items_purged_floors":[4,39,53],"is_endless":false,"potions_floor_spawned":[1,5,11,13,18,20,30,33,37,40,41,47,54],"killed_by":"The Heart","ascension_level":0}}