{"host":"87fdiiwflhrwsj8a","time":1608588044,"event":{"mods":["Aspiration","BaseMod","Better Match","Better Third Choice","BetterRewards","Colored Map","Downfall","GifTheSpireLib","Infinite Spire","Minty Spire (QoL Compilation)","Relic Sorter","Replay The Spire","Robot Space Explorer","StSLib","Stuff the Spire","The Cursed"],"gold_per_floor":[119,119,65,0,0,0,25,59,59,77,98,137,137,101,101,101,101],"floor_reached":16,"playtime":318,"items_purged":[],"score":216,"play_id":"b05556fc-c716-40a4-98db-a8fdc12c5de4","local_time":"20201221170044","is_ascension_mode":true,"campfire_choices":[{"data":"Enlightenment","floor":6,"key":"SMITH"}],"circlet_count":0,"master_deck":["AscendersBane","Strike_R","Strike_R","Strike_R","Strike_R","Strike_R","Defend_R","Defend_R","Defend_R+1","Defend_R","Bash","Clash","Enlightenment+1","Battle Trance+1","Barricade","Uppercut","Flex","Dual Wield","Armaments+1"],"relics":["Burning Blood","TungstenRod","Golden Idol","Prayer Wheel","Sundial","Strawberry"],"acts_visited":["Exordium"],"potions_floor_usage":[8,8],"damage_taken":[{"damage":11,"enemies":"Jaw Worm","floor":1,"turns":2},{"damage":0,"enemies":"2 Louse","floor":7,"turns":3},{"damage":22,"enemies":"3 Sentries","floor":8,"turns":11},{"damage":0,"enemies":"Cultist","floor":10,"turns":2},{"damage":8,"enemies":"2 Fungi Beasts","floor":11,"turns":3},{"damage":9,"enemies":"Gremlin Nob","floor":12,"turns":3},{"damage":37,"enemies":"Slime Boss","floor":16,"turns":3}],"seed_played":"281831854175266476","potions_obtained":[{"floor":1,"key":"ColorlessPotion"},{"floor":7,"key":"Dexterity Potion"},{"floor":10,"key":"SmokeBomb"}],"is_trial":false,"path_per_floor":["M","?","$","?","?","R","M","E","T","M","M","E","?","$","R_BF","B"],"character_chosen":"IRONCLAD","items_purchased":["Clash","Armaments+1"],"campfire_rested":0,"item_purchase_floors":[3,14],"current_hp_per_floor":[45,45,45,51,24,24,30,14,14,20,18,22,26,26,26,0,0],"gold":101,"neow_bonus":"ONE_RARE_RELIC","is_daily":false,"chose_seed":false,"campfire_upgraded":1,"win_rate":0.0,"timestamp":1608588044,"path_taken":["M","?","$","?","?","R","M","E","T","M","?","E","?","$","R_BF","BOSS"],"items_purchased_type":["Card","Card"],"build_version":"2020-12-13","purchased_purges":0,"victory":false,"max_hp_per_floor":[75,75,75,81,81,81,81,81,81,81,81,88,88,88,88,88,88],"card_choices":[{"not_picked":["Abandon","Massacre","StuffTheSpire:Resist"],"picked":"SKIP","floor":1},{"not_picked":["Flex","True Grit"],"picked":"Battle Trance","floor":7},{"not_picked":["Inflame","Wild Strike"],"picked":"Barricade","floor":8},{"not_picked":["ReplayTheSpireMod:Strike From Hell","Warcry"],"picked":"Uppercut","floor":10},{"not_picked":["Anger","True Grit"],"picked":"Flex","floor":10},{"not_picked":["Pommel Strike","Flex","True Grit"],"picked":"SKIP","floor":11},{"not_picked":["Body Slam","ReplayTheSpireMod:Strike From Hell","Feed"],"picked":"SKIP","floor":11},{"not_picked":["Bludgeon","Clash"],"picked":"Dual Wield","floor":12}],"player_experience":2612717,"relics_obtained":[{"floor":8,"key":"Prayer Wheel"},{"floor":9,"key":"Sundial"},{"floor":12,"key":"Strawberry"}],"event_choices":[{"damage_healed":0,"gold_gain":0,"player_choice":"RENOUNCE","damage_taken":65,"max_hp_gain":0,"max_hp_loss":0,"event_name":"betterThird:BetterSerpent","floor":4,"gold_loss":65,"cards_obtained":["Enlightenment"]},{"damage_healed":0,"gold_gain":0,"player_choice":"Take Damage","damage_taken":28,"relics_obtained":["Golden Idol"],"max_hp_gain":0,"max_hp_loss":0,"event_name":"Golden Idol","floor":5,"gold_loss":0},{"damage_healed":0,"gold_gain":0,"player_choice":"Grow","damage_taken":0,"max_hp_gain":0,"max_hp_loss":0,"event_name":"Living Wall","floor":15,"gold_loss":0,"cards_upgraded":["Battle Trance"]}],"is_beta":false,"boss_relics":[],"items_purged_floors":[],"is_endless":false,"potions_floor_spawned":[1,7,10],"killed_by":"Slime Boss","ascension_level":20}}