{"host":"08sn1703g14rasc1","time":1608542775,"event":{"mods":["AchievementEnabler","BaseMod","Colored Map","Colored Powertips","Hermit","Minty Spire (QoL Compilation)","StSLib"],"gold_per_floor":[112,131,131,149,159,189,203,203,203,203,220,237,251,271,271,271,271],"floor_reached":16,"playtime":569,"items_purged":[],"score":146,"play_id":"f05c32f4-222e-4545-a682-d42089731bce","local_time":"20201221012615","is_ascension_mode":true,"campfire_choices":[{"floor":15,"key":"REST"}],"circlet_count":0,"master_deck":["Strike_P","Strike_P","Strike_P","Defend_P","Defend_P","Defend_P","Eruption","Vigilance","WreathOfFlame","FollowUp","CutThroughFate","WindmillStrike","WaveOfTheHand","ThirdEye","Establishment","CarveReality","Perseverance","EmptyMind"],"relics":["PureWater","NeowsBlessing","Akabeko","Strawberry"],"acts_visited":["Exordium"],"potions_floor_usage":[6,11,12,12,16],"damage_taken":[{"damage":0,"enemies":"Cultist","floor":1,"turns":1},{"damage":2,"enemies":"Small Slimes","floor":2,"turns":2},{"damage":0,"enemies":"2 Louse","floor":4,"turns":1},{"damage":0,"enemies":"Large Slime","floor":5,"turns":4},{"damage":13,"enemies":"3 Sentries","floor":6,"turns":8},{"damage":20,"enemies":"Lots of Slimes","floor":7,"turns":6},{"damage":8,"enemies":"3 Louse","floor":11,"turns":4},{"damage":10,"enemies":"Exordium Thugs","floor":12,"turns":3},{"damage":0,"enemies":"2 Fungi Beasts","floor":13,"turns":2},{"damage":1,"enemies":"Red Slaver","floor":14,"turns":3},{"damage":38,"enemies":"Hexaghost","floor":16,"turns":9}],"seed_played":"2424246296612385587","potions_obtained":[{"floor":1,"key":"BottledMiracle"},{"floor":4,"key":"BlessingOfTheForge"},{"floor":10,"key":"AttackPotion"},{"floor":10,"key":"LiquidBronze"},{"floor":11,"key":"Explosive Potion"},{"floor":12,"key":"FearPotion"}],"is_trial":false,"path_per_floor":["M","M","?","M","M","E","M","?","T","?","M","M","M","M","R","B"],"character_chosen":"WATCHER","items_purchased":[],"campfire_rested":1,"item_purchase_floors":[],"current_hp_per_floor":[65,63,63,63,63,50,30,23,30,30,22,12,12,11,34,0,0],"gold":271,"neow_bonus":"THREE_ENEMY_KILL","is_daily":false,"chose_seed":false,"campfire_upgraded":0,"win_rate":0.0,"timestamp":1608542775,"path_taken":["M","?","?","?","M","E","M","?","T","?","?","M","M","M","R","BOSS"],"items_purchased_type":[],"build_version":"2020-12-13","purchased_purges":0,"victory":false,"max_hp_per_floor":[72,72,72,72,72,72,72,72,79,79,79,79,79,79,79,79,79],"card_choices":[{"not_picked":["Crescendo","FlyingSleeves"],"picked":"WreathOfFlame","floor":1},{"not_picked":["JustLucky","CrushJoints"],"picked":"FollowUp","floor":2},{"not_picked":["Wireheading","Prostrate"],"picked":"CutThroughFate","floor":4},{"not_picked":["ThirdEye","CrushJoints"],"picked":"WindmillStrike","floor":5},{"not_picked":["Wireheading","WheelKick"],"picked":"WaveOfTheHand","floor":6},{"not_picked":["Crescendo","Prostrate"],"picked":"ThirdEye","floor":7},{"not_picked":["WaveOfTheHand","DeceiveReality"],"picked":"Establishment","floor":11},{"not_picked":["SashWhip","EmptyFist"],"picked":"CarveReality","floor":12},{"not_picked":["Protect","ClearTheMind"],"picked":"Perseverance","floor":13},{"not_picked":["Halt","Protect"],"picked":"EmptyMind","floor":14}],"player_experience":425818,"relics_obtained":[{"floor":6,"key":"Akabeko"},{"floor":9,"key":"Strawberry"}],"event_choices":[{"cards_removed":["Strike_P"],"damage_healed":0,"gold_gain":0,"player_choice":"Purged","damage_taken":0,"max_hp_gain":0,"max_hp_loss":0,"event_name":"Purifier","floor":3,"gold_loss":0},{"cards_removed":["Defend_P"],"damage_healed":0,"gold_gain":0,"player_choice":"Card Removal","damage_taken":7,"max_hp_gain":0,"max_hp_loss":0,"event_name":"Golden Wing","floor":8,"gold_loss":0},{"damage_healed":0,"gold_gain":0,"player_choice":"Got Potions","damage_taken":0,"max_hp_gain":0,"max_hp_loss":0,"event_name":"Lab","floor":10,"gold_loss":0}],"is_beta":false,"boss_relics":[],"items_purged_floors":[],"is_endless":false,"potions_floor_spawned":[1,4,11,12],"killed_by":"Hexaghost","ascension_level":7}}