{"host":"6pgtslebjnyv5xmi","time":1608571347,"event":{"mods":["AchievementEnabler","BaseMod","Colored Map","Minty Spire (QoL Compilation)","Rare Cards Sparkle","SuperFastMode","everything is the same but u backflip on backflip"],"gold_per_floor":[15,15,115,131,145,145,159,172,198,222,236,236,266,216,216,340,340,353,452,470,484,10,10,43,43,66,91,91,106,125,125,125,256,256,279,279,295,358,3,24,24,67,67,107,107,132,170,170,170,170,170,170,45,85,85],"floor_reached":56,"playtime":3812,"items_purged":["Strike_R","Strike_R","Carnage+1"],"score":1799,"play_id":"919fa437-1b44-45fb-8ca7-73f747158b7d","local_time":"20201222022227","is_ascension_mode":true,"campfire_choices":[{"data":"Barricade","floor":6.0,"key":"SMITH"},{"data":"Body Slam","floor":12.0,"key":"SMITH"},{"data":"Carnage","floor":15.0,"key":"SMITH"},{"data":"Armaments","floor":23.0,"key":"SMITH"},{"data":"Corruption","floor":25.0,"key":"SMITH"},{"data":"Dark Embrace","floor":28.0,"key":"SMITH"},{"data":"Dark Embrace","floor":32.0,"key":"SMITH"},{"data":"Apotheosis","floor":41.0,"key":"SMITH"},{"floor":49.0,"key":"RECALL"},{"data":"Offering","floor":52.0,"key":"SMITH"}],"circlet_count":0,"master_deck":["Defend_R","Defend_R","Defend_R","Defend_R","Bash","Flame Barrier","Battle Trance","Dark Embrace+1","Barricade+1","Shrug It Off","Seeing Red","Body Slam+1","Bloodletting","Corruption+1","Armaments+1","Body Slam+1","Feel No Pain","Dark Embrace+1","Offering+1","Ghostly","Ghostly","Ghostly","Ghostly","Ghostly","Double Tap","Apotheosis+1","Feel No Pain","Sentinel","Dual Wield+1","Panacea"],"relics":["Burning Blood","Golden Idol","Vajra","Odd Mushroom","Runic Pyramid","Gremlin Horn","DollysMirror","Boot","Black Star","Prayer Wheel","Red Skull","Blue Candle","Incense Burner","Bottled Flame","Thread and Needle","Frozen Egg 2","Turnip","Kunai","Centennial Puzzle"],"acts_visited":["Exordium","TheCity","TheBeyond","TheEnding"],"potions_floor_usage":[],"damage_taken":[{"damage":7.0,"enemies":"Jaw Worm","floor":1.0,"turns":3.0},{"damage":1.0,"enemies":"Cultist","floor":4.0,"turns":3.0},{"damage":3.0,"enemies":"2 Louse","floor":5.0,"turns":3.0},{"damage":3.0,"enemies":"Blue Slaver","floor":7.0,"turns":4.0},{"damage":29.0,"enemies":"Exordium Thugs","floor":8.0,"turns":7.0},{"damage":9.0,"enemies":"Looter","floor":10.0,"turns":3.0},{"damage":16.0,"enemies":"Large Slime","floor":11.0,"turns":8.0},{"damage":21.0,"enemies":"The Mushroom Lair","floor":13.0,"turns":9.0},{"damage":3.0,"enemies":"The Guardian","floor":16.0,"turns":8.0},{"damage":3.0,"enemies":"Chosen","floor":18.0,"turns":4.0},{"damage":6.0,"enemies":"Spheric Guardian","floor":20.0,"turns":4.0},{"damage":28.0,"enemies":"Snake Plant","floor":21.0,"turns":4.0},{"damage":3.0,"enemies":"Book of Stabbing","floor":24.0,"turns":3.0},{"damage":21.0,"enemies":"Centurion and Healer","floor":27.0,"turns":4.0},{"damage":7.0,"enemies":"Shelled Parasite and Fungi","floor":29.0,"turns":3.0},{"damage":11.0,"enemies":"Cultist and Chosen","floor":30.0,"turns":4.0},{"damage":1.0,"enemies":"Automaton","floor":33.0,"turns":4.0},{"damage":12.0,"enemies":"3 Darklings","floor":35.0,"turns":3.0},{"damage":0.0,"enemies":"Orb Walker","floor":37.0,"turns":3.0},{"damage":1.0,"enemies":"Mind Bloom Boss Battle","floor":38.0,"turns":3.0},{"damage":4.0,"enemies":"Transient","floor":40.0,"turns":5.0},{"damage":3.0,"enemies":"Reptomancer","floor":42.0,"turns":3.0},{"damage":2.0,"enemies":"Nemesis","floor":44.0,"turns":3.0},{"damage":2.0,"enemies":"Maw","floor":46.0,"turns":3.0},{"damage":22.0,"enemies":"Reptomancer","floor":47.0,"turns":5.0},{"damage":7.0,"enemies":"Donu and Deca","floor":50.0,"turns":4.0},{"damage":1.0,"enemies":"Shield and Spear","floor":54.0,"turns":3.0},{"damage":38,"enemies":"The Heart","floor":55,"turns":8}],"seed_played":"-3766689563341184151","potions_obtained":[{"floor":1.0,"key":"AttackPotion"},{"floor":5.0,"key":"Dexterity Potion"},{"floor":11.0,"key":"ElixirPotion"},{"floor":13.0,"key":"Swift Potion"},{"floor":16.0,"key":"Regen Potion"},{"floor":18.0,"key":"BlessingOfTheForge"},{"floor":24.0,"key":"LiquidBronze"},{"floor":27.0,"key":"Ancient Potion"},{"floor":33.0,"key":"SpeedPotion"},{"floor":38.0,"key":"ElixirPotion"},{"floor":42.0,"key":"SpeedPotion"},{"floor":46.0,"key":"AttackPotion"}],"is_trial":false,"path_per_floor":["M","?","?","M","M","R","M","M","T","M","M","R","?","?","R","B",null,"M","?","M","M","$","R","E","R","T","M","R","M","M","?","R","B",null,"M","?","M","?","$","M","R","E","T","E","$","M","E","?","R","B",null,"R","$","E","B",null],"character_chosen":"IRONCLAD","items_purchased":["Gremlin Horn","DollysMirror","Apotheosis","Feel No Pain"],"campfire_rested":0,"item_purchase_floors":[22,22,39,39],"current_hp_per_floor":[79,59,59,64,67,67,70,47,47,44,34,34,19,19,19,22,80,80,80,80,67,67,67,70,70,70,55,55,54,49,40,40,40,40,34,34,40,40,40,40,40,40,40,40,40,40,24,24,24,23,40,40,40,40,8],"gold":85,"neow_bonus":"TRANSFORM_TWO_CARDS","is_daily":false,"chose_seed":false,"campfire_upgraded":9,"win_rate":0.0,"timestamp":1608571347,"path_taken":["M","?","?","M","M","R","M","M","T","?","M","R","?","?","R","BOSS","M","?","M","M","$","R","E","R","T","M","R","M","M","?","R","BOSS","M","?","M","?","$","M","R","E","T","E","$","M","E","?","R","BOSS","R","$","E","BOSS"],"items_purchased_type":["Relic","Relic","Card","Card"],"build_version":"2020-12-13","purchased_purges":3,"victory":true,"max_hp_per_floor":[80,80,80,80,80,80,80,80,80,80,80,80,80,80,80,80,80,80,80,80,80,80,80,80,80,80,80,80,80,80,40,40,40,40,40,40,40,40,40,40,40,40,40,40,40,40,40,40,40,40,40,40,40,40,40],"card_choices":[{"not_picked":["Burning Pact","Clash"],"picked":"Battle Trance","floor":1.0},{"not_picked":["Sword Boomerang","Warcry"],"picked":"Dark Embrace","floor":4.0},{"not_picked":["Perfected Strike","Combust"],"picked":"Barricade","floor":5.0},{"not_picked":["Twin Strike","Iron Wave","Heavy Blade"],"picked":"SKIP","floor":7.0},{"not_picked":["Iron Wave","Thunderclap"],"picked":"Shrug It Off","floor":8.0},{"not_picked":["Clash","Clothesline"],"picked":"Seeing Red","floor":10.0},{"not_picked":["Flex","Power Through"],"picked":"Body Slam","floor":11.0},{"not_picked":["Thunderclap","Wild Strike"],"picked":"Bloodletting","floor":13.0},{"not_picked":["Exhume","Immolate"],"picked":"Corruption","floor":16.0},{"not_picked":["Wild Strike","Twin Strike"],"picked":"Armaments","floor":18.0},{"not_picked":["Havoc","Sword Boomerang","Pommel Strike"],"picked":"SKIP","floor":20.0},{"not_picked":["Havoc","Whirlwind","Anger"],"picked":"SKIP","floor":21.0},{"not_picked":["Metallicize","Battle Trance+1"],"picked":"Feel No Pain","floor":24.0},{"not_picked":["Thunderclap","Heavy Blade+1","Spot Weakness+1"],"picked":"SKIP","floor":27.0},{"not_picked":["Sword Boomerang","Battle Trance"],"picked":"Dark Embrace","floor":29.0},{"not_picked":["Burning Pact+1","Heavy Blade"],"picked":"Offering","floor":30.0},{"not_picked":["Exhume","Bludgeon"],"picked":"Double Tap","floor":33.0},{"not_picked":["Clothesline+1","Clash","Cleave"],"picked":"SKIP","floor":35.0},{"not_picked":["Heavy Blade","Burning Pact+1","Twin Strike+1"],"picked":"SKIP","floor":37.0},{"not_picked":["Hemokinesis+1","Perfected Strike","Blood for Blood+1"],"picked":"SKIP","floor":40.0},{"not_picked":["Shrug It Off+1","Cleave+1","Iron Wave+1"],"picked":"SKIP","floor":40.0},{"not_picked":["Spot Weakness","Blood for Blood"],"picked":"Sentinel","floor":42.0},{"not_picked":["Pommel Strike","Battle Trance","Disarm"],"picked":"SKIP","floor":44.0},{"not_picked":["Sword Boomerang+1","Carnage"],"picked":"Dual Wield+1","floor":46.0},{"not_picked":["Headbutt+1","Iron Wave","Anger+1"],"picked":"SKIP","floor":46.0},{"not_picked":["Carnage+1","Reckless Charge+1","Exhume"],"picked":"SKIP","floor":47.0},{"not_picked":["Blind","Purity"],"picked":"Panacea","floor":48.0},{"not_picked":["Berserk+1","Sword Boomerang+1","Demon Form+1"],"picked":"SKIP","floor":54.0}],"player_experience":345877,"relics_obtained":[{"floor":9.0,"key":"Vajra"},{"floor":13.0,"key":"Odd Mushroom"},{"floor":24.0,"key":"Boot"},{"floor":38.0,"key":"Prayer Wheel"},{"floor":42.0,"key":"Red Skull"},{"floor":42.0,"key":"Blue Candle"},{"floor":43.0,"key":"Incense Burner"},{"floor":44.0,"key":"Bottled Flame"},{"floor":44.0,"key":"Thread and Needle"},{"floor":47.0,"key":"Frozen Egg 2"},{"floor":47.0,"key":"Turnip"},{"floor":54.0,"key":"Kunai"},{"floor":54.0,"key":"Centennial Puzzle"}],"event_choices":[{"damage_healed":0.0,"max_hp_gain":0.0,"max_hp_loss":0.0,"gold_gain":0.0,"event_name":"Golden Idol","player_choice":"Take Damage","floor":2.0,"gold_loss":0.0,"damage_taken":20.0,"relics_obtained":["Golden Idol"]},{"damage_healed":0.0,"max_hp_gain":0.0,"max_hp_loss":0.0,"gold_gain":100.0,"event_name":"Golden Shrine","player_choice":"Pray","floor":3.0,"gold_loss":0.0,"damage_taken":0.0},{"damage_healed":0.0,"max_hp_gain":0.0,"max_hp_loss":0.0,"gold_gain":0.0,"event_name":"Mushrooms","player_choice":"Fought Mushrooms","floor":13.0,"gold_loss":0.0,"damage_taken":0.0},{"cards_removed":["Strike_R"],"damage_healed":0.0,"max_hp_gain":0.0,"max_hp_loss":0.0,"gold_gain":0.0,"event_name":"The Cleric","player_choice":"Card Removal","floor":14.0,"gold_loss":50.0,"damage_taken":0.0},{"damage_healed":0.0,"max_hp_gain":0.0,"max_hp_loss":0.0,"gold_gain":99.0,"event_name":"Nest","player_choice":"Stole From Cult","floor":19.0,"gold_loss":0.0,"damage_taken":0.0},{"damage_healed":0.0,"max_hp_gain":0.0,"max_hp_loss":40.0,"gold_gain":0.0,"event_name":"Ghosts","player_choice":"Became a Ghost","floor":31.0,"gold_loss":0.0,"damage_taken":0.0,"cards_obtained":["Ghostly","Ghostly","Ghostly","Ghostly","Ghostly"]},{"damage_healed":0.0,"max_hp_gain":0.0,"max_hp_loss":0.0,"gold_gain":0.0,"event_name":"Tomb of Lord Red Mask","player_choice":"Ignored","floor":36.0,"gold_loss":0.0,"damage_taken":0.0},{"damage_healed":0.0,"max_hp_gain":0.0,"max_hp_loss":0.0,"gold_gain":0.0,"event_name":"MindBloom","player_choice":"Fight","floor":38.0,"gold_loss":0.0,"damage_taken":0.0},{"damage_healed":0.0,"max_hp_gain":0.0,"max_hp_loss":0.0,"gold_gain":0.0,"event_name":"SensoryStone","player_choice":"Memory 1","floor":48.0,"gold_loss":0.0,"damage_taken":0.0}],"is_beta":false,"boss_relics":[{"not_picked":["Runic Dome","Philosopher\u0027s Stone"],"picked":"Runic Pyramid"},{"not_picked":["SacredBark","Black Blood"],"picked":"Black Star"}],"items_purged_floors":[22,39,53],"is_endless":false,"potions_floor_spawned":[1,5,11,13,16,18,24,27,33,38,42,46],"ascension_level":4}}