{"host":"llpusn9usp8rznkj","time":1608591237,"event":{"mods":["2.2 Compatiblity","Aspiration","BaseMod","Colored Map","Colored Powertips","Conspire","Hubris","Minty Spire (QoL Compilation)","Rare Cards Sparkle","Replay The Spire","StSLib","The Cursed"],"gold_per_floor":[118,118,15,15,29,61,61,71,71],"floor_reached":8,"playtime":119,"items_purged":[],"score":158,"play_id":"ad28cc99-aefe-4b5d-be0c-04c7e18153b3","local_time":"20201221175357","is_ascension_mode":true,"campfire_choices":[],"circlet_count":0,"master_deck":["AscendersBane","Strike_B","Strike_B","Strike_B","Strike_B","Defend_B","Defend_B","Defend_B","Defend_B","Zap","Dualcast","Conserve Battery","Finesse","White Noise","FTL"],"relics":["Cracked Core","NeowsBlessing","Replay:Bandana","hubris:DeckOfHolding"],"acts_visited":["Exordium"],"potions_floor_usage":[],"damage_taken":[{"damage":0.0,"enemies":"2 Louse","floor":1.0,"turns":1.0},{"damage":0,"enemies":"Jaw Worm","floor":5,"turns":1},{"damage":0,"enemies":"3 Sentries","floor":6,"turns":1},{"damage":88,"enemies":"Gremlin Nob","floor":8,"turns":4}],"seed_played":"-6040302548981101102","potions_obtained":[{"floor":5,"key":"Dexterity Potion"}],"is_trial":false,"path_per_floor":["M","?","$","?","M","E","T","E"],"character_chosen":"DEFECT","items_purchased":["Finesse"],"campfire_rested":0,"item_purchase_floors":[3],"current_hp_per_floor":[64,64,64,64,64,64,64,0,0],"gold":71,"neow_bonus":"THREE_ENEMY_KILL","is_daily":false,"chose_seed":false,"campfire_upgraded":0,"win_rate":0.0,"timestamp":1608591237,"path_taken":["M","?","$","?","?","E","?","E"],"items_purchased_type":["Card"],"build_version":"2020-12-13","purchased_purges":0,"victory":false,"max_hp_per_floor":[71,71,71,71,71,71,71,71,71],"card_choices":[{"not_picked":["Gash","Streamline"],"picked":"Conserve Battery","floor":1.0},{"not_picked":["ReplayTheSpireMod:GoodbyeWorld","Rebound"],"picked":"White Noise","floor":5},{"not_picked":["Turbo","Cold Snap"],"picked":"FTL","floor":6}],"player_experience":1107984,"relics_obtained":[{"floor":6,"key":"Replay:Bandana"},{"floor":7,"key":"hubris:DeckOfHolding"}],"event_choices":[{"damage_healed":0,"gold_gain":0,"player_choice":"Leave","damage_taken":0,"max_hp_gain":0,"max_hp_loss":0,"event_name":"The Cleric","floor":2,"gold_loss":0},{"damage_healed":0,"gold_gain":0,"player_choice":"Ignored","damage_taken":0,"max_hp_gain":0,"max_hp_loss":0,"event_name":"Liars Game","floor":4,"gold_loss":0}],"is_beta":false,"boss_relics":[],"items_purged_floors":[],"is_endless":false,"potions_floor_spawned":[5],"killed_by":"Gremlin Nob","ascension_level":20}}