{"host":"ef3ybc9bdsabvdps","time":1608509486,"event":{"mods":["BaseMod","Minty Spire (QoL Compilation)"],"gold_per_floor":[110,60,60,8,32,70,70,108,160,160,160,160,178,207,207,338,338,358,358,43,43,43,74,74,24,24,43,43,43,43],"floor_reached":29,"playtime":797,"items_purged":["Defend_P","Defend_P"],"score":295,"play_id":"1f13544b-5fcc-4545-866f-78367fd0fb8e","local_time":"20201221091126","is_ascension_mode":false,"campfire_choices":[{"floor":7.0,"key":"REST"},{"floor":10.0,"key":"REST"},{"floor":12.0,"key":"REST"},{"floor":15.0,"key":"REST"},{"floor":24,"key":"REST"}],"circlet_count":0,"master_deck":["Strike_P","Strike_P","Defend_P","Defend_P","Eruption","Vigilance","ClearTheMind","FollowUp","FlyingSleeves","Establishment","FlurryOfBlows","BattleHymn","EmptyBody","MasterReality","Crescendo+1","Adaptation","Evaluate+1","Vault+1","Evaluate+1","FlyingSleeves"],"relics":["Philosopher\u0027s Stone","Bloody Idol","Dream Catcher","Boot","Damaru","Toxic Egg 2","Odd Mushroom","VioletLotus","InkBottle","Nilry\u0027s Codex","Smiling Mask","Happy Flower","MutagenicStrength"],"acts_visited":["Exordium","TheCity"],"potions_floor_usage":[],"damage_taken":[{"damage":0.0,"enemies":"Small Slimes","floor":1.0,"turns":2.0},{"damage":2.0,"enemies":"Jaw Worm","floor":5.0,"turns":3.0},{"damage":26.0,"enemies":"Gremlin Nob","floor":6.0,"turns":3.0},{"damage":25.0,"enemies":"3 Sentries","floor":8.0,"turns":7.0},{"damage":0.0,"enemies":"2 Louse","floor":13.0,"turns":3.0},{"damage":4.0,"enemies":"The Mushroom Lair","floor":14.0,"turns":3.0},{"damage":0.0,"enemies":"Slime Boss","floor":16.0,"turns":4.0},{"damage":12.0,"enemies":"Chosen","floor":18.0,"turns":4.0},{"damage":18,"enemies":"Gremlin Leader","floor":23,"turns":6},{"damage":9,"enemies":"3 Byrds","floor":27,"turns":5},{"damage":49,"enemies":"Snake Plant","floor":29,"turns":2}],"seed_played":"2437135553181255083","potions_obtained":[{"floor":1.0,"key":"SteroidPotion"},{"floor":8.0,"key":"BlessingOfTheForge"},{"floor":16.0,"key":"SteroidPotion"},{"floor":27,"key":"EssenceOfSteel"}],"is_trial":false,"path_per_floor":["M","?","?","$","M","E","R","E","T","R","?","R","M","?","R","B",null,"M","?","$","?","?","E","R","$","T","M","?","M"],"character_chosen":"WATCHER","items_purchased":["FollowUp","InkBottle"],"campfire_rested":5,"item_purchase_floors":[4,20],"current_hp_per_floor":[72,72,54,54,52,26,47,22,22,43,10,31,31,27,48,48,72,60,60,60,60,44,31,52,52,52,48,48,0,0],"gold":43,"neow_bonus":"BOSS_RELIC","is_daily":false,"chose_seed":false,"campfire_upgraded":0,"win_rate":0.0,"timestamp":1608509486,"path_taken":["M","?","?","?","M","E","R","E","T","R","?","R","M","?","R","BOSS","M","?","$","?","?","E","R","$","T","M","?","M"],"items_purchased_type":["Card","Relic"],"build_version":"2020-12-13","purchased_purges":2,"victory":false,"max_hp_per_floor":[72,72,72,72,72,72,72,72,72,72,72,72,72,72,72,72,72,72,72,72,72,72,72,72,72,72,72,72,72,72],"card_choices":[{"not_picked":["Study","Protect"],"picked":"ClearTheMind","floor":1.0},{"not_picked":["ClearTheMind","ThirdEye"],"picked":"FlyingSleeves","floor":5.0},{"not_picked":["FlyingSleeves","Collect"],"picked":"Establishment","floor":6.0},{"not_picked":["WheelKick","CrushJoints"],"picked":"FlurryOfBlows","floor":7.0},{"not_picked":["LikeWater","Halt"],"picked":"BattleHymn","floor":8.0},{"not_picked":["CrushJoints","BowlingBash"],"picked":"EmptyBody","floor":10.0},{"not_picked":["WaveOfTheHand+1","SashWhip"],"picked":"MasterReality","floor":12.0},{"not_picked":["ForeignInfluence+1","WheelKick"],"picked":"Crescendo+1","floor":13.0},{"not_picked":["EmptyFist","Prostrate+1"],"picked":"Adaptation","floor":14.0},{"not_picked":["EmptyFist","Crescendo+1"],"picked":"Evaluate+1","floor":15.0},{"not_picked":["Scrawl+1","LessonLearned"],"picked":"Vault+1","floor":16.0},{"not_picked":["FollowUp","JustLucky","Pray+1"],"picked":"SKIP","floor":18.0},{"not_picked":["Wireheading","Consecrate","Collect+1"],"picked":"SKIP","floor":23},{"not_picked":["ThirdEye+1","ForeignInfluence+1"],"picked":"Evaluate+1","floor":24},{"not_picked":["Crescendo+1","PathToVictory+1"],"picked":"FlyingSleeves","floor":27}],"player_experience":307629,"relics_obtained":[{"floor":6.0,"key":"Dream Catcher"},{"floor":8.0,"key":"Boot"},{"floor":9.0,"key":"Damaru"},{"floor":14.0,"key":"Odd Mushroom"},{"floor":22,"key":"Nilry\u0027s Codex"},{"floor":23,"key":"Smiling Mask"},{"floor":26,"key":"Happy Flower"}],"event_choices":[{"cards_removed":["Strike_P"],"damage_healed":0.0,"max_hp_gain":0.0,"max_hp_loss":0.0,"gold_gain":0.0,"event_name":"The Cleric","player_choice":"Card Removal","floor":2.0,"gold_loss":50.0,"damage_taken":0.0},{"damage_healed":0.0,"max_hp_gain":0.0,"max_hp_loss":0.0,"gold_gain":0.0,"event_name":"Golden Idol","player_choice":"Take Damage","floor":3.0,"gold_loss":0.0,"damage_taken":18.0,"relics_obtained":["Golden Idol"]},{"damage_healed":0.0,"max_hp_gain":0.0,"max_hp_loss":0.0,"gold_gain":0.0,"event_name":"Scrap Ooze","player_choice":"Success","floor":11.0,"gold_loss":0.0,"damage_taken":33.0,"relics_obtained":["Toxic Egg 2"]},{"damage_healed":0.0,"max_hp_gain":0.0,"max_hp_loss":0.0,"gold_gain":0.0,"event_name":"Mushrooms","player_choice":"Fought Mushrooms","floor":14.0,"gold_loss":0.0,"damage_taken":0.0},{"cards_removed":["Strike_P"],"damage_healed":0.0,"max_hp_gain":0.0,"max_hp_loss":0.0,"gold_gain":0.0,"event_name":"Back to Basics","player_choice":"Elegance","floor":19.0,"gold_loss":0.0,"damage_taken":0.0},{"damage_healed":0,"gold_gain":0,"player_choice":"Gave Idol","damage_taken":0,"relics_obtained":["Bloody Idol"],"max_hp_gain":0,"max_hp_loss":0,"event_name":"Forgotten Altar","floor":21,"relics_lost":["Golden Idol"],"gold_loss":0},{"damage_healed":0,"gold_gain":0,"player_choice":"Obtained Book","damage_taken":16,"max_hp_gain":0,"max_hp_loss":0,"event_name":"Cursed Tome","floor":22,"gold_loss":0},{"damage_healed":0,"gold_gain":0,"player_choice":"Inject Mutagens","damage_taken":0,"relics_obtained":["MutagenicStrength"],"max_hp_gain":0,"max_hp_loss":0,"event_name":"Drug Dealer","floor":28,"gold_loss":0}],"is_beta":false,"boss_relics":[{"not_picked":["SlaversCollar","Sozu"],"picked":"VioletLotus"}],"items_purged_floors":[20,25],"is_endless":false,"potions_floor_spawned":[1,8,16,27],"killed_by":"Snake Plant","ascension_level":0}}