{"host":"sa7ebub27cgn5wai","time":1608559152,"event":{"mods":["BaseMod","Colored Map","Minty Spire (QoL Compilation)","SuperFastMode"],"gold_per_floor":[116,136,147,166,183,183,108,108,108,124,134,152,152,166,166,268,268,285,102,18,37,49,49,63,63,86,105,123,123,123,136,136,240,240,256,131,141,157,157,184,184,198,224,224,224],"floor_reached":44,"playtime":1290,"items_purged":["Strike_R","Strike_R","Strike_R"],"score":440,"play_id":"411a630e-128f-4711-b229-68b666cd8a4c","local_time":"20201221225912","is_ascension_mode":false,"campfire_choices":[{"data":"Entrench","floor":6,"key":"SMITH"},{"data":"Metallicize","floor":8,"key":"SMITH"},{"data":"Cleave","floor":13,"key":"SMITH"},{"data":"Spot Weakness","floor":15,"key":"SMITH"},{"data":"Body Slam","floor":23,"key":"SMITH"},{"data":"Body Slam","floor":29,"key":"SMITH"},{"floor":32,"key":"REST"},{"data":"Barricade","floor":41,"key":"SMITH"}],"circlet_count":0,"master_deck":["Strike_R+1","Strike_R","Defend_R","Defend_R+1","Defend_R","Defend_R+1","Bash","Metallicize+1","Entrench+1","Cleave+1","Thunderclap","Spot Weakness+1","Juggernaut","Metallicize+1","Metallicize","Iron Wave","Finesse","Body Slam+1","Body Slam+1","Barricade+1","Intimidate+1","Shrug It Off","Entrench+1","Disarm+1"],"relics":["Burning Blood","Ice Cream","SlaversCollar","Thread and Needle","War Paint","Mark of Pain","Prayer Wheel","Potion Belt"],"acts_visited":["Exordium","TheCity","TheBeyond"],"potions_floor_usage":[16,16,22,27,42,44],"damage_taken":[{"damage":1,"enemies":"Cultist","floor":1,"turns":4},{"damage":0,"enemies":"2 Louse","floor":2,"turns":3},{"damage":8,"enemies":"Jaw Worm","floor":3,"turns":4},{"damage":2,"enemies":"3 Louse","floor":4,"turns":4},{"damage":27,"enemies":"Gremlin Gang","floor":5,"turns":4},{"damage":9,"enemies":"2 Fungi Beasts","floor":10,"turns":3},{"damage":6,"enemies":"3 Louse","floor":11,"turns":4},{"damage":4,"enemies":"Large Slime","floor":12,"turns":5},{"damage":7,"enemies":"Looter","floor":14,"turns":3},{"damage":49,"enemies":"Slime Boss","floor":16,"turns":10},{"damage":21,"enemies":"Chosen","floor":18,"turns":5},{"damage":7,"enemies":"Spheric Guardian","floor":21,"turns":6},{"damage":27,"enemies":"3 Cultists","floor":22,"turns":6},{"damage":22,"enemies":"Centurion and Healer","floor":24,"turns":7},{"damage":0,"enemies":"Chosen and Byrds","floor":27,"turns":7},{"damage":3,"enemies":"Cultist and Chosen","floor":28,"turns":6},{"damage":14,"enemies":"Centurion and Healer","floor":31,"turns":7},{"damage":40,"enemies":"Champ","floor":33,"turns":11},{"damage":12,"enemies":"3 Shapes","floor":35,"turns":5},{"damage":12,"enemies":"Orb Walker","floor":37,"turns":4},{"damage":22,"enemies":"Jaw Worm Horde","floor":38,"turns":7},{"damage":6,"enemies":"Nemesis","floor":40,"turns":7},{"damage":0,"enemies":"Transient","floor":42,"turns":5},{"damage":68,"enemies":"4 Shapes","floor":44,"turns":3}],"seed_played":"1661710282963753433","potions_obtained":[{"floor":3,"key":"FairyPotion"},{"floor":10,"key":"ColorlessPotion"},{"floor":11,"key":"Energy Potion"},{"floor":12,"key":"Explosive Potion"},{"floor":21,"key":"Dexterity Potion"},{"floor":24,"key":"Block Potion"},{"floor":38,"key":"Fire Potion"},{"floor":42,"key":"LiquidBronze"}],"is_trial":false,"path_per_floor":["M","M","M","M","M","R","$","R","T","M","M","M","R","M","R","B",null,"M","$","$","M","M","R","M","?","T","M","M","R","?","M","R","B",null,"M","$","M","M","?","E","R","M","T","M"],"character_chosen":"IRONCLAD","items_purchased":["Metallicize","Iron Wave","Finesse"],"campfire_rested":1,"item_purchase_floors":[19,19,20],"current_hp_per_floor":[80,80,78,80,59,59,59,59,59,56,56,58,58,57,57,14,80,65,65,65,64,43,43,27,27,27,33,36,36,21,13,38,31,85,79,79,73,57,57,57,57,63,63,0,0],"gold":224,"neow_bonus":"UPGRADE_CARD","is_daily":false,"chose_seed":false,"campfire_upgraded":7,"win_rate":0.0,"timestamp":1608559152,"path_taken":["M","M","M","M","M","R","$","R","T","M","M","M","R","M","R","BOSS","M","?","$","M","M","R","M","?","T","M","M","R","?","M","R","BOSS","M","$","M","M","?","E","R","M","T","M"],"items_purchased_type":["Card","Card","Card"],"build_version":"2020-12-13","purchased_purges":3,"victory":false,"max_hp_per_floor":[80,80,80,80,80,80,80,80,80,80,80,80,80,80,80,80,80,80,80,80,80,80,80,80,80,80,80,80,80,85,85,85,85,85,85,85,85,85,85,85,85,85,85,85,85],"card_choices":[{"not_picked":["Shrug It Off","Searing Blow"],"picked":"Metallicize","floor":1},{"not_picked":["Clothesline","Warcry"],"picked":"Entrench","floor":2},{"not_picked":["Heavy Blade","Sentinel"],"picked":"Cleave","floor":3},{"not_picked":["Pommel Strike","Wild Strike"],"picked":"Thunderclap","floor":4},{"not_picked":["Wild Strike","Thunderclap","Rampage"],"picked":"SKIP","floor":5},{"not_picked":["Blood for Blood","Anger","Reckless Charge"],"picked":"SKIP","floor":10},{"not_picked":["Twin Strike","Clothesline"],"picked":"Spot Weakness","floor":11},{"not_picked":["Clothesline","Clash","Warcry"],"picked":"SKIP","floor":12},{"not_picked":["Immolate","Pommel Strike","Wild Strike"],"picked":"SKIP","floor":14},{"not_picked":["Corruption","Brutality"],"picked":"Juggernaut","floor":16},{"not_picked":["Searing Blow","Seeing Red+1"],"picked":"Metallicize+1","floor":18},{"not_picked":["Anger+1","Heavy Blade+1","Rage"],"picked":"SKIP","floor":21},{"not_picked":["Clothesline","Combust"],"picked":"Body Slam","floor":22},{"not_picked":["Dark Embrace+1","Bloodletting","Dual Wield"],"picked":"SKIP","floor":24},{"not_picked":["True Grit","Perfected Strike","Cleave"],"picked":"SKIP","floor":27},{"not_picked":["Second Wind","Flex"],"picked":"Body Slam","floor":28},{"not_picked":["Anger+1","Wild Strike","Headbutt"],"picked":"SKIP","floor":31},{"not_picked":["Double Tap","Limit Break"],"picked":"Barricade","floor":33},{"not_picked":["Warcry+1","Pummel"],"picked":"Intimidate+1","floor":35},{"not_picked":["Uppercut","Body Slam","Thunderclap"],"picked":"SKIP","floor":37},{"not_picked":["Shockwave+1","Clash+1"],"picked":"Shrug It Off","floor":38},{"not_picked":["Twin Strike+1","Evolve","Thunderclap+1"],"picked":"SKIP","floor":40},{"not_picked":["Sentinel+1","Rupture+1"],"picked":"Disarm+1","floor":42},{"not_picked":["Wild Strike","Cleave+1","Clash+1"],"picked":"SKIP","floor":42}],"player_experience":252842,"relics_obtained":[{"floor":9,"key":"Ice Cream"},{"floor":26,"key":"War Paint"},{"floor":40,"key":"Prayer Wheel"},{"floor":43,"key":"Potion Belt"}],"event_choices":[{"damage_healed":0,"gold_gain":0,"player_choice":"Opened","damage_taken":0,"relics_obtained":["Thread and Needle"],"max_hp_gain":0,"max_hp_loss":0,"event_name":"The Mausoleum","floor":25,"gold_loss":0},{"damage_healed":0,"gold_gain":0,"player_choice":"Shed Blood","damage_taken":20,"max_hp_gain":5,"max_hp_loss":0,"event_name":"Forgotten Altar","floor":30,"gold_loss":0},{"damage_healed":0,"gold_gain":0,"player_choice":"Copied","damage_taken":0,"max_hp_gain":0,"max_hp_loss":0,"event_name":"Duplicator","floor":39,"gold_loss":0,"cards_obtained":["Entrench"]}],"is_beta":false,"boss_relics":[{"not_picked":["Pandora\u0027s Box","Runic Dome"],"picked":"SlaversCollar"},{"not_picked":["Philosopher\u0027s Stone","Coffee Dripper"],"picked":"Mark of Pain"}],"items_purged_floors":[7,19,36],"is_endless":false,"potions_floor_spawned":[3,10,11,12,21,24,38,42],"killed_by":"4 Shapes","ascension_level":0}}