{"host":"esx1hwjnbftf3eqj","time":1608584423,"event":{"mods":["BaseMod","Colored Map","Minty Spire (QoL Compilation)","StSLib","The Jungle"],"gold_per_floor":[366,377,393,420,48,74,74,104,173,192,206,223,223,4,4,103,103,119,144,163,9,9,9,38,48,73,105,139,139,139,154,154,259,259,277,290,190,207,207,238,238,266,321,321,337,350,350,368,368,368],"floor_reached":51,"playtime":11442,"items_purged":["Defend_G","Strike_G"],"score":1016,"play_id":"c4912e5b-959e-4804-9548-68c3ee34265e","local_time":"20201221130023","is_ascension_mode":true,"campfire_choices":[{"data":"A Thousand Cuts","floor":7,"key":"SMITH"},{"data":"Leg Sweep","floor":13,"key":"SMITH"},{"data":"Skewer","floor":15,"key":"SMITH"},{"data":"Glass Knife","floor":23,"key":"SMITH"},{"data":"Bullet Time","floor":29,"key":"SMITH"},{"data":"Well Laid Plans","floor":32,"key":"SMITH"},{"floor":41,"key":"REST"},{"floor":44,"key":"REST"},{"data":"Footwork","floor":47,"key":"SMITH"},{"data":"After Image","floor":49,"key":"SMITH"}],"circlet_count":0,"master_deck":["Strike_G+1","Defend_G","Defend_G","Defend_G","Defend_G","Survivor","Neutralize+1","Leg Sweep+1","Poisoned Stab","Blur","A Thousand Cuts+1","Skewer+1","Endless Agony","Crippling Poison","Footwork+1","Master of Strategy+1","Glass Knife+1","Phantasmal Killer+1","Flechettes+1","Deflect+1","PiercingWail+1","Calculated Gamble+1","Flying Knee+1","Well Laid Plans+1","Bullet Time+1","After Image+1","Slice+1","After Image","A Thousand Cuts+1","Cloak And Dagger+1","Blade Dance+1","Blade Dance","Leg Sweep+1","Footwork+1"],"relics":["Ring of the Snake","Pen Nib","Torii","Pantograph","Whetstone","White Beast Statue","Astrolabe","Red Mask","Omamori","Pocketwatch","The Specimen","Art of War","Ancient Tea Set","SlaversCollar","Toy Ornithopter","Frozen Egg 2","War Paint"],"acts_visited":["Exordium","TheCity","TheBeyond"],"potions_floor_usage":[6,6,18,18,19,19,24,28,28,28,33,40,40,45,45,48,50,50,50],"damage_taken":[{"damage":2,"enemies":"Cultist","floor":1,"turns":4},{"damage":0,"enemies":"2 Louse","floor":2,"turns":3},{"damage":3,"enemies":"Small Slimes","floor":3,"turns":4},{"damage":2,"enemies":"Gremlin Nob","floor":6,"turns":5},{"damage":4,"enemies":"3 Sentries","floor":8,"turns":7},{"damage":3,"enemies":"Gremlin Gang","floor":10,"turns":7},{"damage":1,"enemies":"Exordium Wildlife","floor":11,"turns":6},{"damage":4,"enemies":"Lots of Slimes","floor":12,"turns":5},{"damage":25,"enemies":"Hexaghost","floor":16,"turns":10},{"damage":13,"enemies":"3 Byrds","floor":18,"turns":4},{"damage":2,"enemies":"Masked Bandits","floor":19,"turns":3},{"damage":0,"enemies":"Chosen","floor":20,"turns":4},{"damage":2,"enemies":"Slavers","floor":24,"turns":3},{"damage":1,"enemies":"3 Cultists","floor":25,"turns":4},{"damage":9,"enemies":"Book of Stabbing","floor":27,"turns":4},{"damage":1,"enemies":"Centurion and Healer","floor":28,"turns":2},{"damage":7,"enemies":"Shelled Parasite and Fungi","floor":31,"turns":4},{"damage":34,"enemies":"Collector","floor":33,"turns":6},{"damage":1,"enemies":"3 Shapes","floor":35,"turns":3},{"damage":7,"enemies":"3 Darklings","floor":36,"turns":5},{"damage":11,"enemies":"4 Shapes","floor":38,"turns":5},{"damage":31,"enemies":"Nemesis","floor":40,"turns":9},{"damage":0,"enemies":"Giant Head","floor":42,"turns":7},{"damage":1,"enemies":"Writhing Mass","floor":45,"turns":6},{"damage":6,"enemies":"Sphere and 2 Shapes","floor":46,"turns":4},{"damage":0,"enemies":"Spire Growth","floor":48,"turns":5},{"damage":29,"enemies":"Awakened One","floor":50,"turns":13}],"seed_played":"2734614642537815955","potions_obtained":[{"floor":1,"key":"SkillPotion"},{"floor":2,"key":"Weak Potion"},{"floor":3,"key":"CunningPotion"},{"floor":10,"key":"ColorlessPotion"},{"floor":11,"key":"DistilledChaos"},{"floor":12,"key":"LiquidBronze"},{"floor":16,"key":"PowerPotion"},{"floor":18,"key":"PowerPotion"},{"floor":19,"key":"LiquidMemories"},{"floor":20,"key":"DuplicationPotion"},{"floor":24,"key":"AttackPotion"},{"floor":25,"key":"ColorlessPotion"},{"floor":27,"key":"EntropicBrew"},{"floor":28,"key":"Energy Potion"},{"floor":33,"key":"DuplicationPotion"},{"floor":40,"key":"GamblersBrew"},{"floor":42,"key":"PowerPotion"},{"floor":45,"key":"PowerPotion"},{"floor":46,"key":"Weak Potion"},{"floor":48,"key":"BlessingOfTheForge"}],"is_trial":false,"path_per_floor":["M","M","M","T","$","E","R","E","T","M","M","M","R","$","R","B",null,"M","?","M","$","?","R","E","M","T","E","M","R","?","M","R","B",null,"M","M","$","M","?","E","R","E","T","R","M","M","R","M","R","B",null],"character_chosen":"THE_SILENT","items_purchased":["Torii","Footwork","Master of Strategy","Omamori"],"campfire_rested":2,"item_purchase_floors":[5,14,14,21],"current_hp_per_floor":[61,61,58,58,58,56,56,52,52,49,48,44,44,44,44,38,57,44,42,42,42,42,42,40,39,39,30,29,29,29,22,22,13,51,50,43,43,32,32,1,19,19,19,37,46,40,40,45,45,36],"gold":368,"neow_bonus":"TWO_FIFTY_GOLD","is_daily":false,"chose_seed":false,"campfire_upgraded":8,"win_rate":0.0,"timestamp":1608584423,"path_taken":["M","M","?","?","$","E","R","E","T","?","?","M","R","$","R","BOSS","M","?","M","$","?","R","E","M","T","E","?","R","?","M","R","BOSS","M","M","$","?","?","E","R","E","T","R","M","M","R","?","R","BOSS"],"items_purchased_type":["Relic","Card","Card","Relic"],"build_version":"2020-12-13","purchased_purges":2,"victory":true,"max_hp_per_floor":[63,63,63,63,63,63,63,63,63,63,63,63,63,63,63,63,63,63,63,63,63,63,63,63,63,63,63,63,63,63,63,63,63,63,63,63,63,63,63,63,63,63,63,63,63,63,63,63,63,63],"card_choices":[{"not_picked":["Dodge and Roll","Quick Slash"],"picked":"Leg Sweep","floor":1},{"not_picked":["Prepared","Dagger Throw"],"picked":"Poisoned Stab","floor":2},{"not_picked":["Blade Dance","Choke"],"picked":"Blur","floor":3},{"not_picked":["Quick Slash","Crippling Poison"],"picked":"A Thousand Cuts","floor":6},{"not_picked":["Predator","Slice"],"picked":"Skewer","floor":8},{"not_picked":["Distraction","Deflect"],"picked":"Endless Agony","floor":10},{"not_picked":["Tactician","Slice","Quick Slash"],"picked":"SKIP","floor":11},{"not_picked":["Deflect","Leg Sweep"],"picked":"Crippling Poison","floor":12},{"not_picked":["Malaise","Burst"],"picked":"Glass Knife","floor":16},{"not_picked":["Caltrops","Concentrate+1"],"picked":"PiercingWail","floor":18},{"not_picked":["Blur+1","Backflip"],"picked":"Calculated Gamble+1","floor":19},{"not_picked":["Deadly Poison","Dagger Throw+1"],"picked":"Flying Knee+1","floor":20},{"not_picked":["Outmaneuver","Sucker Punch","Bane"],"picked":"SKIP","floor":24},{"not_picked":["Outmaneuver","Skewer"],"picked":"Well Laid Plans","floor":25},{"not_picked":["Backflip+1","Unload"],"picked":"Bullet Time","floor":27},{"not_picked":["Acrobatics","Heel Hook","Deflect"],"picked":"SKIP","floor":28},{"not_picked":["Quick Slash+1","Prepared","Deadly Poison"],"picked":"SKIP","floor":31},{"not_picked":["Bullet Time","Unload"],"picked":"After Image","floor":33},{"not_picked":["Backflip","Dagger Throw+1"],"picked":"Slice+1","floor":35},{"not_picked":["Prepared","Quick Slash+1","Deadly Poison"],"picked":"SKIP","floor":36},{"not_picked":["Underhanded Strike","Bouncing Flask"],"picked":"After Image","floor":38},{"not_picked":["Heel Hook+1","Bane"],"picked":"Cloak And Dagger+1","floor":40},{"not_picked":["Masterful Stab","Dagger Throw+1"],"picked":"Blade Dance+1","floor":42},{"not_picked":["Dash","Sucker Punch+1"],"picked":"Blade Dance","floor":45},{"not_picked":["Outmaneuver+1","Dodge and Roll"],"picked":"Leg Sweep+1","floor":46},{"not_picked":["Quick Slash","Backflip+1"],"picked":"Footwork+1","floor":48}],"player_experience":545142,"relics_obtained":[{"floor":4,"key":"Pen Nib"},{"floor":6,"key":"Pantograph"},{"floor":8,"key":"Whetstone"},{"floor":9,"key":"White Beast Statue"},{"floor":19,"key":"Red Mask"},{"floor":24,"key":"The Specimen"},{"floor":26,"key":"Art of War"},{"floor":27,"key":"Ancient Tea Set"},{"floor":40,"key":"Toy Ornithopter"},{"floor":42,"key":"Frozen Egg 2"},{"floor":43,"key":"War Paint"}],"event_choices":[{"damage_healed":0,"gold_gain":0,"player_choice":"Fought Bandits","damage_taken":0,"max_hp_gain":0,"max_hp_loss":0,"event_name":"Masked Bandits","floor":19,"gold_loss":0},{"damage_healed":0,"gold_gain":0,"player_choice":"Gave Potion","damage_taken":0,"relics_obtained":["Pocketwatch"],"max_hp_gain":0,"max_hp_loss":0,"event_name":"WeMeetAgain","floor":22,"gold_loss":0},{"damage_healed":0,"gold_gain":0,"player_choice":"Bought 0 Potions","damage_taken":0,"max_hp_gain":0,"max_hp_loss":0,"event_name":"The Woman in Blue","floor":30,"gold_loss":0},{"damage_healed":0,"gold_gain":0,"player_choice":"Copied","damage_taken":0,"max_hp_gain":0,"max_hp_loss":0,"event_name":"Duplicator","floor":39,"gold_loss":0,"cards_obtained":["A Thousand Cuts"]}],"is_beta":false,"boss_relics":[{"not_picked":["Runic Pyramid","Ectoplasm"],"picked":"Astrolabe"},{"not_picked":["Philosopher\u0027s Stone","Calling Bell"],"picked":"SlaversCollar"}],"items_purged_floors":[5,37],"is_endless":false,"potions_floor_spawned":[1,2,3,10,11,12,16,18,19,20,24,25,27,28,31,33,35,36,38,40,42,45,46,48],"ascension_level":7}}