{"host":"q6rs3in4l29iepap","time":1608582575,"event":{"mods":["Aspiration","BaseMod","Colored Map","Downfall","Hermit","Hubris","Infinite Spire","Jorbs\u0027s Wanderer Trilogy","Minty Spire (QoL Compilation)","Replay The Spire","Shade Mod","StSLib","The Construct","The Cursed","The Servant 0.9.4"],"gold_per_floor":[99,99,99,20,20,20,20,20,47,72,104,104,123,140,153,249,249,249,277,277,277,277,290,290,395,595,606,606,616,630,630,648,746,746,746,756,776,793,817,828,828,856,872,906,906,397,415,430,441,441],"floor_reached":51,"playtime":4079,"items_purged":[],"score":1552,"play_id":"2d44ab27-f130-413c-bb84-72a93aac4fa5","local_time":"20201221122935","is_ascension_mode":false,"campfire_choices":[{"data":"sneckomod:SnekBite","floor":1,"key":"SMITH"},{"floor":6,"key":"RECALL"},{"data":"sneckomod:UnknownUncommonPower","floor":8,"key":"SMITH"},{"data":"sneckomod:UnknownRarePower","floor":18,"key":"SMITH"},{"data":"infinitespire:Punishment","floor":22,"key":"SMITH"},{"data":"sneckomod:Restock","floor":26,"key":"SMITH"}],"circlet_count":0,"master_deck":["sneckomod:Defend","sneckomod:Defend","sneckomod:Defend","sneckomod:TailWhip","sneckomod:SnekBite+1","sneckomod:Unknown","sneckomod:Unknown","Heel Hook","Underhanded Strike","Choke","sneckomod:Unknown1Cost","sneckomod:UnknownUncommonPower+1","sneckomod:UnknownCommonAttack","sneckomod:UnknownClassTHE_CHAMP_GRAY","sneckomod:Restock+1","sneckomod:DiceBlock","sneckomod:UnknownClassBLUE","sneckomod:UnknownClassDEFAULT_GRAY_COLOR","sneckomod:UnknownRarePower","sneckomod:UnknownClassSILVER","infinitespire:Punishment+1","sneckomod:QuickBite+1","sneckomod:UnknownClassBLUE+1","Reboot","sneckomod:DiceBlock","sneckomod:UnknownClassTHE_CURSED_PURPLE","sneckomod:UnknownVulnerable+1","Slimebound:Tackle+1","Slimebound:Tackle+1","sneckomod:UnknownClassSILVER","sneckomod:UnknownClassSHADE_COLOR","sneckomod:UnknownClassSHADE_COLOR","sneckomod:DiceCrush","sneckomod:UnknownBlock+1","sneckomod:UnknownClassTHE_CHAMP_GRAY","sneckomod:UnknownClassHEXA_GHOST_PURPLE","sneckomod:MasterEye","sneckomod:UnknownWeak","sneckomod:Restock","sneckomod:SoulDraw","sneckomod:UnknownCommonSkill","sneckomod:Unknown1Cost+1","sneckomod:RainOfDice+1","Rewind+1","ShiftingGears","sneckomod:UnknownRarePower","sneckomod:UnknownClassTHE_CURSED_PURPLE","sneckomod:UnknownUncommonPower","sneckomod:UnknownExhaust+1","sneckomod:SoulRoll","Revamp","sneckomod:UnknownStrike+1","sneckomod:UnknownUncommonPower+1","sneckomod:SnekBeam","sneckomod:UnknownBlock+1","sneckomod:DangerNoodle","sneckomod:SoulRoll+1","sneckomod:UnknownStrike","infinitespire:UltimateForm","Rearm+1","sneckomod:UnknownClassSILVER","sneckomod:IronFang+1","sneckomod:UnknownBlock","Starlight","TrueSight","sneckomod:Unknown1Cost","sneckomod:DiceBoulder+1","sneckomod:DiceBlock"],"relics":["sneckomod:SneckoSoul","downfall:HeartsMalice","downfall:ShatteredFragment","Odd Mushroom","ReplayTheSpireMod:Ninjato","infinitespire:EmpoweringShard","Busted Crown","Prayer Wheel","infinitespire:BottledMercury","aspiration:Headhunter","sneckomod:ConfusingCodex","downfall:GremlinWheel","Prayer Wheel","aspiration:ServantSkillbook","ReplayTheSpireMod:Lightbulb","infinitespire:Eraser","Replay:Rubber Ducky","aspiration:ChemicalBlood"],"acts_visited":["Exordium","TheCity","TheBeyond"],"potions_floor_usage":[15,16,16,36,36,36,50,50],"damage_taken":[{"damage":0,"enemies":"downfall:FleeingMerchant","floor":4,"turns":1},{"damage":0,"enemies":"Jaw Worm","floor":5,"turns":1},{"damage":0,"enemies":"The Mushroom Lair","floor":9,"turns":1},{"damage":20,"enemies":"Gremlin Nob","floor":10,"turns":4},{"damage":0,"enemies":"2 Louse","floor":13,"turns":2},{"damage":0,"enemies":"Small Slimes","floor":14,"turns":2},{"damage":9,"enemies":"Exordium Wildlife","floor":15,"turns":3},{"damage":36,"enemies":"downfall:Ironclad","floor":16,"turns":6},{"damage":3,"enemies":"Book of Stabbing","floor":19,"turns":4},{"damage":18,"enemies":"Spheric Guardian","floor":23,"turns":4},{"damage":8,"enemies":"Spheric Guardian","floor":25,"turns":3},{"damage":21,"enemies":"3 Byrds","floor":27,"turns":4},{"damage":3,"enemies":"Snecko","floor":29,"turns":1},{"damage":0,"enemies":"Shelled Parasite and Fungi","floor":30,"turns":1},{"damage":3,"enemies":"Chosen and Byrds","floor":32,"turns":3},{"damage":6,"enemies":"downfall:Watcher","floor":33,"turns":3},{"damage":10,"enemies":"3 Darklings","floor":36,"turns":5},{"damage":9,"enemies":"3 Shapes","floor":37,"turns":1},{"damage":15,"enemies":"Transient","floor":38,"turns":5},{"damage":3,"enemies":"3 Darklings","floor":40,"turns":1},{"damage":0,"enemies":"Reptomancer","floor":42,"turns":3},{"damage":0,"enemies":"Spire Growth","floor":43,"turns":2},{"damage":0,"enemies":"Nemesis","floor":44,"turns":1},{"damage":0,"enemies":"Maw","floor":47,"turns":4},{"damage":0,"enemies":"Sphere and 2 Shapes","floor":48,"turns":3},{"damage":0,"enemies":"4 Shapes","floor":49,"turns":2},{"damage":0,"enemies":"downfall:Defect","floor":50,"turns":3}],"seed_played":"-8414717099184509661","potions_obtained":[{"floor":10,"key":"Ancient Potion"},{"floor":11,"key":"sneckomod:CheatPotion"},{"floor":11,"key":"ColorlessPotion"},{"floor":11,"key":"FairyPotion"},{"floor":15,"key":"sneckomod:DiceRollPotion"},{"floor":25,"key":"EntropicBrew"},{"floor":32,"key":"Ancient Potion"},{"floor":36,"key":"Toxic Potion"}],"is_trial":false,"path_per_floor":["R","?","?","$","M","R","T","R","?","E","?","T","M","M","M","B",null,"R","E","AVR","?","R","M","T","?","R","M","?","M","M","?","M","B",null,"R_BF","M","M","M","T","M","T","E","M","E","?","?","M","M","M","B",null],"character_chosen":"THE_SNECKO","items_purchased":["sneckomod:UnknownUncommonPower"],"campfire_rested":0,"item_purchase_floors":[4],"current_hp_per_floor":[90,69,69,71,72,72,72,72,73,53,53,53,54,55,47,17,98,98,99,99,99,99,82,82,74,74,55,55,55,57,117,119,119,119,119,111,103,106,106,104,104,117,118,118,119,119,120,121,122,122],"gold":441,"neow_bonus":"THREE_ENEMY_KILL","is_daily":false,"chose_seed":false,"campfire_upgraded":5,"win_rate":0.0,"timestamp":1608582575,"path_taken":["R","?","?","$","M","R","T","R","?","E","?","?","M","?","M","BOSS","R","E","AVR","?","R","M","T","?","R","?","?","M","M","?","M","BOSS","R_BF","?","M","M","?","M","T","E","M","E","?","?","M","M","M","BOSS"],"items_purchased_type":["Card"],"build_version":"2020-12-13","purchased_purges":0,"victory":true,"max_hp_per_floor":[90,90,90,92,93,93,93,93,94,94,94,94,95,96,97,98,98,98,99,99,99,99,100,100,100,100,102,102,105,107,117,119,119,119,119,121,122,125,125,126,126,127,128,128,129,129,130,131,132,132],"card_choices":[{"not_picked":["sneckomod:Unknown2Cost","sneckomod:DiceCrush"],"picked":"sneckomod:Unknown1Cost","floor":4},{"not_picked":["sneckomod:UnknownVulnerable","sneckomod:UnknownCommonSkill"],"picked":"sneckomod:UnknownCommonAttack","floor":5},{"not_picked":["sneckomod:IronFang","sneckomod:Unknown1Cost"],"picked":"sneckomod:UnknownClassTHE_CHAMP_GRAY","floor":9},{"not_picked":["sneckomod:UnknownBlock","sneckomod:UnknownClassSILVER"],"picked":"sneckomod:Restock","floor":10},{"not_picked":["sneckomod:SoulRoll","sneckomod:UnknownClassGREEN"],"picked":"sneckomod:DiceBlock","floor":11},{"not_picked":["sneckomod:UnknownBlock","sneckomod:UnknownWeak"],"picked":"sneckomod:UnknownClassBLUE","floor":13},{"not_picked":["sneckomod:DiceBlock","sneckomod:UnknownCommonSkill"],"picked":"sneckomod:UnknownClassDEFAULT_GRAY_COLOR","floor":14},{"not_picked":["sneckomod:UnknownClassSILVER","sneckomod:UnknownClassINFINITE_BLACK"],"picked":"sneckomod:UnknownRarePower","floor":15},{"not_picked":["sneckomod:UnknownRareSkill","sneckomod:SoulExchange"],"picked":"sneckomod:UnknownRarePower","floor":16},{"not_picked":[],"picked":"sneckomod:UnknownClassSILVER","floor":19},{"not_picked":[],"picked":"sneckomod:QuickBite+1","floor":23},{"not_picked":[],"picked":"sneckomod:UnknownClassBLUE+1","floor":23},{"not_picked":[],"picked":"sneckomod:DiceBlock","floor":27},{"not_picked":[],"picked":"sneckomod:UnknownClassTHE_CURSED_PURPLE","floor":27},{"not_picked":[],"picked":"sneckomod:UnknownVulnerable+1","floor":27},{"not_picked":[],"picked":"sneckomod:UnknownClassSILVER","floor":29},{"not_picked":[],"picked":"sneckomod:UnknownClassSHADE_COLOR","floor":29},{"not_picked":[],"picked":"sneckomod:UnknownClassSHADE_COLOR","floor":29},{"not_picked":[],"picked":"sneckomod:DiceCrush","floor":30},{"not_picked":[],"picked":"sneckomod:UnknownBlock+1","floor":30},{"not_picked":[],"picked":"sneckomod:UnknownClassTHE_CHAMP_GRAY","floor":30},{"not_picked":[],"picked":"sneckomod:UnknownClassHEXA_GHOST_PURPLE","floor":32},{"not_picked":[],"picked":"sneckomod:MasterEye","floor":32},{"not_picked":[],"picked":"sneckomod:UnknownWeak","floor":32},{"not_picked":[],"picked":"sneckomod:Restock","floor":33},{"not_picked":["Replace+1"],"picked":"sneckomod:UnknownCommonSkill","floor":36},{"not_picked":["sneckomod:UnknownVulnerable+1"],"picked":"sneckomod:Unknown1Cost+1","floor":36},{"not_picked":["sneckomod:DiceBoulder"],"picked":"sneckomod:RainOfDice+1","floor":36},{"not_picked":["Unruled+1"],"picked":"Rewind+1","floor":37},{"not_picked":["Rewind+1"],"picked":"ShiftingGears","floor":37},{"not_picked":["Foresight"],"picked":"sneckomod:UnknownRarePower","floor":37},{"not_picked":["DoubleEdge+1"],"picked":"sneckomod:UnknownClassTHE_CURSED_PURPLE","floor":38},{"not_picked":["sneckomod:SoulDraw"],"picked":"sneckomod:UnknownUncommonPower","floor":38},{"not_picked":["sneckomod:IronFang+1"],"picked":"sneckomod:UnknownExhaust+1","floor":38},{"not_picked":["Potential+1"],"picked":"sneckomod:SoulRoll","floor":40},{"not_picked":["ShatteredReality+1"],"picked":"Revamp","floor":40},{"not_picked":["sneckomod:SnakeSap"],"picked":"sneckomod:UnknownStrike+1","floor":40},{"not_picked":["SurpressingFire+1"],"picked":"sneckomod:UnknownUncommonPower+1","floor":42},{"not_picked":["ShiftingGears+1"],"picked":"sneckomod:SnekBeam","floor":43},{"not_picked":["Revamp+1"],"picked":"sneckomod:UnknownBlock+1","floor":43},{"not_picked":["sneckomod:QuickBite"],"picked":"sneckomod:DangerNoodle","floor":43},{"not_picked":["Initiator"],"picked":"sneckomod:SoulRoll+1","floor":44},{"not_picked":["ReplayTheSpireMod:Black Plague","ReplayTheSpireMod:Echoes of Time"],"picked":"infinitespire:UltimateForm","floor":46},{"not_picked":["BottledTime"],"picked":"Rearm+1","floor":47},{"not_picked":["sneckomod:UnknownBlock"],"picked":"sneckomod:UnknownClassSILVER","floor":47},{"not_picked":["FastForward"],"picked":"sneckomod:IronFang+1","floor":47},{"not_picked":["DoubleEdge"],"picked":"sneckomod:UnknownBlock","floor":48},{"not_picked":["TimeWarp"],"picked":"Starlight","floor":48},{"not_picked":["ShatteredReality"],"picked":"TrueSight","floor":48},{"not_picked":["SurpressingFire"],"picked":"sneckomod:Unknown1Cost","floor":49},{"not_picked":["TimeTheft+1"],"picked":"sneckomod:DiceBoulder+1","floor":49},{"not_picked":["sneckomod:UnknownClassCONSTRUCTMOD"],"picked":"sneckomod:DiceBlock","floor":49}],"player_experience":62288,"relics_obtained":[{"floor":9,"key":"Odd Mushroom"},{"floor":10,"key":"ReplayTheSpireMod:Ninjato"},{"floor":12,"key":"infinitespire:EmpoweringShard"},{"floor":19,"key":"infinitespire:BottledMercury"},{"floor":24,"key":"sneckomod:ConfusingCodex"},{"floor":25,"key":"downfall:GremlinWheel"},{"floor":39,"key":"ReplayTheSpireMod:Lightbulb"},{"floor":41,"key":"infinitespire:Eraser"},{"floor":42,"key":"Replay:Rubber Ducky"},{"floor":44,"key":"aspiration:ChemicalBlood"}],"event_choices":[{"damage_healed":0,"gold_gain":0,"player_choice":"Fought Mushrooms","damage_taken":0,"max_hp_gain":0,"max_hp_loss":0,"event_name":"Mushrooms","floor":9,"gold_loss":0},{"damage_healed":0,"gold_gain":200,"player_choice":"Gold","damage_taken":0,"max_hp_gain":0,"max_hp_loss":0,"event_name":"Wheel of Change","floor":26,"gold_loss":0},{"cards_removed":["sneckomod:UnknownRarePower"],"damage_healed":50,"gold_gain":0,"player_choice":"Offered Rare","damage_taken":0,"max_hp_gain":10,"max_hp_loss":0,"event_name":"Bonfire Elementals","floor":31,"gold_loss":0}],"is_beta":false,"boss_relics":[{"not_picked":["ReplayTheSpireMod:DimensionalGlitch","Sozu"],"picked":"Busted Crown"},{"not_picked":["Painkiller Herb","hubris:HollowSoul"],"picked":"aspiration:ServantSkillbook"}],"items_purged_floors":[],"is_endless":false,"potions_floor_spawned":[10,13,14,15,25,32,33,36,38,42,48,49],"ascension_level":0}}