{"host":"f5n4tidiz2n5sooh","time":1608519596,"event":{"mods":["BaseMod","Bestiary","Colored Map","Minty Spire (QoL Compilation)","Relic Stats","StSLib"],"gold_per_floor":[118,136,136,136,136,136,179,179,179,179,219,219,232,247,247,247,247],"floor_reached":16,"playtime":398,"items_purged":[],"score":216,"play_id":"262f13cc-69d7-4d9f-8465-25826171dc1b","local_time":"20201220205956","is_ascension_mode":true,"campfire_choices":[{"floor":6,"key":"REST"},{"floor":8,"key":"REST"},{"floor":10,"key":"REST"},{"floor":15,"key":"REST"}],"circlet_count":0,"master_deck":["AscendersBane","Strike_B","Strike_B","Strike_B","Strike_B","Defend_B","Defend_B","Defend_B","Defend_B","Zap","Dualcast","Cold Snap","Lockon","Coolheaded","Thunder Strike","Biased Cognition","Ball Lightning"],"relics":["Fusion Hammer","Ornamental Fan","Golden Idol","Anchor","Meat on the Bone","Happy Flower","CultistMask"],"acts_visited":["Exordium"],"potions_floor_usage":[16],"damage_taken":[{"damage":2,"enemies":"Jaw Worm","floor":1,"turns":3},{"damage":12,"enemies":"Small Slimes","floor":2,"turns":3},{"damage":27,"enemies":"Lagavulin","floor":7,"turns":6},{"damage":23,"enemies":"3 Sentries","floor":11,"turns":9},{"damage":0,"enemies":"2 Louse","floor":13,"turns":3},{"damage":0,"enemies":"2 Fungi Beasts","floor":14,"turns":4},{"damage":72,"enemies":"Slime Boss","floor":16,"turns":8}],"seed_played":"4328477711384327678","potions_obtained":[{"floor":2,"key":"Weak Potion"},{"floor":13,"key":"Swift Potion"}],"is_trial":false,"path_per_floor":["M","M","?","?","?","R","E","R","T","R","E","?","M","M","R","B"],"character_chosen":"DEFECT","items_purchased":[],"campfire_rested":4,"item_purchase_floors":[],"current_hp_per_floor":[62,50,32,32,37,57,30,50,50,69,46,46,46,46,66,0,0],"gold":247,"neow_bonus":"BOSS_RELIC","is_daily":false,"chose_seed":false,"campfire_upgraded":0,"win_rate":0.0,"timestamp":1608519596,"path_taken":["M","M","?","?","?","R","E","R","T","R","E","?","M","M","R","BOSS"],"items_purchased_type":[],"build_version":"2020-12-13","purchased_purges":0,"victory":false,"max_hp_per_floor":[71,71,71,64,69,69,69,69,69,69,69,69,69,69,69,69,69],"relic_stats":{"Happy Flower":[5],"counters":[7,36],"Ornamental Fan":[24],"Golden Idol":23,"obtain_stats":[{"Anchor":7,"Happy Flower":11,"Ornamental Fan":3,"Golden Idol":4,"Fusion Hammer":0,"CultistMask":12,"Cracked Core":0,"Meat on the Bone":9},{"Anchor":3,"Happy Flower":4,"Ornamental Fan":2,"Golden Idol":2,"Fusion Hammer":0,"CultistMask":4,"Cracked Core":0,"Meat on the Bone":3},{"Anchor":12,"Happy Flower":21,"Ornamental Fan":6,"Golden Idol":6,"Fusion Hammer":0,"CultistMask":21,"Cracked Core":0,"Meat on the Bone":12}],"Meat on the Bone":0},"card_choices":[{"not_picked":["Leap","Gash"],"picked":"Cold Snap","floor":1},{"not_picked":["Steam","Chill"],"picked":"Lockon","floor":2},{"not_picked":["Gash","Go for the Eyes"],"picked":"Coolheaded","floor":7},{"not_picked":["Go for the Eyes","Streamline"],"picked":"Thunder Strike","floor":11},{"not_picked":["Sweeping Beam","Conserve Battery"],"picked":"Biased Cognition","floor":13},{"not_picked":["Coolheaded","Turbo"],"picked":"Ball Lightning","floor":14}],"player_experience":1906741,"relics_obtained":[{"floor":7,"key":"Anchor"},{"floor":9,"key":"Meat on the Bone"},{"floor":11,"key":"Happy Flower"}],"event_choices":[{"damage_healed":0,"gold_gain":0,"player_choice":"Success","damage_taken":18,"relics_obtained":["Ornamental Fan"],"max_hp_gain":0,"max_hp_loss":0,"event_name":"Scrap Ooze","floor":3,"gold_loss":0},{"damage_healed":0,"gold_gain":0,"player_choice":"Lose Max HP","damage_taken":0,"relics_obtained":["Golden Idol"],"max_hp_gain":0,"max_hp_loss":7,"event_name":"Golden Idol","floor":4,"gold_loss":0},{"damage_healed":0,"gold_gain":0,"player_choice":"Donut","damage_taken":0,"max_hp_gain":5,"max_hp_loss":0,"event_name":"Big Fish","floor":5,"gold_loss":0},{"damage_healed":0,"gold_gain":0,"player_choice":"Trade","damage_taken":0,"relics_obtained":["CultistMask"],"max_hp_gain":0,"max_hp_loss":0,"event_name":"FaceTrader","floor":12,"gold_loss":0}],"is_beta":false,"boss_relics":[],"items_purged_floors":[],"is_endless":false,"potions_floor_spawned":[2,13],"killed_by":"Slime Boss","ascension_level":20}}