{"host":"zpgqcfwzjt3ivxzp","time":1608538369,"event":{"mods":["BaseMod","Better Altar","Better Match","Better Note","Better Sensory Stone","Better Skull","Better Third Choice","BetterRewards","Card Forge","Colored Map","Colored Powertips","Custom Start","Highlight Path","Infinite Spire","Minty Spire (QoL Compilation)","Quick Restart","Replay The Spire","StSLib"],"gold_per_floor":[117,217,237,254,268,268,268,297,297,297,314,314,342,354,354,455,455,467,407,422,422,422,448,461,495,518,532,552,552,580,580,580,677,677,693,712,335,351,401,401,426,426,499,136,152,177,177,195,195,195,195,195,12,38,38],"floor_reached":56,"playtime":5120,"items_purged":["Strike_G","Defend_G","Strike_G","Strike_G"],"score":2623,"play_id":"0fc4f9e2-cd99-4b02-bb4d-5db581024cc0","local_time":"20201221021249","is_ascension_mode":true,"campfire_choices":[{"data":"Footwork","floor":6,"key":"SMITH"},{"data":"Toxin Wave","floor":10,"key":"SMITH"},{"data":"Backflip","floor":15,"key":"SMITH"},{"floor":29,"key":"REST"},{"data":"Prepared","floor":32,"key":"SMITH"},{"floor":40,"key":"RECALL"},{"floor":42,"key":"REST"},{"floor":49,"key":"REST"},{"floor":52,"key":"REST"}],"circlet_count":0,"master_deck":["Strike_G","Defend_G","Neutralize","Specialist","Footwork+1","Deep Breath+1","Backflip+1","Finesse","Well Laid Plans","Dagger Spray","Deadly Poison","Deadly Poison","Toxin Wave+1","m_Survivalism","Backflip","Prepared+1","infinitespire:Neurotoxin+1","Backflip+1","Deadly Poison+1","Draining Mist+1","Escape Plan","Poison Darts+1","Adrenaline+1","Corpse Explosion+1","ReplayTheSpireMod:The Works+1","Caltrops+1","Escape Plan+1","Secret Weapon+1","Prepared+1","Flying Knee+1","Quick Slash+1","Slice+1"],"relics":["Ring of the Snake","Hammer of Thor","Seething Fire","Anvil of the Gods","TwistedFunnel","Iron Hammer","Blue Doll","FossilizedHelix","infinitespire:CheckeredPen","infinitespire:Cupcake","Enchiridion","Question Card","Mercury Hourglass","Potion Belt","Golden Egg","Replay:Bronze Core","Bird Faced Urn","Fusion Hammer","ReplayTheSpireMod:Shallot","Durian","Akabeko","Shuriken","Replay:Baseball","Art of War","Unceasing Top"],"acts_visited":["Exordium","TheCity","TheBeyond","TheEnding"],"potions_floor_usage":[8,13,25,33,33,33,50,53,55,55,55,55,55],"damage_taken":[{"damage":0,"enemies":"2 Louse","floor":1,"turns":2},{"damage":0,"enemies":"Cultist","floor":3,"turns":3},{"damage":1,"enemies":"Jaw Worm","floor":4,"turns":3},{"damage":0,"enemies":"3 Louse","floor":5,"turns":1},{"damage":4,"enemies":"Gremlin Nob","floor":8,"turns":4},{"damage":0,"enemies":"2 Fungi Beasts","floor":11,"turns":2},{"damage":0,"enemies":"3 Sentries","floor":13,"turns":5},{"damage":0,"enemies":"Looter","floor":14,"turns":2},{"damage":0,"enemies":"Fading Forest","floor":16,"turns":11},{"damage":14,"enemies":"2 Thieves","floor":18,"turns":3},{"damage":0,"enemies":"Chosen","floor":20,"turns":3},{"damage":0,"enemies":"Slavers","floor":23,"turns":3},{"damage":0,"enemies":"Shelled Parasite and Fungi","floor":24,"turns":3},{"damage":0,"enemies":"Gremlin Leader","floor":25,"turns":4},{"damage":0,"enemies":"3 Cultists","floor":27,"turns":3},{"damage":0,"enemies":"Cultist and Chosen","floor":28,"turns":3},{"damage":0,"enemies":"Replay:Snechameleon","floor":30,"turns":3},{"damage":0,"enemies":"Collector","floor":33,"turns":3},{"damage":0,"enemies":"3 Darklings","floor":35,"turns":2},{"damage":0,"enemies":"Orb Walker","floor":36,"turns":2},{"damage":0,"enemies":"Spire Growth","floor":38,"turns":2},{"damage":0,"enemies":"Mind Bloom Boss Battle","floor":39,"turns":3},{"damage":0,"enemies":"R_Hoarder","floor":41,"turns":4},{"damage":0,"enemies":"Jaw Worm Horde","floor":45,"turns":2},{"damage":0,"enemies":"Nemesis","floor":46,"turns":3},{"damage":0,"enemies":"Maw","floor":48,"turns":3},{"damage":0,"enemies":"infinitespire:MassOfShapes","floor":50,"turns":5},{"damage":7,"enemies":"Shield and Spear","floor":54,"turns":3},{"damage":18,"enemies":"The Heart","floor":55,"turns":4}],"seed_played":"-5727511104790905016","potions_obtained":[{"floor":5,"key":"Adrenaline Potion"},{"floor":8,"key":"Swift Potion"},{"floor":11,"key":"Flashbang"},{"floor":20,"key":"Energy Potion"},{"floor":24,"key":"SteroidPotion"},{"floor":27,"key":"Adrenaline Potion"},{"floor":28,"key":"Explosive Potion"},{"floor":39,"key":"LiquidBronze"},{"floor":45,"key":"Elixir"},{"floor":46,"key":"ColorlessPotion"},{"floor":48,"key":"LiquidMemories"}],"is_trial":false,"path_per_floor":["M","?","M","M","M","R","?","E","T","R","M","?","E","M","R","B",null,"M","?","M","?","?","E","M","E","T","M","M","R","E","AVR","R","B",null,"M","M","$","M","?","R","E","R","T","$","M","E","?","M","R","B",null,"R","$","E","B",null],"character_chosen":"THE_SILENT","items_purchased":["TwistedFunnel","Iron Hammer","Specialist","Footwork","Deep Breath","Backflip","Finesse","Blue Doll","Well Laid Plans","ReplayTheSpireMod:Shallot","Secret Weapon","Prepared","Replay:Baseball","Fruit Juice","DistilledChaos","Quick Slash"],"campfire_rested":4,"item_purchase_floors":[0,0,0,0,0,0,0,0,0,37,44,44,44,53,53,53],"current_hp_per_floor":[63,63,63,62,62,62,62,58,58,58,58,58,58,58,58,66,69,55,55,55,55,39,39,39,39,39,39,39,60,60,60,60,68,70,70,70,70,70,75,75,75,75,75,75,75,75,75,75,75,75,75,75,80,73,62],"gold":38,"neow_bonus":"","is_daily":false,"chose_seed":false,"campfire_upgraded":4,"win_rate":0.0,"timestamp":1608538369,"path_taken":["M","?","M","M","?","R","?","E","T","R","M","?","E","M","R","BOSS","M","?","M","?","?","E","M","E","T","M","M","R","E","AVR","R","BOSS","M","M","$","M","?","R","E","R","T","$","M","E","?","M","R","BOSS","R","$","E","BOSS"],"items_purchased_type":["Relic","Relic","Card","Card","Card","Card","Card","Relic","Card","Relic","Card","Card","Relic","Potion","Potion","Card"],"build_version":"2020-12-13","purchased_purges":4,"victory":true,"max_hp_per_floor":[70,70,70,70,70,70,70,70,70,70,70,70,70,70,70,70,70,70,70,70,70,70,70,70,70,70,70,70,70,70,70,70,70,70,70,70,70,70,75,75,75,75,75,75,75,75,75,75,75,75,75,75,80,80,80],"card_choices":[{"not_picked":["Endless Agony","Sucker Punch"],"picked":"Dagger Spray","floor":1},{"not_picked":["Bane","Blade Dance","Sucker Punch"],"picked":"SKIP","floor":3},{"not_picked":["Slice","Dagger Throw"],"picked":"Deadly Poison","floor":4},{"not_picked":["Underhanded Strike","Outmaneuver"],"picked":"Deadly Poison","floor":5},{"not_picked":["Endless Agony","Leg Sweep","Dash"],"picked":"SKIP","floor":8},{"not_picked":["Glass Knife","Underhanded Strike","Outmaneuver"],"picked":"SKIP","floor":11},{"not_picked":["Endless Agony","Outmaneuver"],"picked":"Backflip","floor":13},{"not_picked":["Deflect","Masterful Stab"],"picked":"Prepared","floor":14},{"not_picked":["Bullet Time","Poison Darts"],"picked":"infinitespire:Neurotoxin","floor":16},{"not_picked":["Dodge and Roll","Dagger Spray"],"picked":"Backflip+1","floor":18},{"not_picked":["Slice","PiercingWail+1","Fluid Movement"],"picked":"SKIP","floor":20},{"not_picked":["Well Laid Plans+1","Sneak Up","Accuracy"],"picked":"SKIP","floor":23},{"not_picked":["Dodge and Roll","All Out Attack","Bane+1"],"picked":"Deadly Poison+1","floor":24},{"not_picked":["Deflect","PiercingWail","Backstab"],"picked":"Draining Mist","floor":25},{"not_picked":["Draining Mist+1","Hidden Blade+1","Dodge and Roll"],"picked":"Escape Plan","floor":27},{"not_picked":["Backflip","ReplayTheSpireMod:Tripwire+1","Dodge and Roll","Riddle With Holes"],"picked":"SKIP","floor":28},{"not_picked":["Caltrops","Deadly Poison","Backflip"],"picked":"Poison Darts","floor":30},{"not_picked":["After Image","Phantasmal Killer","Burst"],"picked":"Adrenaline","floor":33},{"not_picked":["Caltrops","Poisoned Stab+1","Crippling Poison+1"],"picked":"ReplayTheSpireMod:The Works","floor":35},{"not_picked":["Cloak And Dagger+1","Footwork+1","Sucker Punch+1","ReplayTheSpireMod:Scrap Shanks"],"picked":"SKIP","floor":36},{"not_picked":["Blur+1","Riddle With Holes+1","Underhanded Strike+1"],"picked":"Caltrops+1","floor":38},{"not_picked":["Endless Agony","Riddle With Holes+1","Quick Slash"],"picked":"Escape Plan+1","floor":39},{"not_picked":["Outmaneuver","Dagger Spray","Bouncing Flask","Dash+1"],"picked":"SKIP","floor":41},{"not_picked":["Toxin Wave","Sucker Punch+1","Sneak Up+1","Accuracy+1"],"picked":"SKIP","floor":45},{"not_picked":["ReplayTheSpireMod:Scrap Shanks+1","Storm of Steel","Bouncing Flask+1"],"picked":"Flying Knee+1","floor":46},{"not_picked":["Well Laid Plans+1","Slice","Dodge and Roll","Eviscerate+1"],"picked":"SKIP","floor":48},{"not_picked":["Infinite Blades","Sucker Punch","Grand Finale"],"picked":"Slice+1","floor":54}],"player_experience":902266,"relics_obtained":[{"floor":8,"key":"FossilizedHelix"},{"floor":13,"key":"infinitespire:CheckeredPen"},{"floor":22,"key":"Enchiridion"},{"floor":23,"key":"Question Card"},{"floor":25,"key":"Mercury Hourglass"},{"floor":26,"key":"Potion Belt"},{"floor":30,"key":"Golden Egg"},{"floor":39,"key":"Durian"},{"floor":41,"key":"Akabeko"},{"floor":43,"key":"Shuriken"},{"floor":46,"key":"Art of War"},{"floor":54,"key":"Unceasing Top"}],"event_choices":[{"damage_healed":0,"gold_gain":100,"player_choice":"Pray","damage_taken":0,"max_hp_gain":0,"max_hp_loss":0,"event_name":"Golden Shrine","floor":2,"gold_loss":0},{"damage_healed":0,"gold_gain":0,"player_choice":"Ignored","damage_taken":0,"max_hp_gain":0,"max_hp_loss":0,"event_name":"Ghosts","floor":21,"gold_loss":0},{"damage_healed":0,"gold_gain":0,"player_choice":"Obtained Book","damage_taken":16,"max_hp_gain":0,"max_hp_loss":0,"event_name":"Cursed Tome","floor":22,"gold_loss":0},{"damage_healed":0,"gold_gain":0,"player_choice":"Fight","damage_taken":0,"max_hp_gain":0,"max_hp_loss":0,"event_name":"MindBloom","floor":39,"gold_loss":0}],"is_beta":false,"boss_relics":[{"not_picked":["Busted Crown","Honey Jar"],"picked":"infinitespire:Cupcake"},{"not_picked":["Cursed Key","SlaversCollar"],"picked":"Fusion Hammer"}],"items_purged_floors":[0,0,31,37],"is_endless":false,"potions_floor_spawned":[5,8,11,16,20,24,27,28,39,45,46,48],"ascension_level":9}}