{"host":"cbnfbo28eyz4xcn1","time":1608590761,"event":{"mods":["BaseMod","Colored Map","Colored Powertips","Infinite Spire","Minty Spire (QoL Compilation)","Replay The Spire","StSLib"],"gold_per_floor":[209,209,209,285,53,86,97,97,97,131,142,155,171,194,194,299,299,315,414,414,414,424,424,72,92,92,92,192,204,220,233,233,328,328,343,362,462,462,16,16,34,34,34,34,44,44,77,92,92,92],"floor_reached":51,"playtime":2403,"items_purged":[],"score":1126,"play_id":"802d9a49-f570-4f38-a511-bf5f2ed83552","local_time":"20201221234601","is_ascension_mode":true,"campfire_choices":[{"floor":8.0,"key":"REST"},{"floor":15.0,"key":"REST"},{"data":"infinitespire:Punishment","floor":23.0,"key":"SMITH"},{"floor":27.0,"key":"REST"},{"floor":32.0,"key":"REST"},{"floor":40.0,"key":"REST"},{"data":"infinitespire:TheBestDefense","floor":42.0,"key":"SMITH"},{"floor":44.0,"key":"REST"},{"floor":46.0,"key":"REST"},{"data":"Massacre","floor":49.0,"key":"SMITH"}],"circlet_count":0,"master_deck":["AscendersBane","Strike_R","Strike_R","Strike_R","Strike_R","Defend_R","Defend_R","Defend_R","Defend_R","Bash+1","Heavy Blade","infinitespire:Menacing","Cleave","Cleave","Flex","Impervious","Anger","Twin Strike","Body Slam","Anger","Rage","Limit Break","Power Through","infinitespire:Punishment+1","Anger","Replay:BasicMightCard","ReplayTheSpireMod:Stacked","Metallicize","Pummel","True Grit+1","Impervious","Double Tap","Heavy Blade+1","Power Through+1","infinitespire:TheBestDefense+1","Impervious","Flame Barrier","Thunderclap+1","Entrench","Massacre+1","Replay:Undeath\u0027s Touch"],"relics":["Burning Blood","Oddly Smooth Stone","Bag of Preparation","Bag of Marbles","infinitespire:Satchel","Nloth\u0027s Gift","Matryoshka","Self Forming Clay","PreservedInsect","Pondfish Scales","Onion Ring","Black Star","CaptainsWheel","King of Hearts","Torii","Smiling Mask","Ornamental Fan","Centennial Puzzle","infinitespire:BottledMercury"],"acts_visited":["Exordium","TheCity","TheBeyond"],"potions_floor_usage":[50,50],"damage_taken":[{"damage":7.0,"enemies":"Jaw Worm","floor":1.0,"turns":4.0},{"damage":35.0,"enemies":"Lagavulin","floor":6.0,"turns":6.0},{"damage":0.0,"enemies":"Small Slimes","floor":7.0,"turns":2.0},{"damage":14.0,"enemies":"3 Sentries","floor":10.0,"turns":8.0},{"damage":0.0,"enemies":"2 Louse","floor":11.0,"turns":1.0},{"damage":6.0,"enemies":"Exordium Wildlife","floor":12.0,"turns":3.0},{"damage":7.0,"enemies":"Blue Slaver","floor":13.0,"turns":2.0},{"damage":36.0,"enemies":"Hexaghost","floor":16.0,"turns":8.0},{"damage":37.0,"enemies":"Chosen","floor":18.0,"turns":6.0},{"damage":0.0,"enemies":"Shell Parasite","floor":22.0,"turns":1.0},{"damage":37.0,"enemies":"Centurion and Healer","floor":25.0,"turns":5.0},{"damage":8.0,"enemies":"Colosseum Slavers","floor":28.0,"turns":2.0},{"damage":5.0,"enemies":"Colosseum Nobs","floor":28.0,"turns":4.0},{"damage":0.0,"enemies":"3 Cultists","floor":29.0,"turns":5.0},{"damage":17.0,"enemies":"Snecko","floor":30.0,"turns":5.0},{"damage":2.0,"enemies":"Centurion and Healer","floor":31.0,"turns":4.0},{"damage":56.0,"enemies":"Collector","floor":33.0,"turns":7.0},{"damage":7.0,"enemies":"3 Shapes","floor":35.0,"turns":2.0},{"damage":0.0,"enemies":"Orb Walker","floor":36.0,"turns":2.0},{"damage":25.0,"enemies":"infinitespire:Three Voidlings","floor":37.0,"turns":5.0},{"damage":51.0,"enemies":"Nightmare_Alpha","floor":37.0,"turns":11.0},{"damage":16.0,"enemies":"3 Darklings","floor":41.0,"turns":5.0},{"damage":8.0,"enemies":"Writhing Mass","floor":45.0,"turns":3.0},{"damage":1.0,"enemies":"Giant Head","floor":47.0,"turns":4.0},{"damage":12.0,"enemies":"Transient","floor":48.0,"turns":5.0},{"damage":3,"enemies":"infinitespire:MassOfShapes","floor":50,"turns":3}],"seed_played":"7921512689145277053","potions_obtained":[{"floor":1.0,"key":"SpeedPotion"},{"floor":6.0,"key":"DistilledChaos"},{"floor":10.0,"key":"SteroidPotion"},{"floor":12.0,"key":"HeartOfIron"},{"floor":18.0,"key":"SmokeBomb"},{"floor":25.0,"key":"Milkshake"},{"floor":30.0,"key":"Ancient Potion"},{"floor":33.0,"key":"LiquidBronze"},{"floor":37.0,"key":"Block Potion"},{"floor":41.0,"key":"Fire Potion"},{"floor":45.0,"key":"PowerPotion"},{"floor":47.0,"key":"HeartOfIron"}],"is_trial":false,"path_per_floor":["M","?","?","?","$","E","M","R","T","E","M","M","M","T","R","B",null,"M","?","?","AVR","M","R","$","M","T","R","?","M","M","M","R","B",null,"M","M","?","?","$","R","M","R","T","R","M","R","E","M","R","B",null],"character_chosen":"IRONCLAD","items_purchased":["Cleave","Art of War","Flex","Matryoshka","Replay:BasicMightCard","King of Hearts","Torii"],"campfire_rested":7,"item_purchase_floors":[5,5,5,24,24,39,39],"current_hp_per_floor":[71,50,50,50,50,21,27,51,51,43,49,49,48,48,72,42,71,40,40,40,40,46,46,46,15,15,39,38,44,33,37,61,11,63,62,68,9,9,9,33,23,23,23,47,45,69,74,68,68,71],"gold":92,"neow_bonus":"HUNDRED_GOLD","is_daily":false,"chose_seed":false,"campfire_upgraded":3,"win_rate":0.0,"timestamp":1608590761,"path_taken":["M","?","?","?","$","E","M","R","T","E","M","M","M","?","R","BOSS","M","?","?","AVR","?","R","?","M","T","R","?","M","M","M","R","BOSS","M","M","?","?","$","R","M","R","T","R","?","R","E","?","R","BOSS"],"items_purchased_type":["Card","Relic","Card","Relic","Card","Relic","Relic"],"build_version":"2020-12-13","purchased_purges":0,"victory":true,"max_hp_per_floor":[80,80,80,80,80,80,80,80,80,80,80,80,80,80,80,80,80,80,80,80,80,80,80,80,80,80,80,80,80,80,80,80,80,80,80,80,80,80,80,80,80,80,80,80,80,80,80,80,80,80],"card_choices":[{"not_picked":["Headbutt","Replay:Undeath\u0027s Touch"],"picked":"Heavy Blade","floor":1.0},{"not_picked":["ReplayTheSpireMod:Black Plague","infinitespire:UltimateForm"],"picked":"infinitespire:Menacing","floor":2.0},{"not_picked":["Seeing Red","Replay:Undeath\u0027s Touch"],"picked":"Impervious","floor":6.0},{"not_picked":["Body Slam","Twin Strike"],"picked":"Anger","floor":7.0},{"not_picked":["ReplayTheSpireMod:Strike From Hell","Abandon"],"picked":"Twin Strike","floor":10.0},{"not_picked":["ReplayTheSpireMod:Limb From Limb","Warcry"],"picked":"Body Slam","floor":11.0},{"not_picked":["Replay:Undeath\u0027s Touch","Thunderclap"],"picked":"Anger","floor":12.0},{"not_picked":["Headbutt","Uppercut"],"picked":"Rage","floor":13.0},{"not_picked":["Corruption","Feed"],"picked":"Limit Break","floor":16.0},{"not_picked":["Iron Wave+1","Havoc"],"picked":"Power Through","floor":18.0},{"not_picked":["Hemokinesis+1","Warcry"],"picked":"Anger","floor":22.0},{"not_picked":["Blood for Blood+1","Warcry"],"picked":"ReplayTheSpireMod:Stacked","floor":25.0},{"not_picked":["Armaments+1","Bludgeon"],"picked":"Metallicize","floor":28.0},{"not_picked":["Blood for Blood","Clothesline+1"],"picked":"Pummel","floor":29.0},{"not_picked":["Heavy Blade","Shrug It Off"],"picked":"True Grit+1","floor":30.0},{"not_picked":["Cleave","Pommel Strike+1"],"picked":"Impervious","floor":31.0},{"not_picked":["Juggernaut","Feed"],"picked":"Double Tap","floor":33.0},{"not_picked":["ReplayTheSpireMod:Strike From Hell+1","True Grit"],"picked":"Heavy Blade+1","floor":35.0},{"not_picked":["Havoc","Burning Pact"],"picked":"Power Through+1","floor":36.0},{"not_picked":["infinitespire:SealOfDarkness+","infinitespire:SevenWalls"],"picked":"infinitespire:TheBestDefense","floor":37.0},{"not_picked":["Sword Boomerang","Havoc+1"],"picked":"Impervious","floor":37.0},{"not_picked":["Clash","Defy Death"],"picked":"Thunderclap+1","floor":41.0},{"not_picked":["Hemokinesis+1","Bludgeon"],"picked":"Entrench","floor":45.0},{"not_picked":["Burning Pact+1","Intimidate"],"picked":"Massacre","floor":47.0},{"not_picked":["Life Link","Abandon"],"picked":"Replay:Undeath\u0027s Touch","floor":48.0}],"player_experience":446471,"relics_obtained":[{"floor":6.0,"key":"Oddly Smooth Stone"},{"floor":9.0,"key":"Bag of Preparation"},{"floor":10.0,"key":"Bag of Marbles"},{"floor":14.0,"key":"infinitespire:Satchel"},{"floor":26.0,"key":"Self Forming Clay"},{"floor":26.0,"key":"PreservedInsect"},{"floor":28.0,"key":"Pondfish Scales"},{"floor":28.0,"key":"Onion Ring"},{"floor":37.0,"key":"CaptainsWheel"},{"floor":43.0,"key":"Smiling Mask"},{"floor":43.0,"key":"Ornamental Fan"},{"floor":47.0,"key":"Centennial Puzzle"},{"floor":47.0,"key":"infinitespire:BottledMercury"}],"event_choices":[{"damage_healed":0.0,"max_hp_gain":0.0,"max_hp_loss":0.0,"gold_gain":0.0,"event_name":"Living Wall","player_choice":"Grow","floor":3.0,"gold_loss":0.0,"damage_taken":0.0,"cards_upgraded":["Bash"]},{"damage_healed":0.0,"max_hp_gain":0.0,"max_hp_loss":0.0,"gold_gain":76.0,"event_name":"Golden Wing","player_choice":"Gained Gold","floor":4.0,"gold_loss":0.0,"damage_taken":0.0},{"damage_healed":0.0,"max_hp_gain":0.0,"max_hp_loss":0.0,"gold_gain":99.0,"event_name":"Nest","player_choice":"Stole From Cult","floor":19.0,"gold_loss":0.0,"damage_taken":0.0},{"damage_healed":0.0,"max_hp_gain":0.0,"max_hp_loss":0.0,"gold_gain":0.0,"event_name":"N\u0027loth","player_choice":"Traded Relic","floor":20.0,"relics_lost":["Art of War"],"gold_loss":0.0,"damage_taken":0.0,"relics_obtained":["Nloth\u0027s Gift"]},{"damage_healed":0.0,"max_hp_gain":0.0,"max_hp_loss":0.0,"gold_gain":0.0,"event_name":"Colosseum","player_choice":"Fight","floor":28.0,"gold_loss":0.0,"damage_taken":0.0},{"damage_healed":0.0,"max_hp_gain":0.0,"max_hp_loss":0.0,"gold_gain":0.0,"event_name":"Colosseum","player_choice":"Fought Nobs","floor":28.0,"gold_loss":0.0,"damage_taken":0.0},{"damage_healed":0.0,"max_hp_gain":0.0,"max_hp_loss":0.0,"gold_gain":0.0,"cards_transformed":["Strike_R"],"event_name":"Transmorgrifier","player_choice":"Transformed","floor":38.0,"gold_loss":0.0,"damage_taken":0.0,"cards_obtained":["Flame Barrier"]}],"is_beta":false,"boss_relics":[{"not_picked":["Replay:Drink Me","Replay:Wanted Poster","Fusion Hammer"]},{"not_picked":["Runic Pyramid","Coffee Dripper"],"picked":"Black Star"}],"items_purged_floors":[],"is_endless":false,"potions_floor_spawned":[1,6,10,12,18,25,29,30,31,33,37,41,45,47],"ascension_level":11}}