{"host":"hfvpa4llnnjpeawn","time":1608524755,"event":{"mods":["2.2 Compatiblity","AchievementEnabler","Act Like it!","Aspiration","Bard","BaseMod","Beaked The Cultist","Better Sensory Stone","Better Skull","Better Third Choice","BetterRewards","CapriCore","Conspire","Downfall","Elementarium","Energized Spire","Hermit","Hubris","Jorbs\u0027s Wanderer Trilogy","Koishi","Lobotomy","LobotomyExtend","Minty Spire (QoL Compilation)","Replay The Spire","Shade Mod","Spicy Shops","StSLib","The Bladedancer","The Factory","The Gatherer","The Jungle","The Marked","Waifu the Spire","Wandering Minibosses"],"gold_per_floor":[272,272,295,18,32,63,63,76,100,127,923,923,132,156,156,274,274,291,291,726,61,86,72,72,84,84,84,26,26,44,44,44,155,155,183,225,251,14,20,20],"floor_reached":39,"playtime":2985,"items_purged":["Injury"],"score":580,"play_id":"f8ca1548-ba30-41fe-a2fd-07998cfd2c3c","local_time":"20201220232555","is_ascension_mode":false,"campfire_choices":[{"data":"Regret_ego","floor":15.0,"key":"SMITH"},{"data":"CherryBlossom","floor":24.0,"key":"SMITH"},{"data":"Christmas","floor":32.0,"key":"SMITH"}],"circlet_count":0,"master_deck":["SpecialBullet","SpecialBullet","SpecialBullet","SpecialBullet","SpecialBullet","SpecialBullet","SpecialBullet","SpecialBullet","ControlCode","SecurityCode","TrainingCode","VoidDream","CUTE","MagicBullet+1","Galaxy","SomewhereSpear","SomewhereSpear","Spore","Wellcheers","SolemnVow+1","TT2Protocol","Ecstasy","Rudolta","Regret_ego+1","ExtractionCode","Noise","FeatherOfHonor+1","WristCuter+1","Sadistic Nature","Alriune","Twilight+1","Freischutz","CENSORED_ego","RedShoes","Moonlight+1","CherryBlossom+1","Lantern+1","WristCuter+1","Writhe","TodaysExpression+1","QueenBee","Justitia+1","SpecialBullet","BodiesMountain","Christmas+1","Christmas+1","GreedKing","Yin","Twilight","SpecialBullet","expansioncontent:PrepareCrush"],"relics":["CogitoBucket","aspiration:Nostalgia","Slimebound:AbsorbEndCombat","LetterFromLob","hubris:ToyBattleship","Letter Opener","Lantern","Dead Branch","wanderingMiniBosses:MasterThiefsPresence","AspirationHeart","BargainBundle","hubris:PeanutButter","Replay:Bandana","Black Star","Elementarium:FlickeringLantern","hubris:SphereOfDissonance","aspiration:KaomsHeart"],"acts_visited":["Exordium","Exordium","TheBeyond"],"potions_floor_usage":[],"damage_taken":[{"damage":11.0,"enemies":"2 Louse","floor":1.0,"turns":2.0},{"damage":11.0,"enemies":"Jaw Worm","floor":5.0,"turns":2.0},{"damage":9.0,"enemies":"3 Sentries","floor":6.0,"turns":4.0},{"damage":1.0,"enemies":"Cultist","floor":8.0,"turns":3.0},{"damage":1.0,"enemies":"Lagavulin","floor":10.0,"turns":4.0},{"damage":25.0,"enemies":"Red Slaver","floor":11.0,"turns":5.0},{"damage":0.0,"enemies":"Large Slime","floor":14.0,"turns":2.0},{"damage":8.0,"enemies":"Hexaghost","floor":16.0,"turns":6.0},{"damage":4.0,"enemies":"Elementarium:VoidCorruption","floor":18.0,"turns":5.0},{"damage":0.0,"enemies":"Elementarium:Cyclone","floor":22.0,"turns":2.0},{"damage":35.0,"enemies":"Elementarium:ElementalPortal","floor":23.0,"turns":4.0},{"damage":47.0,"enemies":"Elementarium:3_ELEMENTALS","floor":25.0,"turns":2.0},{"damage":56.0,"enemies":"Elementarium:3_ELEMENTALS","floor":30.0,"turns":6.0},{"damage":14.0,"enemies":"Elementarium:GolemEmperor","floor":33.0,"turns":6.0},{"damage":0,"enemies":"Orb Walker","floor":35,"turns":2},{"damage":0,"enemies":"conspire:MimicChest","floor":36,"turns":3},{"damage":40,"enemies":"3 Shapes","floor":37,"turns":2},{"damage":210,"enemies":"Sphere and 2 Shapes","floor":39,"turns":4}],"seed_played":"-7525769235208639446","potions_obtained":[{"floor":1.0,"key":"AttackPotion"},{"floor":8.0,"key":"BlessingOfTheForge"},{"floor":14.0,"key":"Strength Potion"},{"floor":18.0,"key":"sneckomod:MuddlingPotion"},{"floor":33.0,"key":"CultistPotion"}],"is_trial":false,"path_per_floor":["M","?","T","$","M","E","R","M","T","E","M","R","$","M","R","B",null,"M","?","?","$","M","E","R","M","T","?","$","?","M","?","R","B",null,"M","?","M","$","M"],"character_chosen":"Angela","items_purchased":["MagicBullet+1","Galaxy","SomewhereSpear","BargainBundle","Block Potion","Explosive Potion","Fruit Juice","hubris:PeanutButter","Replay:Bandana","Noise","FeatherOfHonor+1","WristCuter+1","Sadistic Nature","CherryBlossom","hubris:SphereOfDissonance","Lantern+1","WristCuter+1","aspiration:KaomsHeart","Christmas","expansioncontent:PrepareCrush"],"campfire_rested":0,"item_purchase_floors":[4,4,4,13,13,13,13,13,13,13,13,13,13,21,21,21,21,21,28,38],"current_hp_per_floor":[67,67,67,67,64,63,63,70,70,70,55,55,65,73,73,76,90,90,90,51,151,167,146,146,187,187,187,187,187,162,162,162,190,190,190,190,161,161,0,0],"gold":20,"neow_bonus":"NOSTALGIA","is_daily":false,"chose_seed":false,"campfire_upgraded":3,"win_rate":0.0,"timestamp":1608524755,"path_taken":["M","?","?","$","M","E","R","M","T","E","?","R","?","M","R","BOSS","M","?","?","$","M","E","R","?","T","?","?","?","M","?","R","BOSS","M","?","M","$","M"],"items_purchased_type":["Card","Card","Card","Relic","Potion","Potion","Potion","Relic","Relic","Card","Card","Card","Card","Card","Relic","Card","Card","Relic","Card","Card"],"build_version":"2020-12-13","purchased_purges":1,"victory":false,"max_hp_per_floor":[70,70,70,70,70,70,70,70,70,70,80,80,90,90,90,90,90,90,90,90,190,190,190,190,190,190,190,190,190,190,190,190,190,190,190,190,190,190,190,190],"card_choices":[{"not_picked":["HappyTeddy","WallGazer"],"picked":"VoidDream","floor":1.0},{"not_picked":["Discord"],"picked":"CUTE","floor":1.0},{"not_picked":["BearPaw"],"picked":"Spore","floor":5.0},{"not_picked":["Funeral","Murderer"],"picked":"Wellcheers","floor":6.0},{"not_picked":["Laetitia_ego"],"picked":"SolemnVow+1","floor":6.0},{"not_picked":["Laetitia_ego","Wingbeat"],"picked":"SKIP","floor":8.0},{"not_picked":["InTheNameOfLoveAndHate"],"picked":"Ecstasy","floor":10.0},{"not_picked":["NakedNest","BeautyBeast"],"picked":"Rudolta","floor":11.0},{"not_picked":["FourthMatchFlame+1"],"picked":"Regret_ego","floor":11.0},{"not_picked":["WhitesApple","CherryBlossoms"],"picked":"Alriune","floor":14.0},{"not_picked":["SomewhereSpear","Tough+1"],"picked":"SKIP","floor":14.0},{"not_picked":["Adoration"],"picked":"Twilight+1","floor":16.0},{"not_picked":["HeroicMonk","CherryBlossoms"],"picked":"Freischutz","floor":16.0},{"not_picked":["TheSmile"],"picked":"CENSORED_ego","floor":16.0},{"not_picked":["Bloodbath","BlackSwan"],"picked":"RedShoes","floor":18.0},{"not_picked":["TodaysExpression"],"picked":"Moonlight+1","floor":18.0},{"not_picked":["ScreamingWedge+1"],"picked":"TodaysExpression+1","floor":22.0},{"not_picked":["PunishingBird","OldLady"],"picked":"QueenBee","floor":22.0},{"not_picked":["Tough+1","CUTE"],"picked":"SKIP","floor":22.0},{"not_picked":["Harvest+1"],"picked":"Justitia+1","floor":23.0},{"not_picked":["OSAHOGD","BigBird"],"picked":"BodiesMountain","floor":23.0},{"not_picked":["BearPaw","Horn+1"],"picked":"SKIP","floor":23.0},{"not_picked":["Murderer","SnowQueen"],"picked":"GreedKing","floor":30.0},{"not_picked":["Lantern+1","RapturousDream"],"picked":"SKIP","floor":30.0},{"not_picked":["ShyLook","QueenOfHatred"],"picked":"Yin","floor":33.0},{"not_picked":["GoldRush"],"picked":"Twilight","floor":33.0},{"not_picked":["Noise","Lantern"],"picked":"SKIP","floor":35},{"not_picked":["Horn+1","SomewhereSpear+1"],"picked":"SKIP","floor":37}],"player_experience":297081,"relics_obtained":[{"floor":1.0,"key":"LetterFromLob"},{"floor":3.0,"key":"hubris:ToyBattleship"},{"floor":6.0,"key":"Letter Opener"},{"floor":9.0,"key":"Lantern"},{"floor":10.0,"key":"Dead Branch"},{"floor":11.0,"key":"wanderingMiniBosses:MasterThiefsPresence"}],"event_choices":[{"damage_healed":0.0,"max_hp_gain":0.0,"max_hp_loss":0.0,"gold_gain":0.0,"event_name":"Elementarium:HeartOfTheVoid","player_choice":"Take","floor":19.0,"gold_loss":0.0,"damage_taken":0.0,"relics_obtained":["Elementarium:FlickeringLantern"]},{"damage_healed":0.0,"max_hp_gain":0.0,"max_hp_loss":0.0,"gold_gain":435.0,"event_name":"betterSkull:BetterSkull","player_choice":"GO GO GO GO ","floor":20.0,"gold_loss":0.0,"damage_taken":43.0,"cards_upgraded":[],"relics_obtained":[]},{"damage_healed":0.0,"max_hp_gain":0.0,"max_hp_loss":0.0,"gold_gain":0.0,"event_name":"Elementarium:IncubationChamber","player_choice":"Egg","floor":31.0,"relics_lost":["Molten Egg 2"],"gold_loss":0.0,"damage_taken":0.0,"relics_obtained":["Elementarium:HatchlingPhoenix"]}],"is_beta":false,"boss_relics":[{"not_picked":["aspiration:BeakedSkillbook","energizedSpire:NeverEndingSparkler"],"picked":"Black Star"},{"not_picked":["aspiration:KMNothing","aspiration:KMNothing"],"picked":"aspiration:KMNothing"}],"items_purged_floors":[4],"is_endless":false,"potions_floor_spawned":[1,8,14,18,33],"killed_by":"Sphere and 2 Shapes","ascension_level":0}}