{"host":"qwv9nni2x0umspiu","time":1608593054,"event":{"mods":["BaseMod","Downfall","Minty Spire (QoL Compilation)","Replay The Spire","StSLib","The Hierophant","Wandering Minibosses"],"gold_per_floor":[111,123,143,143,156,156,190,64,64,129,196,256,216,216],"floor_reached":13,"playtime":579,"items_purged":["hierophant:Defend_Hierophant"],"score":178,"play_id":"8d7c9436-967b-4dc1-b036-73b9f9c8c0df","local_time":"20201221152414","is_ascension_mode":true,"campfire_choices":[{"data":"hierophant:ChurchCoffers","floor":6,"key":"SMITH"}],"circlet_count":0,"master_deck":["AscendersBane","hierophant:Strike_Hierophant","hierophant:Strike_Hierophant","hierophant:Strike_Hierophant","hierophant:Punish","hierophant:Defend_Hierophant","hierophant:Defend_Hierophant","hierophant:Defend_Hierophant","hierophant:ChurchCoffers+1","hierophant:Zeal","hierophant:BulkyChest","hierophant:Shelter"],"relics":["hierophant:PropheticMaskRelic","NeowsBlessing","MealTicket"],"acts_visited":["Exordium"],"potions_floor_usage":[5,7,13],"damage_taken":[{"damage":0,"enemies":"Cultist","floor":1,"turns":1},{"damage":0,"enemies":"Jaw Worm","floor":2,"turns":1},{"damage":0,"enemies":"2 Louse","floor":3,"turns":1},{"damage":6,"enemies":"Red Slaver","floor":5,"turns":3},{"damage":25,"enemies":"3 Sentries","floor":7,"turns":8},{"damage":22,"enemies":"Lots of Slimes","floor":10,"turns":3},{"damage":3,"enemies":"Exordium Wildlife","floor":11,"turns":4},{"damage":1,"enemies":"2 Fungi Beasts","floor":12,"turns":3},{"damage":20,"enemies":"Gremlin Nob","floor":13,"turns":4}],"seed_played":"3758856885467247617","potions_obtained":[{"floor":2,"key":"LifebloodPotion"},{"floor":3,"key":"Strength Potion"},{"floor":11,"key":"sneckomod:MuddlingPotion"},{"floor":12,"key":"Guardian:BlockOnCardUsePotion"}],"is_trial":false,"path_per_floor":["M","M","M","?","M","R","E","$","T","M","M","M","E"],"character_chosen":"HIEROPHANT","items_purchased":["hierophant:Shelter"],"campfire_rested":0,"item_purchase_floors":[8],"current_hp_per_floor":[68,68,68,68,62,62,37,52,52,30,27,26,6,6],"gold":216,"neow_bonus":"THREE_ENEMY_KILL","is_daily":false,"chose_seed":false,"campfire_upgraded":1,"win_rate":0.0,"timestamp":1608593054,"path_taken":["M","?","M","?","M","R","E","$","T","M","M","M","E"],"items_purchased_type":["Card"],"build_version":"2020-12-13","purchased_purges":1,"victory":false,"max_hp_per_floor":[75,75,75,75,75,75,75,75,75,75,75,75,75,75],"card_choices":[{"not_picked":["hierophant:Doubloon","hierophant:Purify","hierophant:PassingBell"],"picked":"SKIP","floor":1},{"not_picked":["hierophant:ThreeLashes","hierophant:Encroach"],"picked":"hierophant:Zeal","floor":2},{"not_picked":["hierophant:Repentance","hierophant:AuricBeam","hierophant:Remorse"],"picked":"SKIP","floor":3},{"not_picked":["hierophant:HolyVerse","hierophant:RepressedViolence","hierophant:SolarFlare"],"picked":"SKIP","floor":5},{"not_picked":["hierophant:Remorse","hierophant:Doubloon"],"picked":"hierophant:BulkyChest","floor":7},{"not_picked":["hierophant:Remorse","hierophant:Mercenaries","hierophant:Sermon"],"picked":"SKIP","floor":10},{"not_picked":["hierophant:Encroach","hierophant:RepressedViolence","hierophant:FlamingChariot"],"picked":"SKIP","floor":11},{"not_picked":["hierophant:Doomsaying","hierophant:Encroach","hierophant:Remorse"],"picked":"SKIP","floor":12}],"player_experience":1291751,"relics_obtained":[{"floor":7,"key":"MealTicket"}],"event_choices":[{"cards_removed":["hierophant:Strike_Hierophant"],"damage_healed":0,"gold_gain":0,"player_choice":"Purged","damage_taken":0,"max_hp_gain":0,"max_hp_loss":0,"event_name":"Purifier","floor":4,"gold_loss":0}],"is_beta":false,"boss_relics":[],"items_purged_floors":[8],"is_endless":false,"potions_floor_spawned":[2,3,11,12],"killed_by":"Gremlin Nob","ascension_level":20}}