{"host":"cbnfbo28eyz4xcn1","time":1608594260,"event":{"mods":["BaseMod","Colored Map","Colored Powertips","Infinite Spire","Minty Spire (QoL Compilation)","Replay The Spire","StSLib"],"gold_per_floor":[117,117,117,117,20,20,39,39,66,66,123,142,175,24,24,129,129,148,247,247,247,247,247],"floor_reached":22,"playtime":799,"items_purged":[],"score":325,"play_id":"2cbb2c61-fc15-4d8c-a7f4-bc843a2ad563","local_time":"20201222004420","is_ascension_mode":true,"campfire_choices":[{"data":"Demon Form","floor":6,"key":"SMITH"},{"data":"infinitespire:Gouge","floor":10,"key":"SMITH"},{"floor":15,"key":"REST"}],"circlet_count":0,"master_deck":["AscendersBane","Strike_R","Strike_R","Strike_R","Strike_R","Defend_R","Defend_R","Defend_R","Defend_R+1","Bash","Demon Form+1","Shrug It Off","infinitespire:Gouge+1","ReplayTheSpireMod:Private Reserves","Heavy Blade","Pommel Strike","Infernal Blade","Limit Break+1","Berserk","Shrug It Off"],"relics":["Burning Blood","Gremlin Food","infinitespire:PuzzleCube","Replay:Bottled Steam","Membership Card","infinitespire:Burning Sword"],"acts_visited":["Exordium","TheCity"],"potions_floor_usage":[11,13,16],"damage_taken":[{"damage":1,"enemies":"2 Louse","floor":1,"turns":3},{"damage":9,"enemies":"Small Slimes","floor":7,"turns":5},{"damage":36,"enemies":"3 Sentries","floor":11,"turns":7},{"damage":7,"enemies":"Jaw Worm","floor":12,"turns":3},{"damage":8,"enemies":"Lagavulin","floor":13,"turns":5},{"damage":20,"enemies":"Slime Boss","floor":16,"turns":7},{"damage":44,"enemies":"3 Byrds","floor":18,"turns":6},{"damage":65,"enemies":"Masked Bandits","floor":22,"turns":4}],"seed_played":"6525428057898381433","potions_obtained":[{"floor":7,"key":"LiquidMemories"},{"floor":12,"key":"Block Potion"},{"floor":13,"key":"Adrenaline Potion"}],"is_trial":false,"path_per_floor":["M","?","?","?","$","R","M","?","T","R","?","M","E","$","R","B",null,"M","?","?","?","?"],"character_chosen":"IRONCLAD","items_purchased":["ReplayTheSpireMod:Private Reserves","Membership Card"],"campfire_rested":1,"item_purchase_floors":[5,14],"current_hp_per_floor":[77,57,62,62,62,62,59,59,59,59,29,28,26,26,51,37,73,35,35,35,63,0,0],"gold":247,"neow_bonus":"TRANSFORM_CARD","is_daily":false,"chose_seed":false,"campfire_upgraded":2,"win_rate":0.0,"timestamp":1608594260,"path_taken":["M","?","?","?","$","R","M","?","T","R","?","M","E","$","R","BOSS","M","?","?","?","?"],"items_purchased_type":["Card","Relic"],"build_version":"2020-12-13","purchased_purges":0,"victory":false,"max_hp_per_floor":[80,80,85,85,85,85,85,85,85,85,85,85,85,85,85,85,85,85,85,85,85,85,85],"card_choices":[{"not_picked":["Flex","Body Slam"],"picked":"Shrug It Off","floor":1},{"not_picked":["ReplayTheSpireMod:Haul","infinitespire:Fortify"],"picked":"infinitespire:Gouge","floor":2},{"not_picked":["Replay:Undeath\u0027s Touch","Blood for Blood"],"picked":"Heavy Blade","floor":7},{"not_picked":["Abandon","ReplayTheSpireMod:Strike From Hell"],"picked":"Pommel Strike","floor":11},{"not_picked":["infinitespire:OneForAll","Battle Trance"],"picked":"Infernal Blade","floor":12},{"not_picked":["Clash","Thunderclap"],"picked":"Limit Break","floor":13},{"not_picked":["Fiend Fire","Offering"],"picked":"Berserk","floor":16},{"not_picked":["Rupture","Twin Strike"],"picked":"Shrug It Off","floor":18}],"player_experience":451213,"relics_obtained":[{"floor":9,"key":"Gremlin Food"},{"floor":11,"key":"infinitespire:PuzzleCube"},{"floor":13,"key":"Replay:Bottled Steam"}],"event_choices":[{"damage_healed":0,"gold_gain":0,"player_choice":"Donut","damage_taken":0,"max_hp_gain":5,"max_hp_loss":0,"event_name":"Big Fish","floor":3,"gold_loss":0},{"damage_healed":0,"gold_gain":0,"player_choice":"Searched \u00272\u0027 times","damage_taken":0,"max_hp_gain":0,"max_hp_loss":0,"event_name":"Dead Adventurer","floor":11,"gold_loss":0},{"damage_healed":0,"gold_gain":99,"player_choice":"Stole From Cult","damage_taken":0,"max_hp_gain":0,"max_hp_loss":0,"event_name":"Nest","floor":19,"gold_loss":0},{"damage_healed":0,"gold_gain":0,"player_choice":"Ignored","damage_taken":0,"max_hp_gain":0,"max_hp_loss":0,"event_name":"Ghosts","floor":20,"gold_loss":0},{"damage_healed":28,"gold_gain":0,"player_choice":"Heal","damage_taken":0,"max_hp_gain":0,"max_hp_loss":0,"event_name":"The Library","floor":21,"gold_loss":0},{"damage_healed":0,"gold_gain":0,"player_choice":"Fought Bandits","damage_taken":0,"max_hp_gain":0,"max_hp_loss":0,"event_name":"Masked Bandits","floor":22,"gold_loss":0}],"is_beta":false,"boss_relics":[{"not_picked":["Astrolabe","Runic Dome"],"picked":"infinitespire:Burning Sword"}],"items_purged_floors":[],"is_endless":false,"potions_floor_spawned":[7,12,13],"killed_by":"Masked Bandits","ascension_level":12}}