{"host":"2sct7qpnpunnnd84","time":1608517087,"event":{"mods":["BaseMod","Minty Spire (QoL Compilation)","Quick Restart","StSLib","The IronCluck"],"gold_per_floor":[117,130,130,130,142,167,167,117,117,192,192,212,212,230,230,330,330,341,341,359,274,38,38,57,57,125,125,144,144,144,157,157,258,258,275,275,275,290,238,238,249,249,298,317,333,352,352,364,364,364],"floor_reached":51,"playtime":8592,"items_purged":[],"score":674,"play_id":"42723154-3edc-4976-9994-bff30ed6f884","local_time":"20201220181807","is_ascension_mode":false,"campfire_choices":[{"floor":7,"key":"REST"},{"floor":13,"key":"REST"},{"data":"Rampage","floor":15,"key":"SMITH"},{"floor":23,"key":"REST"},{"floor":25,"key":"REST"},{"floor":32,"key":"REST"},{"data":"Armaments","floor":40,"key":"SMITH"},{"floor":42,"key":"REST"},{"floor":49,"key":"REST"}],"circlet_count":0,"master_deck":["Strike_R","Strike_R","Strike_R","Strike_R+1","Defend_R","Defend_R","Defend_R+1","Defend_R","Bash","Spot Weakness+1","Headbutt","Thunderclap","Rage","Iron Wave","Rampage+1","Iron Wave+1","Demon Form","Rampage","Heavy Blade","Fire Breathing+1","Armaments+1","Searing Blow","Whirlwind","Reaper","Perfected Strike+1","Madness","Madness","Iron Wave+1","Armaments","Flex+1","Thunderclap","Flex","Inflame+1","Bludgeon"],"relics":["Burning Blood","Turnip","InkBottle","Sozu","Ornamental Fan","ClockworkSouvenir","Mercury Hourglass","MutagenicStrength","Oddly Smooth Stone","Velvet Choker","Bag of Preparation"],"acts_visited":["Exordium","TheCity","TheBeyond"],"potions_floor_usage":[16,41],"damage_taken":[{"damage":18,"enemies":"Cultist","floor":1,"turns":6},{"damage":0,"enemies":"Small Slimes","floor":2,"turns":3},{"damage":0,"enemies":"2 Louse","floor":5,"turns":3},{"damage":27,"enemies":"3 Sentries","floor":6,"turns":5},{"damage":8,"enemies":"2 Fungi Beasts","floor":12,"turns":3},{"damage":3,"enemies":"Red Slaver","floor":14,"turns":3},{"damage":50,"enemies":"Slime Boss","floor":16,"turns":9},{"damage":32,"enemies":"2 Thieves","floor":18,"turns":4},{"damage":6,"enemies":"Spheric Guardian","floor":20,"turns":4},{"damage":26,"enemies":"3 Cultists","floor":24,"turns":6},{"damage":23,"enemies":"Chosen and Byrds","floor":28,"turns":5},{"damage":17,"enemies":"Centurion and Healer","floor":31,"turns":5},{"damage":70,"enemies":"Champ","floor":33,"turns":10},{"damage":8,"enemies":"3 Shapes","floor":35,"turns":5},{"damage":12,"enemies":"3 Darklings","floor":38,"turns":4},{"damage":56,"enemies":"Writhing Mass","floor":41,"turns":5},{"damage":0,"enemies":"Jaw Worm Horde","floor":44,"turns":3},{"damage":31,"enemies":"Spire Growth","floor":45,"turns":4},{"damage":8,"enemies":"Sphere and 2 Shapes","floor":46,"turns":3},{"damage":41,"enemies":"Writhing Mass","floor":48,"turns":4},{"damage":111,"enemies":"Time Eater","floor":50,"turns":10}],"seed_played":"6603108451467649838","potions_obtained":[{"floor":1,"key":"FairyPotion"},{"floor":6,"key":"Swift Potion"},{"floor":14,"key":"Block Potion"},{"floor":16,"key":"Fruit Juice"}],"is_trial":false,"path_per_floor":["M","M","?","?","M","E","R","?","T","?","?","M","R","M","R","B",null,"M","?","M","?","$","R","M","R","T","?","M","?","?","M","R","B",null,"M","?","?","M","$","R","M","R","T","M","M","M","?","M","R","B",null],"character_chosen":"IRONCLAD","items_purchased":["Rampage","ClockworkSouvenir","Heavy Blade","Armaments"],"campfire_rested":7,"item_purchase_floors":[22,22,22,39],"current_hp_per_floor":[84,90,95,75,81,60,90,90,90,79,79,77,101,101,101,62,106,80,80,80,80,80,106,86,106,106,106,89,89,89,78,106,42,106,104,91,106,100,100,100,63,94,94,106,95,102,102,83,106,29],"gold":364,"neow_bonus":"TWENTY_PERCENT_HP_BONUS","is_daily":false,"chose_seed":false,"campfire_upgraded":2,"win_rate":0.0,"timestamp":1608517087,"path_taken":["M","M","?","?","M","E","R","?","T","?","?","M","R","M","R","BOSS","M","?","?","?","$","R","M","R","T","?","M","?","?","M","R","BOSS","M","?","?","M","$","R","M","R","T","?","?","M","?","M","R","BOSS"],"items_purchased_type":["Card","Relic","Card","Card"],"build_version":"2020-12-13","purchased_purges":0,"victory":true,"max_hp_per_floor":[96,96,101,101,101,101,101,101,101,101,101,101,101,101,101,106,106,106,106,106,106,106,106,106,106,106,106,106,106,106,106,106,106,106,106,106,106,106,106,106,106,106,106,106,106,106,106,106,106,106],"card_choices":[{"not_picked":["Havoc","Sword Boomerang"],"picked":"Spot Weakness","floor":1},{"not_picked":["Infernal Blade","Dual Wield"],"picked":"Headbutt","floor":2},{"not_picked":["Pommel Strike","Wild Strike"],"picked":"Thunderclap","floor":5},{"not_picked":["Havoc","Clash"],"picked":"Rage","floor":6},{"not_picked":["True Grit","Dark Embrace"],"picked":"Iron Wave","floor":12},{"not_picked":["Flex","True Grit"],"picked":"Rampage","floor":14},{"not_picked":["Burning Pact","Intimidate+1"],"picked":"Iron Wave+1","floor":18},{"not_picked":["Blood for Blood+1","Rupture"],"picked":"Dual Wield","floor":20},{"not_picked":["Pommel Strike","Heavy Blade"],"picked":"Fire Breathing+1","floor":24},{"not_picked":["Body Slam","Dual Wield"],"picked":"Searing Blow","floor":28},{"not_picked":["Metallicize","Clothesline"],"picked":"Whirlwind","floor":31},{"not_picked":["Brutality","Impervious"],"picked":"Reaper","floor":33},{"not_picked":["True Grit","Clash"],"picked":"Perfected Strike+1","floor":35},{"not_picked":["Anger","Infernal Blade+1"],"picked":"Iron Wave+1","floor":38},{"not_picked":["Power Through+1","Iron Wave+1"],"picked":"Flex+1","floor":41},{"not_picked":["Hemokinesis+1","Intimidate"],"picked":"Thunderclap","floor":44},{"not_picked":["Clash+1","Cleave"],"picked":"Flex","floor":45},{"not_picked":["Clash","Heavy Blade+1"],"picked":"Inflame+1","floor":46},{"not_picked":["Warcry+1","Iron Wave"],"picked":"Bludgeon","floor":48}],"player_experience":3364700,"relics_obtained":[{"floor":6,"key":"Turnip"},{"floor":9,"key":"InkBottle"},{"floor":26,"key":"Mercury Hourglass"},{"floor":43,"key":"Bag of Preparation"}],"event_choices":[{"damage_healed":0,"gold_gain":0,"player_choice":"Donut","damage_taken":0,"max_hp_gain":5,"max_hp_loss":0,"event_name":"Big Fish","floor":3,"gold_loss":0},{"damage_healed":0,"gold_gain":0,"player_choice":"Entered Light","damage_taken":20,"max_hp_gain":0,"max_hp_loss":0,"event_name":"Shining Light","floor":4,"gold_loss":0,"cards_upgraded":["Defend_R","Strike_R"]},{"cards_removed":["Doubt"],"damage_healed":0,"gold_gain":0,"player_choice":"Card Removal","damage_taken":0,"max_hp_gain":0,"max_hp_loss":0,"event_name":"The Cleric","floor":8,"gold_loss":50},{"damage_healed":0,"gold_gain":75,"player_choice":"Gather Gold","damage_taken":11,"max_hp_gain":0,"max_hp_loss":0,"event_name":"World of Goop","floor":10,"gold_loss":0},{"damage_healed":0,"gold_gain":0,"player_choice":"Grow","damage_taken":0,"max_hp_gain":0,"max_hp_loss":0,"event_name":"Living Wall","floor":11,"gold_loss":0,"cards_upgraded":["Spot Weakness"]},{"damage_healed":0,"gold_gain":0,"cards_transformed":["Strike_R"],"player_choice":"Transformed","damage_taken":0,"max_hp_gain":0,"max_hp_loss":0,"event_name":"Transmorgrifier","floor":19,"gold_loss":0,"cards_obtained":["Demon Form"]},{"damage_healed":0,"gold_gain":0,"player_choice":"Obtained Relic","damage_taken":0,"relics_obtained":["Ornamental Fan"],"max_hp_gain":0,"max_hp_loss":0,"event_name":"Addict","floor":21,"gold_loss":85},{"damage_healed":0,"gold_gain":0,"player_choice":"Read","damage_taken":0,"max_hp_gain":0,"max_hp_loss":0,"event_name":"The Library","floor":27,"gold_loss":0,"cards_obtained":["Armaments"]},{"damage_healed":0,"gold_gain":0,"player_choice":"Inject Mutagens","damage_taken":0,"relics_obtained":["MutagenicStrength"],"max_hp_gain":0,"max_hp_loss":0,"event_name":"Drug Dealer","floor":29,"gold_loss":0},{"damage_healed":0,"gold_gain":0,"player_choice":"Opened","damage_taken":0,"relics_obtained":["Oddly Smooth Stone"],"max_hp_gain":0,"max_hp_loss":0,"event_name":"The Mausoleum","floor":30,"gold_loss":0},{"damage_healed":0,"gold_gain":0,"player_choice":"Embrace Madness","damage_taken":13,"max_hp_gain":0,"max_hp_loss":0,"event_name":"Winding Halls","floor":36,"gold_loss":0,"cards_obtained":["Madness","Madness"]},{"cards_removed":["Dual Wield"],"damage_healed":15,"gold_gain":0,"player_choice":"Offered Uncommon","damage_taken":0,"max_hp_gain":0,"max_hp_loss":0,"event_name":"Bonfire Elementals","floor":37,"gold_loss":0},{"damage_healed":0,"gold_gain":0,"player_choice":"Ignored","damage_taken":0,"max_hp_gain":0,"max_hp_loss":0,"event_name":"Tomb of Lord Red Mask","floor":47,"gold_loss":0}],"is_beta":false,"boss_relics":[{"not_picked":["Ectoplasm","Runic Cube"],"picked":"Sozu"},{"not_picked":["Black Blood","Tiny House"],"picked":"Velvet Choker"}],"items_purged_floors":[],"is_endless":false,"potions_floor_spawned":[1,6,14,16,18,28,33,35,45,46],"ascension_level":0}}