{"host":"5jn3rki867005t18","time":1608546177,"event":{"mods":["2.2 Compatiblity","AchievementEnabler","BaseMod","Colored Map","DeckTracker","Minty Spire (QoL Compilation)","Permanent Neow","Rare Cards Sparkle","StSLib","SuperFastMode"],"gold_per_floor":[116,126,140,65,65,65,98,98,98,98,127,140,153,169,169,272,272,288,198,211,95,108,140,140,158,158,175,175,36,56,73,73,73,73],"floor_reached":33,"playtime":1656,"items_purged":["Strike_R","Strike_R"],"score":281,"play_id":"3d1ef8a5-2de4-4154-a6e1-49259eafc1fa","local_time":"20201221192257","is_ascension_mode":false,"campfire_choices":[{"data":"Flame Barrier","floor":6.0,"key":"SMITH"},{"data":"Entrench","floor":8.0,"key":"SMITH"},{"floor":10.0,"key":"REST"},{"floor":15,"key":"REST"},{"floor":24,"key":"REST"},{"floor":28,"key":"REST"},{"floor":32,"key":"REST"}],"circlet_count":0,"master_deck":["Strike_R","Strike_R","Defend_R","Defend_R","Defend_R","Defend_R","Bash","Iron Wave","Anger","Flame Barrier+1","Entrench+1","Anger","Anger","Berserk+1","Clothesline","Bludgeon","Shrug It Off+1","Flex","Seeing Red","Fire Breathing","Warcry","Pommel Strike","Infernal Blade","Body Slam","Battle Trance","Body Slam","Body Slam"],"relics":["Burning Blood","Letter Opener","Darkstone Periapt","Gremlin Horn","MealTicket","Mark of Pain","White Beast Statue","Bottled Tornado"],"acts_visited":["Exordium","TheCity"],"potions_floor_usage":[16,16,23,27,30,31,33,33],"damage_taken":[{"damage":6.0,"enemies":"2 Louse","floor":1.0,"turns":3.0},{"damage":9.0,"enemies":"Jaw Worm","floor":2.0,"turns":5.0},{"damage":1.0,"enemies":"Cultist","floor":3.0,"turns":3.0},{"damage":30.0,"enemies":"Lagavulin","floor":7.0,"turns":9.0},{"damage":32.0,"enemies":"3 Sentries","floor":11.0,"turns":12.0},{"damage":8,"enemies":"2 Fungi Beasts","floor":12,"turns":4},{"damage":8,"enemies":"Exordium Wildlife","floor":13,"turns":4},{"damage":3,"enemies":"3 Louse","floor":14,"turns":2},{"damage":60,"enemies":"Hexaghost","floor":16,"turns":11},{"damage":49,"enemies":"3 Byrds","floor":18,"turns":8},{"damage":15,"enemies":"Spheric Guardian","floor":20,"turns":3},{"damage":21,"enemies":"Cultist and Chosen","floor":22,"turns":6},{"damage":43,"enemies":"Book of Stabbing","floor":23,"turns":6},{"damage":30,"enemies":"Centurion and Healer","floor":25,"turns":4},{"damage":16,"enemies":"Snecko","floor":27,"turns":4},{"damage":21,"enemies":"Snake Plant","floor":30,"turns":3},{"damage":8,"enemies":"Chosen and Byrds","floor":31,"turns":5},{"damage":75,"enemies":"Automaton","floor":33,"turns":8}],"seed_played":"-3609303831928957120","potions_obtained":[{"floor":3.0,"key":"Dexterity Potion"},{"floor":11.0,"key":"Fire Potion"},{"floor":12,"key":"LiquidMemories"},{"floor":13,"key":"Weak Potion"},{"floor":14,"key":"FairyPotion"},{"floor":22,"key":"Swift Potion"},{"floor":23,"key":"HeartOfIron"},{"floor":25,"key":"CultistPotion"},{"floor":27,"key":"PowerPotion"},{"floor":30,"key":"SkillPotion"},{"floor":31,"key":"CultistPotion"}],"is_trial":false,"path_per_floor":["M","M","M","$","?","R","E","R","T","R","E","M","M","M","R","B",null,"M","?","M","$","M","E","R","M","T","M","R","$","M","M","R","B"],"character_chosen":"IRONCLAD","items_purchased":["Seeing Red","Fire Breathing","Battle Trance"],"campfire_rested":5,"item_purchase_floors":[21,21,29],"current_hp_per_floor":[88,85,88,88,63,63,39,39,39,65,39,37,35,38,64,10,88,45,45,36,51,36,26,52,28,28,18,44,59,44,42,68,0,0],"gold":73,"neow_bonus":"TEN_PERCENT_HP_BONUS","is_daily":false,"chose_seed":false,"campfire_upgraded":2,"win_rate":0.0,"timestamp":1608546177,"path_taken":["M","M","M","$","?","R","E","R","T","R","E","M","M","M","R","BOSS","M","?","M","?","M","E","R","M","T","M","R","$","M","M","R","BOSS"],"items_purchased_type":["Card","Card","Card"],"build_version":"2020-12-13","purchased_purges":2,"victory":false,"max_hp_per_floor":[88,88,88,88,88,88,88,88,88,88,88,88,88,88,88,88,88,88,88,88,88,88,88,88,88,88,88,88,88,88,88,88,88,88],"card_choices":[{"not_picked":["True Grit","Intimidate"],"picked":"Iron Wave","floor":1.0},{"not_picked":["Searing Blow","Twin Strike"],"picked":"Anger","floor":2.0},{"not_picked":["Thunderclap","Feel No Pain"],"picked":"Flame Barrier","floor":3.0},{"not_picked":["Flame Barrier","Whirlwind"],"picked":"Entrench","floor":7.0},{"not_picked":["Dark Embrace","Carnage"],"picked":"Anger","floor":11.0},{"not_picked":["Dual Wield","Feel No Pain"],"picked":"Anger","floor":12},{"not_picked":["Iron Wave","Cleave"],"picked":"Berserk","floor":13},{"not_picked":["Twin Strike","Evolve"],"picked":"Clothesline","floor":14},{"not_picked":["Double Tap","Exhume"],"picked":"Bludgeon","floor":16},{"not_picked":["Twin Strike+1","Headbutt"],"picked":"Shrug It Off+1","floor":18},{"not_picked":["Clothesline","Blood for Blood"],"picked":"Flex","floor":20},{"not_picked":["Feel No Pain","Clothesline"],"picked":"Warcry","floor":22},{"not_picked":["Searing Blow+1","Wild Strike"],"picked":"Pommel Strike","floor":23},{"not_picked":["Perfected Strike","Anger+1"],"picked":"Infernal Blade","floor":25},{"not_picked":["Shrug It Off","Twin Strike+1"],"picked":"Body Slam","floor":27},{"not_picked":["Shrug It Off+1","Battle Trance+1"],"picked":"Body Slam","floor":30},{"not_picked":["Double Tap","Flex"],"picked":"Body Slam","floor":31}],"player_experience":32735,"relics_obtained":[{"floor":7.0,"key":"Darkstone Periapt"},{"floor":9.0,"key":"Gremlin Horn"},{"floor":11.0,"key":"MealTicket"},{"floor":23,"key":"White Beast Statue"},{"floor":26,"key":"Bottled Tornado"}],"event_choices":[{"damage_healed":0.0,"max_hp_gain":0.0,"max_hp_loss":0.0,"gold_gain":0.0,"event_name":"Scrap Ooze","player_choice":"Success","floor":5.0,"gold_loss":0.0,"damage_taken":25.0,"relics_obtained":["Letter Opener"]},{"cards_removed":["Strike_R"],"damage_healed":0,"gold_gain":0,"player_choice":"Upgrade and Remove","damage_taken":0,"max_hp_gain":0,"max_hp_loss":0,"event_name":"Designer","floor":19,"gold_loss":90,"cards_upgraded":["Berserk"]}],"is_beta":false,"boss_relics":[{"not_picked":["Fusion Hammer","Philosopher\u0027s Stone"],"picked":"Mark of Pain"}],"items_purged_floors":[4,29],"is_endless":false,"potions_floor_spawned":[3,11,12,13,14,22,23,25,27,30,31],"killed_by":"Automaton","ascension_level":0}}