{"host":"n4oa921u88t6jog9","time":1608513730,"event":{"mods":["AchievementEnabler","BaseMod","DeckTracker","Keyboard Shortcuts","Minty Spire (QoL Compilation)","Quick Restart","StSLib","SuperFastMode"],"gold_per_floor":[110,128,145,160,160,195,222,234,293,305,337,362,400,424,436,448,448],"floor_reached":16,"playtime":473,"items_purged":[],"score":203,"play_id":"1cffbf34-4b01-472f-926f-a1e9dc40bca6","local_time":"20201221102210","is_ascension_mode":true,"campfire_choices":[{"data":"Backflip","floor":8,"key":"SMITH"},{"data":"Deadly Poison","floor":10,"key":"SMITH"},{"data":"Cloak And Dagger","floor":15,"key":"SMITH"}],"circlet_count":0,"master_deck":["AscendersBane","Strike_G","Strike_G","Strike_G","Strike_G","Strike_G","Defend_G","Defend_G","Defend_G","Defend_G","Defend_G","Survivor","Neutralize","Choke","Dagger Throw","Backflip+1","Night Terror","Leg Sweep","Deadly Poison+1","Dodge and Roll","Cloak And Dagger+1","Wraith Form v2","Infinite Blades"],"relics":["Ring of the Snake","Thread and Needle","MawBank","Strawberry","Ornamental Fan"],"acts_visited":["Exordium"],"potions_floor_usage":[6,13],"damage_taken":[{"damage":0,"enemies":"2 Louse","floor":1,"turns":3},{"damage":0,"enemies":"Cultist","floor":2,"turns":3},{"damage":0,"enemies":"Jaw Worm","floor":3,"turns":3},{"damage":10,"enemies":"3 Louse","floor":4,"turns":6},{"damage":23,"enemies":"Lagavulin","floor":6,"turns":10},{"damage":0,"enemies":"Red Slaver","floor":7,"turns":6},{"damage":2,"enemies":"Looter","floor":11,"turns":3},{"damage":5,"enemies":"Blue Slaver","floor":12,"turns":3},{"damage":4,"enemies":"Gremlin Nob","floor":13,"turns":3},{"damage":8,"enemies":"Exordium Thugs","floor":14,"turns":5},{"damage":34,"enemies":"Slime Boss","floor":16,"turns":3}],"seed_played":"-2956315096814036723","potions_obtained":[{"floor":1,"key":"BlessingOfTheForge"},{"floor":2,"key":"Energy Potion"},{"floor":4,"key":"Block Potion"},{"floor":11,"key":"CunningPotion"}],"is_trial":false,"path_per_floor":["M","M","M","M","?","E","M","R","T","R","M","M","E","M","R","B"],"character_chosen":"THE_SILENT","items_purchased":[],"campfire_rested":0,"item_purchase_floors":[],"current_hp_per_floor":[59,59,59,49,49,26,26,26,33,33,31,26,22,14,14,0,0],"gold":448,"neow_bonus":"ONE_RARE_RELIC","is_daily":false,"chose_seed":false,"campfire_upgraded":3,"win_rate":0.0,"timestamp":1608513730,"path_taken":["M","M","M","M","?","E","?","R","T","R","M","M","E","M","R","BOSS"],"items_purchased_type":[],"build_version":"2020-12-13","purchased_purges":0,"victory":false,"max_hp_per_floor":[60,60,60,60,60,60,60,60,67,67,67,67,67,67,67,67,67],"card_choices":[{"not_picked":["Infinite Blades","Bane"],"picked":"Choke","floor":1},{"not_picked":["Underhanded Strike","Deflect"],"picked":"Dagger Throw","floor":2},{"not_picked":["Poisoned Stab","Skewer","PiercingWail"],"picked":"SKIP","floor":3},{"not_picked":["Blade Dance","Predator"],"picked":"Backflip","floor":4},{"not_picked":["Caltrops","Concentrate"],"picked":"Leg Sweep","floor":6},{"not_picked":["Dodge and Roll","Backflip"],"picked":"Deadly Poison","floor":7},{"not_picked":["Venomology","Blade Dance"],"picked":"Dodge and Roll","floor":11},{"not_picked":["Predator","Prepared"],"picked":"Cloak And Dagger","floor":12},{"not_picked":["Flechettes","Backflip"],"picked":"Wraith Form v2","floor":13},{"not_picked":["Heel Hook","Bane"],"picked":"Infinite Blades","floor":14}],"player_experience":360750,"relics_obtained":[{"floor":6,"key":"MawBank"},{"floor":9,"key":"Strawberry"},{"floor":13,"key":"Ornamental Fan"}],"event_choices":[{"damage_healed":0,"gold_gain":0,"player_choice":"1 cards matched","damage_taken":0,"max_hp_gain":0,"max_hp_loss":0,"event_name":"Match and Keep!","floor":5,"gold_loss":0,"cards_obtained":["Night Terror"]}],"is_beta":false,"boss_relics":[],"items_purged_floors":[],"is_endless":false,"potions_floor_spawned":[1,2,4,11],"killed_by":"Slime Boss","ascension_level":15}}