{"host":"o3b7ow6d1xe49css","time":1608529037,"event":{"mods":["Act Like it!","Aspiration","BaseMod","Bestiary","Better Altar","Better Match","Better Note","Better Sensory Stone","Better Skull","Better Third Choice","Colored Powertips","Conspire","Energized Spire","Force Act Four","GifTheSpireLib","Halation","Hermit","Hubris","Infinite Spire","Lobotomy","Minty Spire (QoL Compilation)","Quick Restart","Replay The Spire","Spicy Shops","Spikes Relics","StSLib","Stuff the Spire","The Blue Laboratory","Wandering Minibosses","vexMod"],"gold_per_floor":[110,130,145,162,178,204,204,230,230,257,290,302,329,358,358,458,458,475,475,145,145,162,191,191,222,247,247,247,277,277,302,302,406,406,420,6,6,23,23,54,54,86,86,86,86,113,138,164,164,261,261,261,68,100,204],"floor_reached":56,"playtime":3597,"items_purged":["HereticApostle","Clumsy","Strike_G","Scorched"],"score":2013,"play_id":"acd6c155-03b1-40c7-bbc4-61f3b4c69575","local_time":"20201220203717","daily_mods":["Heirloom","Flight","Elite Swarm"],"is_ascension_mode":true,"campfire_choices":[{"data":"Adrenaline","floor":15,"key":"SMITH"},{"data":"Bullet Time","floor":24,"key":"SMITH"},{"data":"Storm of Steel","floor":27,"key":"SMITH"},{"data":"Cloak And Dagger","floor":28,"key":"SMITH"},{"data":"StuffTheSpire:Ambrosia","floor":32,"key":"SMITH"},{"data":"After Image","floor":41,"key":"SMITH"},{"data":"Wraith Form v2","floor":44,"key":"SMITH"},{"floor":45,"key":"RECALL"},{"data":"Accuracy","floor":49,"key":"SMITH"},{"data":"Wraith Form v2","floor":52,"key":"SMITH"}],"circlet_count":0,"master_deck":["Strike_G","Strike_G","Strike_G","Defend_G","Defend_G","Defend_G","Defend_G","HereticApostle","Survivor","Accuracy+1","UniverseFragment","Slice","Cloak And Dagger+1","Adrenaline+1","Glass Knife+1","GreedKing","Bullet Time+1","WhiteNight","Backflip","Blade Dance","Hidden Blade","Storm of Steel+1","NothingThere","Malaise","After Image+1","StuffTheSpire:Ambrosia+1","aspiration:Lunge","Wraith Form v2+1","Backflip+1","Wraith Form v2+1","Accuracy"],"relics":["Ring of the Snake","Ring of Chaos","Vampiric Spirits","CogitoBucket","hubris:MedicalManual","Replay:Wax Seal","Ornamental Fan","Art of War","Theresia","Matryoshka","Honey Jar","Unceasing Top","StuffTheSpire:OldFever","Lee\u0027s Waffle","AdjustmentMirror","wanderingMiniBosses:CarrionFlame","hubris:Zylophone","hubris:DeckOfHolding","halation:AfternoonTea","ReplayTheSpireMod:TigerMarble","Gremlin Food","LugNut","Replay:Bronze Core","BehaviorAdjustment","AtMidnight","StuffTheSpire:CocoNut","Replay:Baseball","Thread and Needle","halation:EternalFortune","Replay:Accelerometer","aspiration:FrozenJewel","Vajra","conspire:DecoderRing","halation:SwordOfLegend","Iron Hammer","halation:Trompette","aspiration:RitualDagger","Ring of Chaos","BargainBundle","Blue Doll"],"acts_visited":["Exordium","TheCity","TheBeyond","Exordium","TheEnding"],"potions_floor_usage":[11,13,22,22,29,48,55,55,55,55,55],"damage_taken":[{"damage":0,"enemies":"Cultist","floor":1,"turns":4},{"damage":7,"enemies":"Jaw Worm","floor":2,"turns":2},{"damage":0,"enemies":"Small Slimes","floor":3,"turns":1},{"damage":0,"enemies":"3 Louse","floor":4,"turns":2},{"damage":1,"enemies":"Looter","floor":5,"turns":5},{"damage":3,"enemies":"Lagavulin","floor":6,"turns":8},{"damage":16,"enemies":"Gremlin Nob","floor":8,"turns":5},{"damage":2,"enemies":"3 Sentries","floor":10,"turns":3},{"damage":2,"enemies":"Lagavulin","floor":11,"turns":5},{"damage":0,"enemies":"Exordium Thugs","floor":12,"turns":2},{"damage":11,"enemies":"Gremlin Nob","floor":13,"turns":3},{"damage":0,"enemies":"3 Sentries","floor":14,"turns":3},{"damage":48,"enemies":"Hexaghost","floor":16,"turns":11},{"damage":0,"enemies":"Chosen","floor":18,"turns":3},{"damage":128,"enemies":"2 Thieves","floor":22,"turns":7},{"damage":30,"enemies":"Slavers","floor":23,"turns":3},{"damage":4,"enemies":"Gremlin Leader","floor":25,"turns":3},{"damage":13,"enemies":"Nightmare","floor":29,"turns":6},{"damage":51,"enemies":"Slavers","floor":31,"turns":2},{"damage":29,"enemies":"Collector","floor":33,"turns":4},{"damage":18,"enemies":"3 Shapes","floor":35,"turns":3},{"damage":0,"enemies":"3 Darklings","floor":38,"turns":1},{"damage":20,"enemies":"Nemesis","floor":40,"turns":3},{"damage":4,"enemies":"Reptomancer","floor":42,"turns":3},{"damage":2,"enemies":"Giant Head","floor":46,"turns":4},{"damage":1,"enemies":"R_Hoarder","floor":47,"turns":5},{"damage":5,"enemies":"Nightmare","floor":48,"turns":6},{"damage":19,"enemies":"infinitespire:MassOfShapes","floor":50,"turns":4},{"damage":37,"enemies":"Shield and Spear","floor":54,"turns":3},{"damage":21,"enemies":"The Heart","floor":55,"turns":5}],"seed_played":"6272280031931971232","potions_obtained":[{"floor":1,"key":"blueLaboratory:NullPotion"},{"floor":3,"key":"Ancient Potion"},{"floor":8,"key":"blueLaboratory:PhilterOfMotion"},{"floor":10,"key":"blueLaboratory:RecallPotion"},{"floor":12,"key":"blueLaboratory:EmptyBottle"},{"floor":14,"key":"blueLaboratory:ArtificerPotion"},{"floor":16,"key":"blueLaboratory:EnvenomedCoating"},{"floor":18,"key":"Doom Potion"},{"floor":25,"key":"blueLaboratory:EnvenomedCoating"},{"floor":40,"key":"BlessingOfTheForge"},{"floor":46,"key":"blueLaboratory:SavagePotion"},{"floor":54,"key":"DuplicationPotion"}],"is_trial":true,"path_per_floor":["M","M","M","M","M","E","$","E","T","E","E","M","E","E","R","B",null,"M","AVR","$","?","M","E","R","E","T","R","R","NM","?","E","R","B",null,"M","$","AVR","M","?","E","R","E","T","R","R","E","E","NM","R","B",null,"R","$","E","B",null],"character_chosen":"THE_SILENT","items_purchased":["Blade Dance","StuffTheSpire:OldFever","Lee\u0027s Waffle","StuffTheSpire:CocoNut","Replay:Baseball","BargainBundle","LiquidBronze","ColorlessPotion","Accuracy"],"campfire_rested":0,"item_purchase_floors":[20,20,20,36,36,53,53,53,53],"current_hp_per_floor":[70,63,70,70,69,66,66,54,54,68,66,69,59,70,70,70,70,70,70,70,70,59,55,55,77,77,77,77,77,77,59,59,65,65,84,84,84,93,93,98,98,100,100,100,100,102,104,106,106,89,89,89,89,113,112],"gold":204,"neow_bonus":"","is_daily":false,"chose_seed":false,"campfire_upgraded":9,"win_rate":0.0,"timestamp":1608529037,"path_taken":["M","M","M","M","M","E","$","E","T","E","E","?","E","E","R","BOSS","M","AVR","$","?","M","E","R","E","T","R","R","NM","?","E","R","BOSS","M","$","AVR","M","?","E","R","E","T","R","R","E","E","NM","R","BOSS","R","$","E","BOSS"],"items_purchased_type":["Card","Relic","Relic","Relic","Relic","Relic","Potion","Potion","Card"],"build_version":"2020-12-13","purchased_purges":4,"victory":true,"max_hp_per_floor":[70,70,70,70,70,70,70,70,70,70,70,70,70,70,70,70,70,70,70,77,77,77,77,77,77,77,77,77,77,77,78,78,80,80,84,91,91,93,96,98,98,100,100,100,100,102,104,106,106,111,111,111,111,113,115],"card_choices":[{"not_picked":["PunishingBird","BeautyBeast"],"picked":"Scorched","floor":1},{"not_picked":["Backstab","Choke"],"picked":"Accuracy","floor":1},{"not_picked":["Woodsman","OSAHOGD","MHz"],"picked":"Singing Bowl","floor":2},{"not_picked":["DreamingCurrent","Bloodbath"],"picked":"MeatLantern","floor":2},{"not_picked":["Poisoned Stab","ShadowRift"],"picked":"Slice","floor":2},{"not_picked":["CherryBlossoms","WallGazer","MHz"],"picked":"Singing Bowl","floor":3},{"not_picked":["MHz","Scarecrow"],"picked":"UniverseFragment","floor":3},{"not_picked":["StuffTheSpire:Repulse","Flying Knee"],"picked":"Slice","floor":3},{"not_picked":["OldLady","BlackSwan","Bloodbath"],"picked":"Singing Bowl","floor":4},{"not_picked":["Catalyst","Finisher"],"picked":"Cloak And Dagger","floor":4},{"not_picked":["Bloodbath","ShyLook","CrumblingArmor"],"picked":"Singing Bowl","floor":5},{"not_picked":["Slice","ReplayTheSpireMod:Exploit Weakness","StuffTheSpire:MirrorStance"],"picked":"SKIP","floor":5},{"not_picked":["SpiderBud","DespairKnight","CrumblingArmor"],"picked":"Singing Bowl","floor":6},{"not_picked":["Night Terror","A Thousand Cuts","ReplayTheSpireMod:From All Sides"],"picked":"SKIP","floor":6},{"not_picked":["FairyFestival","Woodsman","Funeral"],"picked":"Singing Bowl","floor":8},{"not_picked":["infinitespire:Neurotoxin","Tools of the Trade"],"picked":"Adrenaline","floor":8},{"not_picked":["OSAHOGD","Porccubus","FieryBird"],"picked":"Singing Bowl","floor":10},{"not_picked":["Doppelganger","Glass Knife","Night Terror"],"picked":"SKIP","floor":10},{"not_picked":["ShyLook","LittlePrince","WallGazer"],"picked":"Singing Bowl","floor":11},{"not_picked":["Grand Finale","Adrenaline"],"picked":"Glass Knife","floor":11},{"not_picked":["Wellcheers","BeautyBeast"],"picked":"GreedKing","floor":12},{"not_picked":["StuffTheSpire:Incursion","Dagger Throw","StuffTheSpire:Injection"],"picked":"SKIP","floor":12},{"not_picked":["StuffTheSpire:Incursion","Dagger Throw","StuffTheSpire:Injection"],"picked":"SKIP","floor":12},{"not_picked":["Yin","WallGazer","LittleHelper"],"picked":"Singing Bowl","floor":13},{"not_picked":["Corpse Explosion","Doppelganger"],"picked":"Bullet Time","floor":13},{"not_picked":["HappyTeddy","ShyLook"],"picked":"WhiteNight","floor":14},{"not_picked":["ReplayTheSpireMod:Necrosis","Poison Darts","aspiration:Lunge"],"picked":"SKIP","floor":14},{"not_picked":["CrumblingArmor","Funeral","RedShoes"],"picked":"Singing Bowl","floor":16},{"not_picked":["Glass Knife","StuffTheSpire:FinalStruggle"],"picked":"Adrenaline","floor":16},{"not_picked":["CrumblingArmor","Freischutz","CherryBlossoms"],"picked":"Singing Bowl","floor":18},{"not_picked":["StuffTheSpire:Sprint","Dodge and Roll+1","Quick Slash"],"picked":"Backflip","floor":18},{"not_picked":["HeroicMonk","Wellcheers","Funeral"],"picked":"Singing Bowl","floor":22},{"not_picked":["Underhanded Strike","Deadly Poison","Cloak And Dagger"],"picked":"Hidden Blade","floor":22},{"not_picked":["BigBadWolf","OldLady","MHz"],"picked":"Singing Bowl","floor":23},{"not_picked":["After Image","StuffTheSpire:FinalStruggle","Venomology"],"picked":"Storm of Steel","floor":23},{"not_picked":["ShyLook","RedShoes"],"picked":"NothingThere","floor":25},{"not_picked":["Venomology","Burst","Die Die Die"],"picked":"Malaise","floor":25},{"not_picked":["Yin","SpiderBud","PunishingBird"],"picked":"Singing Bowl","floor":29},{"not_picked":["Venomology","Envenom","Doppelganger"],"picked":"After Image","floor":29},{"not_picked":["StuffTheSpire:Innocence","StuffTheSpire:Vigor"],"picked":"StuffTheSpire:Ambrosia","floor":30},{"not_picked":["SnowQueen","VoidDream","Rudolta"],"picked":"Singing Bowl","floor":31},{"not_picked":["Unload","ReplayTheSpireMod:Necrosis","Tools of the Trade"],"picked":"aspiration:Lunge","floor":31},{"not_picked":["MeltingLove","SilentOrchestra","Yin"],"picked":"Singing Bowl","floor":33},{"not_picked":["Venomology","Poison Darts","Grand Finale"],"picked":"Wraith Form v2","floor":33},{"not_picked":["MHz","HappyTeddy","LaLuna"],"picked":"Singing Bowl","floor":35},{"not_picked":["Well Laid Plans+1","Quick Slash+1","Outmaneuver+1"],"picked":"Backflip+1","floor":35},{"not_picked":["SpiderBud","SnowQueen","FairyFestival"],"picked":"Singing Bowl","floor":38},{"not_picked":["Dagger Spray","Dodge and Roll+1","Poisoned Stab","Dagger Throw"],"picked":"SKIP","floor":38},{"not_picked":["BlueStar","Murderer","Bloodbath"],"picked":"Singing Bowl","floor":40},{"not_picked":["Die Die Die","Envenom","ReplayTheSpireMod:Necrosis"],"picked":"Wraith Form v2","floor":40},{"not_picked":["WhitesApple","WallGazer","Alriune"],"picked":"Singing Bowl","floor":42},{"not_picked":["StuffTheSpire:FinalStruggle","Phantasmal Killer","Wraith Form v2","infinitespire:Neurotoxin"],"picked":"SKIP","floor":42},{"not_picked":["BlackArmy","QueenBee","Funeral"],"picked":"Singing Bowl","floor":46},{"not_picked":["Storm of Steel","Doppelganger","Burst","Night Terror"],"picked":"SKIP","floor":46},{"not_picked":["Corpse Explosion","After Image","ReplayTheSpireMod:From All Sides","StuffTheSpire:FinalStruggle"],"picked":"SKIP","floor":47},{"not_picked":["Corpse Explosion","After Image","ReplayTheSpireMod:From All Sides","StuffTheSpire:FinalStruggle"],"picked":"SKIP","floor":47},{"not_picked":["Atom Bomb","Phantasmal Killer","Die Die Die","Tools of the Trade"],"picked":"SKIP","floor":48},{"not_picked":["Night Terror","Tools of the Trade","Corpse Explosion","Grand Finale"],"picked":"SKIP","floor":54},{"not_picked":["Night Terror","Tools of the Trade","Corpse Explosion","Grand Finale"],"picked":"SKIP","floor":54},{"not_picked":["BlackArmy","HeroicMonk","Laetitia"],"picked":"Singing Bowl","floor":55}],"player_experience":1776300,"relics_obtained":[{"floor":6,"key":"hubris:MedicalManual"},{"floor":8,"key":"Replay:Wax Seal"},{"floor":10,"key":"Ornamental Fan"},{"floor":11,"key":"Art of War"},{"floor":13,"key":"Matryoshka"},{"floor":14,"key":"Whetstone"},{"floor":22,"key":"wanderingMiniBosses:CarrionFlame"},{"floor":23,"key":"hubris:Zylophone"},{"floor":25,"key":"hubris:DeckOfHolding"},{"floor":26,"key":"halation:AfternoonTea"},{"floor":26,"key":"ReplayTheSpireMod:TigerMarble"},{"floor":29,"key":"Gremlin Food"},{"floor":31,"key":"LugNut"},{"floor":35,"key":"AtMidnight"},{"floor":40,"key":"Replay:Accelerometer"},{"floor":42,"key":"aspiration:FrozenJewel"},{"floor":43,"key":"Vajra"},{"floor":43,"key":"conspire:DecoderRing"},{"floor":46,"key":"halation:SwordOfLegend"},{"floor":47,"key":"Iron Hammer"},{"floor":48,"key":"halation:Trompette"},{"floor":50,"key":"halation:EternalFortune"},{"floor":54,"key":"Blue Doll"}],"event_choices":[{"cards_removed":["Strike_G"],"damage_healed":0,"gold_gain":0,"player_choice":"Give","damage_taken":0,"max_hp_gain":0,"max_hp_loss":0,"event_name":"betterNote:BetterNote","floor":21,"gold_loss":0,"cards_obtained":["CENSORED"]}],"is_beta":false,"boss_relics":[{"not_picked":["Snecko Heart","energizedSpire:HighHeels"],"picked":"Honey Jar"},{"not_picked":["ReplayTheSpireMod:DimensionalGlitch","halation:PinkAlligatorPlush"],"picked":"Replay:Bronze Core"},{"not_picked":["energizedSpire:NeverEndingSparkler","SacredBark"],"picked":"aspiration:RitualDagger"}],"items_purged_floors":[19,20,37,53],"is_endless":true,"potions_floor_spawned":[1,3,8,10,12,14,16,18,25,40,46,54],"ascension_level":5}}