{"host":"p084pgp93u1tv48k","time":1608509470,"event":{"mods":["AchievementEnabler","BaseMod","Bestiary","CatGirl Mod","Colored Map","Ekko","Hermit","Minty Spire (QoL Compilation)","Quick Restart","StSLib","TheWitcher"],"gold_per_floor":[113,388,399,349,369,369,404,417,494,494,144,164,164,164,164,264,264,284,284,284],"floor_reached":19,"playtime":876,"items_purged":["theCatGirl:Strike"],"score":167,"play_id":"a6a2652d-e4a1-47a4-bc91-466e57714876","local_time":"20201220194110","is_ascension_mode":false,"campfire_choices":[{"data":"theCatGirl:FumblingBlow","floor":6,"key":"SMITH"},{"floor":10,"key":"REST"},{"data":"theCatGirl:DecliningDefenses","floor":13,"key":"SMITH"},{"data":"theCatGirl:Misfire","floor":15,"key":"SMITH"}],"circlet_count":0,"master_deck":["theCatGirl:ClawStrike","theCatGirl:Evasion","theCatGirl:Misfire+1","theCatGirl:FumblingBlow+1","theCatGirl:ClenchYourTeeth","theCatGirl:TryingMyBest","theCatGirl:AccidentalHeadbutt","theCatGirl:ClenchYourTeeth","theCatGirl:DecliningDefenses+1","theCatGirl:AngryForm","theCatGirl:SevenLives","theCatGirl:GoddessOfMisfortune","theCatGirl:TryingMyBest","theCatGirl:PoisedStrike","theCatGirl:Meow","theCatGirl:SearchBackpack","theCatGirl:ElegantStrike"],"relics":["theCatGirl:TrainedRelic","NeowsBlessing","StoneCalendar","HornCleat","Bag of Marbles","Pandora\u0027s Box"],"acts_visited":["Exordium","TheCity"],"potions_floor_usage":[7,16,16],"damage_taken":[{"damage":0,"enemies":"Jaw Worm","floor":1,"turns":1},{"damage":0,"enemies":"Cultist","floor":3,"turns":1},{"damage":0,"enemies":"2 Louse","floor":5,"turns":1},{"damage":40,"enemies":"Gremlin Nob","floor":7,"turns":6},{"damage":17,"enemies":"Exordium Thugs","floor":8,"turns":5},{"damage":3,"enemies":"3 Louse","floor":12,"turns":6},{"damage":23,"enemies":"The Guardian","floor":16,"turns":15},{"damage":13,"enemies":"Chosen","floor":18,"turns":5}],"seed_played":"-919102826994678097","potions_obtained":[{"floor":5,"key":"SkillPotion"},{"floor":8,"key":"DuplicationPotion"},{"floor":12,"key":"Fire Potion"},{"floor":16,"key":"FearPotion"}],"is_trial":false,"path_per_floor":["M","?","M","?","M","R","E","M","T","R","$","M","R","?","R","B",null,"M","?"],"character_chosen":"THE_CATGIRL","items_purchased":["theCatGirl:AccidentalHeadbutt","theCatGirl:ClenchYourTeeth","Bag of Marbles"],"campfire_rested":1,"item_purchase_floors":[11,11,11],"current_hp_per_floor":[70,70,70,70,70,70,30,13,13,34,34,31,31,31,31,8,70,57,57,57],"gold":284,"neow_bonus":"THREE_ENEMY_KILL","is_daily":false,"chose_seed":false,"campfire_upgraded":3,"win_rate":0.0,"timestamp":1608509470,"path_taken":["M","?","?","?","M","R","E","M","T","R","?","M","R","?","R","BOSS","M","?"],"items_purchased_type":["Card","Card","Relic"],"build_version":"2020-12-13","purchased_purges":1,"victory":false,"max_hp_per_floor":[70,70,70,70,70,70,70,70,70,70,70,70,70,70,70,70,70,70,70,70],"card_choices":[{"not_picked":["theCatGirl:ClenchYourTeeth","theCatGirl:KeepAlert"],"picked":"theCatGirl:Misfire","floor":1},{"not_picked":["theCatGirl:LearnByMistake","theCatGirl:Stalk","theCatGirl:ComboAttack"],"picked":"SKIP","floor":3},{"not_picked":["theCatGirl:BloodBath","theCatGirl:DecliningDefenses"],"picked":"theCatGirl:FumblingBlow","floor":5},{"not_picked":["theCatGirl:Growl","theCatGirl:ComboAttack"],"picked":"theCatGirl:ClenchYourTeeth","floor":7},{"not_picked":["theCatGirl:TrainWreck","theCatGirl:SmellFear"],"picked":"theCatGirl:TryingMyBest","floor":8},{"not_picked":["theCatGirl:TryingMyBest","theCatGirl:TwoStep"],"picked":"theCatGirl:DecliningDefenses","floor":12},{"not_picked":["theCatGirl:LearnByMistake","theCatGirl:ClenchYourTeeth"],"picked":"theCatGirl:ElegantStrike","floor":18}],"player_experience":159312,"relics_obtained":[{"floor":7,"key":"StoneCalendar"},{"floor":9,"key":"HornCleat"}],"event_choices":[{"damage_healed":0,"gold_gain":275,"player_choice":"Desecrate","damage_taken":0,"max_hp_gain":0,"max_hp_loss":0,"event_name":"Golden Shrine","floor":2,"gold_loss":0,"cards_obtained":["Regret"]},{"cards_removed":["Regret"],"damage_healed":0,"gold_gain":0,"player_choice":"Card Removal","damage_taken":0,"max_hp_gain":0,"max_hp_loss":0,"event_name":"The Cleric","floor":4,"gold_loss":50},{"damage_healed":0,"gold_gain":0,"player_choice":"Ignored","damage_taken":0,"max_hp_gain":0,"max_hp_loss":0,"event_name":"Liars Game","floor":14,"gold_loss":0}],"is_beta":false,"boss_relics":[{"not_picked":["Coffee Dripper","Tiny House"],"picked":"Pandora\u0027s Box"}],"items_purged_floors":[11],"is_endless":false,"potions_floor_spawned":[5,8,12,16],"ascension_level":0}}