{"host":"pf9sh7nh6rpu9sau","time":1608563783,"event":{"mods":["2.2 Compatiblity","BaseMod","BetterRewards","Downfall","Hermit","Hubris","Mad Scientist","Minty Spire (QoL Compilation)","Permanent Neow","Quick Restart","Replay The Spire","Somnambulant","StSLib","The Clintock","The Cursed","The Disciple","The Hierophant","The Necromancer","The Runesmith","The Servant 0.9.4","TheVacant"],"gold_per_floor":[99,119,119,132,142,174,249,280,205,235,253,403,134,19,32,131,131,56,56,73,73,100,85,111,136,152,177,197,215,215,236,263,367,367,367,367,387,393,393,393],"floor_reached":38,"playtime":4018,"items_purged":["Slimebound:Icky","hexamod:Strike"],"score":479,"play_id":"b55aef59-a058-4ea4-afde-b2b311ceffc6","local_time":"20201221101623","is_ascension_mode":false,"campfire_choices":[{"data":"hexamod:Float","floor":1.0,"key":"SMITH"},{"data":"hexamod:RainOfEmbers","floor":3.0,"key":"SMITH"},{"data":"hexamod:SoulSteal","floor":9.0,"key":"SMITH"},{"data":"hexamod:SearingWound","floor":18.0,"key":"SMITH"},{"data":"expansioncontent:QuickStudy","floor":21.0,"key":"SMITH"},{"floor":35,"key":"DIG"}],"circlet_count":1,"master_deck":["hexamod:Strike","hexamod:Strike","hexamod:Defend","hexamod:Defend","hexamod:Defend","hexamod:Defend","hexamod:Sear+1","hexamod:Float+1","hexamod:RainOfEmbers+1","hexamod:RadiantFlame","hexamod:ChargedBarrage","hexamod:SoulSteal+1","hexamod:DynamicBlow","hexamod:HauntingEcho","hexamod:SearingWound+1","expansioncontent:QuickStudy+1","hexamod:HeatMetal","hexamod:BurningTouch","hexamod:HexaLevel","hexamod:HexaLevel","hexamod:FastForward","hexamod:RadiantFlame+1","hexamod:HexaLevel","hexamod:FastForward+1","hexamod:AdvancingGuard","hexamod:RadiantFlame","hexamod:Rewind","hexamod:ApocalypticArmor"],"relics":["hexamod:SpiritBrand","ReplayTheSpireMod:TigerMarble","Circlet","downfall:HeartBlessingBlue","Du-Vu Doll","Snecko Eye","downfall:HeartBlessingGreen","Replay:WaspNest","Replay:Wax Seal","Ancient Tea Set","Replay:Bandana","Ring of Chaos","hubris:Teleporter"],"acts_visited":["Exordium","TheCity","TheBeyond"],"potions_floor_usage":[33,38],"damage_taken":[{"damage":0.0,"enemies":"Cultist","floor":2.0,"turns":3.0},{"damage":1.0,"enemies":"Small Slimes","floor":4.0,"turns":3.0},{"damage":0.0,"enemies":"2 Louse","floor":5.0,"turns":3.0},{"damage":14.0,"enemies":"Gremlin Nob","floor":6.0,"turns":4.0},{"damage":7.0,"enemies":"3 Sentries","floor":8.0,"turns":6.0},{"damage":15.0,"enemies":"Lagavulin","floor":10.0,"turns":6.0},{"damage":7.0,"enemies":"Red Slaver","floor":11.0,"turns":3.0},{"damage":0.0,"enemies":"downfall:FleeingMerchant","floor":13.0,"turns":4.0},{"damage":10.0,"enemies":"downfall:FleeingMerchant","floor":14.0,"turns":4.0},{"damage":0.0,"enemies":"Large Slime","floor":15.0,"turns":5.0},{"damage":22.0,"enemies":"downfall:Watcher","floor":16.0,"turns":7.0},{"damage":0.0,"enemies":"Spheric Guardian","floor":20.0,"turns":3.0},{"damage":2.0,"enemies":"Slavers","floor":22.0,"turns":6.0},{"damage":0.0,"enemies":"downfall:FleeingMerchant","floor":23.0,"turns":4.0},{"damage":24.0,"enemies":"Gremlin Leader","floor":25.0,"turns":5.0},{"damage":8.0,"enemies":"Centurion and Healer","floor":26.0,"turns":3.0},{"damage":30.0,"enemies":"Slavers","floor":27.0,"turns":5.0},{"damage":1,"enemies":"Sentry and Sphere","floor":28,"turns":7},{"damage":2,"enemies":"Snake Plant","floor":29,"turns":3},{"damage":0,"enemies":"Snecko","floor":31,"turns":6},{"damage":17,"enemies":"Sentry and Sphere","floor":32,"turns":4},{"damage":29,"enemies":"downfall:Ironclad","floor":33,"turns":8},{"damage":23,"enemies":"Orb Walker","floor":37,"turns":4},{"damage":85,"enemies":"Giant Head","floor":38,"turns":9}],"seed_played":"4876932015919253460","potions_obtained":[{"floor":2.0,"key":"GamblersBrew"},{"floor":6.0,"key":"Fruit Juice"},{"floor":8.0,"key":"champ:CounterPotion"},{"floor":11.0,"key":"SteroidPotion"},{"floor":15.0,"key":"Fire Potion"},{"floor":22.0,"key":"Dexterity Potion"},{"floor":27,"key":"FairyPotion"},{"floor":29,"key":"Doom Potion"},{"floor":32,"key":"Energy Potion"}],"is_trial":false,"path_per_floor":["R","M","R","M","M","E","T","E","R","E","M","?","$","$","M","B",null,"R","?","M","R","E","$","T","E","M","E","M","M","?","M","M","B",null,"R","?","M","E"],"character_chosen":"THE_SPIRIT","items_purchased":["expansioncontent:QuickStudy"],"campfire_rested":0,"item_purchase_floors":[13],"current_hp_per_floor":[70,70,70,69,69,55,55,61,71,71,64,64,64,54,54,32,85,85,85,85,85,85,85,85,61,53,23,22,20,12,20,3,6,85,85,85,62,0,0,0],"gold":393,"neow_bonus":"UPGRADE_CARD","is_daily":false,"chose_seed":false,"campfire_upgraded":5,"win_rate":0.0,"timestamp":1608563783,"path_taken":["R","?","R","M","M","E","T","E","R","E","M","?","$","$","M","BOSS","R","?","?","R","E","$","T","E","M","E","M","M","?","?","M","BOSS","R","?","M","E"],"items_purchased_type":["Card"],"build_version":"2020-12-13","purchased_purges":2,"victory":false,"max_hp_per_floor":[70,70,70,70,70,70,70,75,85,85,85,85,85,85,85,85,85,85,85,85,85,85,85,85,85,85,85,85,85,85,85,85,85,85,85,85,85,85,85,85],"card_choices":[{"not_picked":["hexamod:HeatShield","hexamod:NightmareGuise"],"picked":"hexamod:RainOfEmbers","floor":2.0},{"not_picked":["hexamod:GhostShield","hexamod:PhantomFireball"],"picked":"hexamod:RadiantFlame","floor":4.0},{"not_picked":["hexamod:ShieldOfDarkness","hexamod:InspiringFlames"],"picked":"hexamod:ChargedBarrage","floor":5.0},{"not_picked":["hexamod:Hexaguard","hexamod:GhostShield"],"picked":"hexamod:SoulSteal","floor":6.0},{"not_picked":["hexamod:FourthSeal","hexamod:NightmareStrike"],"picked":"hexamod:DynamicBlow","floor":8.0},{"not_picked":["hexamod:TimeWarp","hexamod:ThirdSeal","hexamod:SoulSteal"],"picked":"SKIP","floor":10.0},{"not_picked":["hexamod:NightmareStrike","hexamod:ShieldOfDarkness"],"picked":"hexamod:HauntingEcho","floor":11.0},{"not_picked":["hexamod:SwordOfDarkness","hexamod:ThermalTransfer"],"picked":"hexamod:SearingWound","floor":13.0},{"not_picked":["hexamod:SpectralAdrenaline","hexamod:ThermalTransfer"],"picked":"hexamod:HeatMetal","floor":14.0},{"not_picked":["hexamod:AdvancingGuard","hexamod:FastForward"],"picked":"hexamod:BurningTouch","floor":15.0},{"not_picked":["hexamod:TimeOfNeed","hexamod:ParanormalForm"],"picked":"hexamod:HexaLevel","floor":16.0},{"not_picked":["hexamod:NightmareGuise+1","hexamod:BurningTouch+1"],"picked":"hexamod:FastForward","floor":20.0},{"not_picked":["hexamod:SpectersWail+1","hexamod:SwordOfDarkness","hexamod:BacktrackSmack"],"picked":"SKIP","floor":22.0},{"not_picked":["hexamod:GhostLash+1","hexamod:SoulSteal","hexamod:CatchUp"],"picked":"SKIP","floor":23.0},{"not_picked":["hexamod:FifthSeal","hexamod:EtherealExpedition","hexamod:StepThrough"],"picked":"SKIP","floor":25.0},{"not_picked":["hexamod:Firestarter+1","hexamod:NecessarySacrifice"],"picked":"hexamod:RadiantFlame","floor":26.0},{"not_picked":["hexamod:BurningTouch","hexamod:FourthSeal"],"picked":"hexamod:HexaLevel","floor":27},{"not_picked":["hexamod:BurningTouch","hexamod:EtherealExpedition"],"picked":"hexamod:FastForward+1","floor":28},{"not_picked":["hexamod:SoulSteal","hexamod:Firestarter"],"picked":"hexamod:AdvancingGuard","floor":29},{"not_picked":["hexamod:NightmareGuise","hexamod:ShieldOfDarkness"],"picked":"hexamod:RadiantFlame","floor":31},{"not_picked":["hexamod:BacktrackSmack","hexamod:ApocalypseNow"],"picked":"hexamod:Rewind","floor":32},{"not_picked":["hexamod:TimeOfNeed","hexamod:SixthSeal"],"picked":"hexamod:ApocalypticArmor","floor":33},{"not_picked":["hexamod:NightmareGuise","hexamod:AdvancingGuard","hexamod:SpectersWail"],"picked":"SKIP","floor":37}],"player_experience":697200,"relics_obtained":[{"floor":6.0,"key":"ReplayTheSpireMod:TigerMarble"},{"floor":8.0,"key":"Dead Branch"},{"floor":10.0,"key":"Du-Vu Doll"},{"floor":22.0,"key":"Replay:WaspNest"},{"floor":24.0,"key":"Replay:Wax Seal"},{"floor":25.0,"key":"Ancient Tea Set"},{"floor":27,"key":"Replay:Bandana"},{"floor":35,"key":"hubris:Teleporter"}],"event_choices":[{"damage_healed":0.0,"max_hp_gain":0.0,"max_hp_loss":0.0,"gold_gain":0.0,"event_name":"Duplicator","player_choice":"Copied","floor":19.0,"gold_loss":0.0,"damage_taken":0.0,"cards_obtained":["hexamod:HexaLevel"]}],"is_beta":false,"boss_relics":[{"not_picked":["hubris:GrandSneckoEye","hubris:RunicObelisk"],"picked":"Snecko Eye"},{"not_picked":["hubris:BlackHole","ReplayTheSpireMod:DimensionalGlitch"],"picked":"Ring of Chaos"}],"items_purged_floors":[13,14],"is_endless":false,"potions_floor_spawned":[2,6,8,11,15,22,27,29,32],"killed_by":"Giant Head","ascension_level":0}}