{"host":"btj53a7qlsawl9sy","time":1608551268,"event":{"mods":["Act Like it!","BaseMod","Better Vampires","Colored Powertips","Gensokyo","Luminous","Marisa（F雨　魔理沙）","Marked Mod","Minty Spire (QoL Compilation)","Quick Restart","Reimu（博丽灵梦）","Relic Stats","Remilia（蕾米莉亚）","Replay The Spire","Spicy Shops","StSLib","The Administrix","The Hierophant","The Servant 0.9.4","Waifu the Spire","WarShipGirlsR/战舰少女R mod","Youmu（魂魄妖梦）","Yuyuko","vexMod","【东方二次创作】八云紫mod","【遗物卡牌】REMEMod"],"gold_per_floor":[117,117,127,145,145,179,57,57,57,86,86,118,118,146,146,271,271,305,325,358,608,558,604,604,604,604,640,640,334,361,386,386,386,386],"floor_reached":33,"playtime":1299,"items_purged":[],"score":393,"play_id":"f6c63706-2327-4314-b3a4-e7675fca924f","local_time":"20201221194748","is_ascension_mode":true,"campfire_choices":[{"floor":8,"key":"RECALL"},{"floor":11,"key":"REST"},{"floor":13,"key":"REST"},{"data":"MillisecondPulsars","floor":15,"key":"SMITH"},{"floor":24,"key":"REST"},{"floor":28,"key":"REST"},{"floor":32,"key":"REST"}],"circlet_count":0,"master_deck":["Strike_MRS","Strike_MRS","Strike_MRS","Strike_MRS","Defend_MRS","Defend_MRS","Defend_MRS","Defend_MRS","MasterSpark","UpSweep","Brilliance","IllusionStar","UnstableBomb","GrandCross","AlicesGift+1","EarthLightRay","WitchOfGreed","AlicesGift","MillisecondPulsars+1","GalacticHalo","Robbery","UltimateShortwave","Occultation+1","PowerUp+1","PropBag","OortCloud","SporeBomb","MagicAbsorber","ChargeUpSpray","AsteroidBelt+1","IllusionStar+1"],"relics":["MiniHakkero","REME_ComplimentaryCards","NeowsBlessing","Bronze Scales","Simple Rune","Snack Pack","Velvet Choker","Replay:Accelerometer","Durian","OrangePellets","Sundial"],"acts_visited":["Gensokyo:Gensokyo","Gensokyo:Gensokyoer"],"potions_floor_usage":[16,16,23,23,27,31,33],"damage_taken":[{"damage":0,"enemies":"Gensokyo:Gryphon","floor":1,"turns":1},{"damage":0,"enemies":"Gensokyo:Python","floor":3,"turns":1},{"damage":0,"enemies":"Gensokyo:3_Fairies","floor":4,"turns":1},{"damage":17,"enemies":"Gensokyo:Mamizou","floor":6,"turns":6},{"damage":23,"enemies":"Gensokyo:Aya","floor":10,"turns":4},{"damage":7,"enemies":"Gensokyo:Kitsune","floor":12,"turns":3},{"damage":9,"enemies":"Gensokyo:Python_and_Kodama","floor":14,"turns":3},{"damage":0,"enemies":"Gensokyo:Yukari","floor":16,"turns":5},{"damage":15,"enemies":"Gensokyo:CosmicMonolith","floor":18,"turns":3},{"damage":3,"enemies":"Gensokyo:2_Gloops","floor":19,"turns":4},{"damage":13,"enemies":"Gensokyo:Slime_Group","floor":20,"turns":2},{"damage":46,"enemies":"Gensokyo:Koishi","floor":23,"turns":5},{"damage":36,"enemies":"Gensokyo:Swordslinger","floor":27,"turns":3},{"damage":25,"enemies":"Gensokyo:Monolith_and_Dog","floor":30,"turns":5},{"damage":12,"enemies":"Gensokyo:Chomper_and_Gloop","floor":31,"turns":4},{"damage":77,"enemies":"Gensokyo:Eternal_Rivals","floor":33,"turns":9}],"seed_played":"710484153206676860","potions_obtained":[{"floor":10,"key":"ZuzhouPotion:ReiMu"},{"floor":14,"key":"Energy Potion"},{"floor":14,"key":"Reflective Coating"},{"floor":16,"key":"LiquidMemories"},{"floor":16,"key":"Dexterity Potion"},{"floor":23,"key":"DuplicationPotion"},{"floor":30,"key":"Death Potion"},{"floor":30,"key":"FearPotion"},{"floor":31,"key":"Fruit Juice"},{"floor":31,"key":"Elixir"}],"is_trial":false,"path_per_floor":["M","T","M","M","?","E","$","R","T","E","R","M","R","M","R","B",null,"M","M","M","?","?","E","R","?","T","M","R","$","M","M","R","B"],"character_chosen":"MARISA","items_purchased":["WitchOfGreed","AlicesGift","OrangePellets","MagicAbsorber","ChargeUpSpray"],"campfire_rested":5,"item_purchase_floors":[7,7,29,29,29],"current_hp_per_floor":[75,75,75,75,75,58,58,58,58,39,61,54,75,66,66,74,75,66,67,62,62,69,29,52,57,62,34,60,60,45,35,61,0,0],"gold":386,"neow_bonus":"THREE_ENEMY_KILL","is_daily":false,"chose_seed":false,"campfire_upgraded":1,"win_rate":0.0,"timestamp":1608551268,"path_taken":["M","?","M","?","?","E","$","R","T","E","R","M","R","M","R","BOSS","M","M","M","?","?","E","R","?","T","M","R","$","M","?","R","BOSS"],"items_purchased_type":["Card","Card","Relic","Card","Card"],"build_version":"2020-12-13","purchased_purges":0,"victory":false,"max_hp_per_floor":[75,75,75,75,75,75,75,75,75,75,75,75,75,75,75,75,75,75,75,75,71,78,78,78,83,88,88,88,88,88,88,88,93,93],"relic_stats":{"OrangePellets":[1],"counters":[16,59],"Sundial":[0],"Bronze Scales":[106],"obtain_stats":[{"Replay:Accelerometer":23,"NeowsBlessing":0,"Gremlin Horn":23,"Velvet Choker":17,"Frozen Eye":23,"OrangePellets":29,"Mummified Hand":31,"Sundial":33,"Bronze Scales":6,"Simple Rune":9,"Snack Pack":10,"Durian":26,"MiniHakkero":0,"REME_ComplimentaryCards":0},{"Replay:Accelerometer":12,"NeowsBlessing":0,"Gremlin Horn":12,"Velvet Choker":8,"Frozen Eye":11,"OrangePellets":13,"Mummified Hand":15,"Sundial":16,"Bronze Scales":4,"Simple Rune":4,"Snack Pack":5,"Durian":12,"MiniHakkero":0,"REME_ComplimentaryCards":0},{"Replay:Accelerometer":38,"NeowsBlessing":0,"Gremlin Horn":35,"Velvet Choker":24,"Frozen Eye":33,"OrangePellets":41,"Mummified Hand":49,"Sundial":55,"Bronze Scales":9,"Simple Rune":9,"Snack Pack":13,"Durian":38,"MiniHakkero":0,"REME_ComplimentaryCards":0}]},"card_choices":[{"not_picked":["DC","MachineGunSpark"],"picked":"IllusionStar","floor":1},{"not_picked":["MilkyWay","DarkSpark"],"picked":"UnstableBomb","floor":3},{"not_picked":["OneTimeOff","Acceleration"],"picked":"GrandCross","floor":4},{"not_picked":["IllusionStar","PowerUp"],"picked":"EarthLightRay","floor":6},{"not_picked":["OpenUniverse","MagicAbsorber"],"picked":"MillisecondPulsars","floor":10},{"not_picked":["GrandCross","MachineGunSpark"],"picked":"GalacticHalo","floor":12},{"not_picked":["WitchLeyline","UnstableBomb"],"picked":"Robbery","floor":14},{"not_picked":["MillisecondPulsars","FinalSpark"],"picked":"UltimateShortwave","floor":16},{"not_picked":["DarkMatter","ChargeUpSpray"],"picked":"Occultation+1","floor":18},{"not_picked":["Singularity+1","MysteriousBeam"],"picked":"PowerUp+1","floor":19},{"not_picked":["DC","DeepEcoloBomb"],"picked":"PropBag","floor":20},{"not_picked":["IllusionStar","Acceleration+1"],"picked":"OortCloud","floor":23},{"not_picked":["LuminesStrike","Singularity"],"picked":"SporeBomb","floor":27},{"not_picked":["LuminesStrike","SporeBomb+1"],"picked":"AsteroidBelt+1","floor":30},{"not_picked":["MagicChant","AbsoluteMagnitude"],"picked":"IllusionStar+1","floor":31}],"player_experience":99754,"relics_obtained":[{"floor":6,"key":"Bronze Scales"},{"floor":9,"key":"Simple Rune"},{"floor":10,"key":"Snack Pack"},{"floor":23,"key":"Replay:Accelerometer"},{"floor":26,"key":"Durian"}],"event_choices":[],"is_beta":false,"boss_relics":[{"not_picked":["Calling Bell","SacredBark"],"picked":"Velvet Choker"}],"items_purged_floors":[],"is_endless":false,"potions_floor_spawned":[10,14,16,23,30,31],"killed_by":"Gensokyo:Eternal_Rivals","ascension_level":1}}