{"host":"w97dq1whmpm6b2tc","time":1608568691,"event":{"mods":["BaseMod","Challenge The Spire","Downfall","Minty Spire (QoL Compilation)","Replay The Spire","StSLib"],"gold_per_floor":[99,99,134,134,134,10,10,10,36,36,53,53,63,81,95,95,95,95],"floor_reached":16,"playtime":964,"items_purged":[],"score":166,"play_id":"3b119954-df58-4347-b5c8-a41fbd2d64e6","local_time":"20201221183811","is_ascension_mode":true,"campfire_choices":[{"floor":1.0,"key":"RECALL"},{"data":"champ:AdrenalArmor","floor":5.0,"key":"SMITH"},{"data":"champ:Taunt","floor":8.0,"key":"SMITH"},{"data":"champ:BerserkerStyle","floor":10.0,"key":"SMITH"}],"circlet_count":0,"master_deck":["champ:Strike","champ:Strike+1","champ:Strike","champ:Strike","champ:Defend","champ:Defend","champ:Defend","champ:Defend+1","champ:Execute","champ:Taunt+1","champ:AdrenalArmor","champ:AdrenalArmor+1","champ:RecklessLeap","champ:BerserkerStyle+1","champ:RecklessLeap","champ:Lariat"],"relics":["champ:ChampionCrown","downfall:HeartsMalice","Simple Rune","Meat on the Bone"],"acts_visited":["Exordium"],"potions_floor_usage":[],"damage_taken":[{"damage":0.0,"enemies":"Cultist","floor":2.0,"turns":1.0},{"damage":0.0,"enemies":"3 Sentries","floor":3.0,"turns":1.0},{"damage":0.0,"enemies":"Jaw Worm","floor":4.0,"turns":1.0},{"damage":24.0,"enemies":"downfall:FleeingMerchant","floor":6.0,"turns":4.0},{"damage":59.0,"enemies":"Lagavulin","floor":9.0,"turns":6.0},{"damage":36.0,"enemies":"Small Slimes","floor":11.0,"turns":3.0},{"damage":36.0,"enemies":"Blue Slaver","floor":13.0,"turns":3.0},{"damage":47.0,"enemies":"Red Slaver","floor":14.0,"turns":3.0},{"damage":48.0,"enemies":"Exordium Wildlife","floor":15.0,"turns":3.0},{"damage":108,"enemies":"downfall:Silent","floor":16,"turns":6}],"seed_played":"-4831755170610580210","potions_obtained":[{"floor":3.0,"key":"Milkshake"},{"floor":9.0,"key":"Death Potion"},{"floor":13.0,"key":"Toxic Potion"}],"is_trial":false,"path_per_floor":["R","M","E","M","R","$","T","R","E","R","M","?","M","M","M","B"],"character_chosen":"THE_CHAMP","items_purchased":["champ:BerserkerStyle","champ:RecklessLeap"],"campfire_rested":0,"item_purchase_floors":[6,6],"current_hp_per_floor":[90,90,90,90,90,88,88,88,85,85,85,50,62,72,84,2,2,2],"gold":95,"neow_bonus":"THREE_ENEMY_KILL","is_daily":false,"chose_seed":false,"campfire_upgraded":3,"win_rate":0.0,"timestamp":1608568691,"path_taken":["R","M","E","?","R","$","T","R","E","R","M","?","?","M","M","BOSS"],"items_purchased_type":["Card","Card"],"build_version":"2020-12-13","purchased_purges":0,"victory":false,"max_hp_per_floor":[90,90,90,90,90,90,90,90,90,90,90,90,90,90,90,90,90,90],"card_choices":[{"not_picked":["champ:HeartStrike","champ:BladeFlurry"],"picked":"champ:AdrenalArmor","floor":2.0},{"not_picked":["champ:Aggression","champ:RageSigil"],"picked":"champ:AdrenalArmor","floor":3.0},{"not_picked":["champ:SkillfulDodge","champ:Riposte"],"picked":"champ:RecklessLeap","floor":4.0},{"not_picked":["champ:HeartStrike","champ:Backstep","champ:GladiatorsShout"],"picked":"SKIP","floor":6.0},{"not_picked":["champ:TornadoPunch","champ:DefensiveShout","champ:Shatter"],"picked":"SKIP","floor":9.0},{"not_picked":["champ:EndlessRage","champ:PreciseThrust"],"picked":"champ:Lariat","floor":11.0},{"not_picked":["champ:RisingSlash","champ:FlashCut","champ:SwordSigil"],"picked":"SKIP","floor":13.0},{"not_picked":["champ:VampiricStrike","champ:ViciousMockery","champ:BerserkerStyle"],"picked":"SKIP","floor":14.0},{"not_picked":["champ:CrookedStrike","champ:Haymaker","champ:Lariat"],"picked":"SKIP","floor":15.0}],"player_experience":3697253,"relics_obtained":[{"floor":3.0,"key":"Simple Rune"},{"floor":9.0,"key":"Meat on the Bone"}],"event_choices":[],"is_beta":false,"boss_relics":[],"items_purged_floors":[],"is_endless":false,"potions_floor_spawned":[3,9,13],"killed_by":"downfall:Silent","ascension_level":5}}