{"host":"usewcu4ohw2wtmxk","time":1608544121,"event":{"mods":["BaseMod","Minty Spire (QoL Compilation)","Permanent Neow","Quick Restart","Relic Stats"],"gold_per_floor":[112,112,37,57,57,57,83,93,93,93,121,21,21,55,55,55,55],"floor_reached":16,"playtime":259,"items_purged":["Strike_R","Strike_R"],"score":282,"play_id":"d45aeb24-dd99-4336-8c5e-3d1f672dc931","local_time":"20201221174841","is_ascension_mode":true,"campfire_choices":[{"data":"Hemokinesis","floor":6.0,"key":"SMITH"},{"data":"Armaments","floor":10.0,"key":"SMITH"},{"data":"Battle Trance","floor":13,"key":"SMITH"},{"data":"Barricade","floor":15,"key":"SMITH"}],"circlet_count":0,"master_deck":["AscendersBane","Strike_R","Strike_R","Defend_R","Defend_R","Defend_R","Defend_R","Bash","Hemokinesis+1","Sword Boomerang","Pain","Rampage","Armaments+1","Battle Trance+1","Barricade+1"],"relics":["Burning Blood","NeowsBlessing","WarpedTongs","Pear","Pantograph","Potion Belt","Strawberry"],"acts_visited":["Exordium"],"potions_floor_usage":[],"damage_taken":[{"damage":0.0,"enemies":"Jaw Worm","floor":1.0,"turns":1.0},{"damage":0.0,"enemies":"2 Louse","floor":4.0,"turns":1.0},{"damage":0.0,"enemies":"Lagavulin","floor":7.0,"turns":1.0},{"damage":5.0,"enemies":"Cultist","floor":8.0,"turns":3.0},{"damage":36.0,"enemies":"Gremlin Nob","floor":11.0,"turns":4.0},{"damage":40,"enemies":"3 Sentries","floor":14,"turns":10},{"damage":45,"enemies":"Hexaghost","floor":16,"turns":7}],"seed_played":"-3065550832174177199","potions_obtained":[{"floor":1.0,"key":"AttackPotion"},{"floor":7.0,"key":"LiquidBronze"},{"floor":8.0,"key":"DuplicationPotion"}],"is_trial":false,"path_per_floor":["M","?","$","M","?","R","E","M","T","R","E","$","R","E","R","B"],"character_chosen":"IRONCLAD","items_purchased":[],"campfire_rested":0,"item_purchase_floors":[],"current_hp_per_floor":[74,67,67,73,73,73,85,85,85,85,55,55,55,28,28,8,8],"gold":55,"neow_bonus":"THREE_ENEMY_KILL","is_daily":false,"chose_seed":false,"campfire_upgraded":4,"win_rate":0.0,"timestamp":1608544121,"path_taken":["M","?","$","M","?","R","E","?","T","R","E","?","R","E","R","BOSS"],"items_purchased_type":[],"build_version":"2020-12-13","purchased_purges":2,"victory":false,"max_hp_per_floor":[75,75,75,75,75,75,85,85,85,85,85,85,85,92,92,92,92],"relic_stats":{"counters":[7,27],"Pantograph":25,"obtain_stats":[{"Potion Belt":11,"Pear":7,"NeowsBlessing":0,"Pantograph":9,"Strawberry":14,"Burning Blood":0,"WarpedTongs":5},{"Potion Belt":5,"Pear":3,"NeowsBlessing":0,"Pantograph":4,"Strawberry":6,"Burning Blood":0,"WarpedTongs":2},{"Potion Belt":10,"Pear":3,"NeowsBlessing":0,"Pantograph":6,"Strawberry":20,"Burning Blood":0,"WarpedTongs":2}],"Burning Blood":31,"WarpedTongs":[21]},"card_choices":[{"not_picked":["Combust","Clothesline"],"picked":"Hemokinesis","floor":1.0},{"not_picked":["Dark Embrace","Warcry"],"picked":"Sword Boomerang","floor":4.0},{"not_picked":["Armaments","Corruption"],"picked":"Rampage","floor":7.0},{"not_picked":["Dual Wield","Heavy Blade"],"picked":"Armaments","floor":8.0},{"not_picked":["Iron Wave","Seeing Red"],"picked":"Battle Trance","floor":11.0},{"not_picked":["Inflame","Warcry"],"picked":"Barricade","floor":14}],"player_experience":207923,"relics_obtained":[{"floor":7.0,"key":"Pear"},{"floor":9.0,"key":"Pantograph"},{"floor":11.0,"key":"Potion Belt"},{"floor":14,"key":"Strawberry"}],"event_choices":[{"cards_removed":["Strike_R"],"damage_healed":0.0,"max_hp_gain":0.0,"max_hp_loss":0.0,"gold_gain":0.0,"event_name":"Golden Wing","player_choice":"Card Removal","floor":2.0,"gold_loss":0.0,"damage_taken":7.0},{"damage_healed":0.0,"max_hp_gain":0.0,"max_hp_loss":0.0,"gold_gain":0.0,"event_name":"Accursed Blacksmith","player_choice":"Rummage","floor":5.0,"gold_loss":0.0,"damage_taken":0.0,"relics_obtained":["WarpedTongs"],"cards_obtained":["Pain"]}],"is_beta":false,"boss_relics":[],"items_purged_floors":[3,12],"is_endless":false,"potions_floor_spawned":[1,7,8],"killed_by":"Hexaghost","ascension_level":20}}