{"host":"8u40nq559zpgb6zp","time":1608526058,"event":{"mods":["Aspiration","Bard","BaseMod","Beaked The Cultist","Better Altar","Better Match","Better Note","Better Sensory Stone","Better Skull","Better Third Choice","BetterRewards","CCEM","Clawfect","Conspire","Duelist Mod","Googly Eyes","Halation","Hermit","Highlight Path","Infinite Spire","Jedi Mod","Jorbs\u0027s Wanderer Trilogy","Mad Scientist","Marisa（霧雨　魔理沙）","Minty Spire (QoL Compilation)","Permanent Neow","Replay The Spire","Shade Mod","Shop Mod","Spicy Shops","StSLib","The Bladedancer","The Construct","The Cursed","The Disciple","The Druid","The Gatherer","The Hierophant","The IronCluck","The Jungle","The Mystic","The Necromancer","The Runesmith","The Senshi","The Servant 0.9.4","The Spell Scribe","The Witch","slay the spire mod where everything is the same but ironclad has a cowboy hat"],"gold_per_floor":[115,133,46,20,20,54,54,69,69,69,86,120,139,149,149,250,250,205,205],"floor_reached":18,"playtime":920,"items_purged":[],"score":172,"play_id":"864791a8-644f-48b0-b916-d8a9b495109b","local_time":"20201220234738","is_ascension_mode":false,"campfire_choices":[{"data":"Blood_Curse","floor":7,"key":"SMITH"},{"data":"Necrotic_Claws","floor":10,"key":"SMITH"},{"floor":15,"key":"REST"}],"circlet_count":0,"master_deck":["Strike_W","Strike_W","Strike_W","Strike_W","Defend_W","Defend_W","Defend_W","Defend_W","Negative_Energy_Arrows","Bone_Wall","Requiem","Negative_Energy_Sphere","Negative_Energy_Sphere+1","Necrotic_Claws+1","Necrotic_Claws","Blood_Curse+1","SwitchThreat","blademaster:Thrust","Shade:GreaterAnimation","CurseOfTheBell"],"relics":["Vampire_Amulet","PrismaticShard","aspiration:Lifesprig","halation:PrussianBluePaint","Gremlin Food","Calling Bell","Orichalcum","CCEMRelics:GrapeVine","CCEMRelics:WarHorn"],"acts_visited":["Exordium","TheCity"],"potions_floor_usage":[18,18],"damage_taken":[{"damage":1,"enemies":"Cultist","floor":1,"turns":6},{"damage":0,"enemies":"Small Slimes","floor":2,"turns":5},{"damage":37,"enemies":"Gremlin Nob","floor":6,"turns":5},{"damage":2,"enemies":"Jaw Worm","floor":8,"turns":2},{"damage":0,"enemies":"2 Fungi Beasts","floor":11,"turns":3},{"damage":14,"enemies":"3 Sentries","floor":12,"turns":6},{"damage":10,"enemies":"Blue Slaver","floor":13,"turns":3},{"damage":6,"enemies":"Looter","floor":14,"turns":3},{"damage":18,"enemies":"Hexaghost","floor":16,"turns":6},{"damage":9,"enemies":"2 Thieves","floor":18,"turns":3}],"seed_played":"-6969622878822379350","potions_obtained":[{"floor":6,"key":"Swift Potion"},{"floor":8,"key":"Weak Potion"},{"floor":11,"key":"Energy Potion"}],"is_trial":false,"path_per_floor":["M","M","$","$","?","E","R","M","T","R","M","E","M","M","R","B",null,"M"],"character_chosen":"NECROMANCER","items_purchased":["Necrotic_Claws","Blood_Curse"],"campfire_rested":1,"item_purchase_floors":[3,4],"current_hp_per_floor":[75,75,75,75,75,40,40,40,40,40,44,36,28,24,46,30,75,68,68],"gold":205,"neow_bonus":"ONE_RANDOM_RARE_CARD","is_daily":false,"chose_seed":false,"campfire_upgraded":2,"win_rate":0.0,"timestamp":1608526058,"path_taken":["M","M","?","$","?","E","R","M","T","R","?","E","M","M","R","BOSS","M"],"items_purchased_type":["Card","Card"],"build_version":"2020-12-13","purchased_purges":0,"victory":false,"max_hp_per_floor":[75,75,75,75,75,75,75,75,75,75,75,75,75,75,75,75,75,75,75],"card_choices":[{"not_picked":["Death_Knell","Consume_Illness"],"picked":"Negative_Energy_Sphere","floor":1},{"not_picked":["Deaths_Shadow","Blood_Whip"],"picked":"Negative_Energy_Sphere","floor":2},{"not_picked":["Bone_Bullets","theDuelist:BlueDragonSummoner"],"picked":"blademaster:Thrust","floor":6},{"not_picked":["theDuelist:KaiserSeaHorse","Shade:GoDigging","ReapSow"],"picked":"SKIP","floor":8},{"not_picked":["beaked:SurvivalInstinct","MadScienceMod:Tune","beaked:Roost"],"picked":"SKIP","floor":11},{"not_picked":["Toxic_Smoke_Screen","theDuelist:FossilSkullknight","theDuelist:ClosedForest"],"picked":"SKIP","floor":12},{"not_picked":["theDuelist:Electrowhip","Foresight","construct:ScrapCannon"],"picked":"SKIP","floor":13},{"not_picked":["Potential","theDuelist:AncientGearGadjiltron","Shade:Trample"],"picked":"SKIP","floor":14},{"not_picked":["theDuelist:Nameless:Magic:PotGenerosity","theDuelist:Nameless:Power:BerserkerCrush"],"picked":"Shade:GreaterAnimation","floor":16}],"player_experience":902558,"relics_obtained":[{"floor":6,"key":"aspiration:Lifesprig"},{"floor":9,"key":"halation:PrussianBluePaint"},{"floor":12,"key":"Gremlin Food"},{"floor":17,"key":"Orichalcum"},{"floor":17,"key":"CCEMRelics:GrapeVine"},{"floor":17,"key":"CCEMRelics:WarHorn"}],"event_choices":[],"is_beta":false,"boss_relics":[{"not_picked":["aspiration:FutureDiary","infinitespire:Cupcake"],"picked":"Calling Bell"}],"items_purged_floors":[],"is_endless":false,"potions_floor_spawned":[6,8,11,12],"killed_by":"2 Thieves","ascension_level":0}}