{"host":"f0gpob8hq9vgebej","time":1608535516,"event":{"mods":["AchievementEnabler","BaseMod","Googly Eyes","Minty Spire (QoL Compilation)","Quick Restart","SuperFastMode"],"gold_per_floor":[117,117,192,204,221,221,238,258,283,301,301,16,16,33,33,33,33],"floor_reached":16,"playtime":173,"items_purged":["Decay"],"score":150,"play_id":"fee92d1d-0a36-4ae8-8a6a-e717586018e1","local_time":"20201221162516","is_ascension_mode":true,"campfire_choices":[{"data":"Dagger Spray","floor":6,"key":"SMITH"},{"data":"Neutralize","floor":13,"key":"SMITH"},{"data":"Survivor","floor":15,"key":"SMITH"}],"circlet_count":0,"master_deck":["AscendersBane","Strike_G","Strike_G","Strike_G","Strike_G","Strike_G","Defend_G","Defend_G","Defend_G","Defend_G","Defend_G","Survivor+1","Neutralize+1","Dagger Spray+1","Blade Dance","Acrobatics","Blade Dance","Flash of Steel","Blade Dance"],"relics":["Ring of the Snake","NeowsBlessing","Bag of Marbles","Smiling Mask","Snake Skull"],"acts_visited":["Exordium"],"potions_floor_usage":[16],"damage_taken":[{"damage":0,"enemies":"Cultist","floor":1,"turns":1},{"damage":0,"enemies":"Jaw Worm","floor":4,"turns":1},{"damage":0,"enemies":"Small Slimes","floor":5,"turns":1},{"damage":0,"enemies":"Gremlin Gang","floor":7,"turns":1},{"damage":3,"enemies":"Looter","floor":8,"turns":4},{"damage":7,"enemies":"Exordium Thugs","floor":10,"turns":4},{"damage":0,"enemies":"3 Louse","floor":14,"turns":1},{"damage":25,"enemies":"Hexaghost","floor":16,"turns":9}],"seed_played":"-3182266622865253529","potions_obtained":[{"floor":4,"key":"SneckoOil"},{"floor":7,"key":"FearPotion"},{"floor":10,"key":"Explosive Potion"}],"is_trial":false,"path_per_floor":["M","?","?","M","M","R","M","M","T","M","?","$","R","M","R","B"],"character_chosen":"THE_SILENT","items_purchased":["Snake Skull","Flash of Steel"],"campfire_rested":0,"item_purchase_floors":[12,12],"current_hp_per_floor":[63,51,40,40,40,40,40,37,37,30,30,30,30,30,30,5,5],"gold":33,"neow_bonus":"THREE_ENEMY_KILL","is_daily":false,"chose_seed":false,"campfire_upgraded":3,"win_rate":0.0,"timestamp":1608535516,"path_taken":["M","?","?","M","M","R","M","M","T","M","?","$","R","M","R","BOSS"],"items_purchased_type":["Relic","Card"],"build_version":"2020-12-13","purchased_purges":1,"victory":false,"max_hp_per_floor":[70,70,70,70,70,70,70,70,70,70,70,70,70,70,70,70,70],"card_choices":[{"not_picked":["Poisoned Stab","Cloak And Dagger"],"picked":"Dagger Spray","floor":1},{"not_picked":["Dodge and Roll","Heel Hook"],"picked":"Blade Dance","floor":4},{"not_picked":["Dagger Throw","Skewer","Deflect"],"picked":"SKIP","floor":5},{"not_picked":["Deflect","Quick Slash"],"picked":"Acrobatics","floor":7},{"not_picked":["Expertise","Slice","Riddle With Holes"],"picked":"SKIP","floor":8},{"not_picked":["Predator","Caltrops"],"picked":"Blade Dance","floor":10},{"not_picked":["Unload","Poisoned Stab"],"picked":"Blade Dance","floor":14}],"player_experience":180596,"relics_obtained":[{"floor":9,"key":"Smiling Mask"}],"event_choices":[{"damage_healed":0,"gold_gain":0,"player_choice":"Success","damage_taken":12,"relics_obtained":["Bag of Marbles"],"max_hp_gain":0,"max_hp_loss":0,"event_name":"Scrap Ooze","floor":2,"gold_loss":0},{"damage_healed":0,"gold_gain":75,"player_choice":"Gather Gold","damage_taken":11,"max_hp_gain":0,"max_hp_loss":0,"event_name":"World of Goop","floor":3,"gold_loss":0},{"damage_healed":0,"gold_gain":0,"player_choice":"Cursed","damage_taken":0,"max_hp_gain":0,"max_hp_loss":0,"event_name":"Wheel of Change","floor":11,"gold_loss":0,"cards_obtained":["Decay"]}],"is_beta":false,"boss_relics":[],"items_purged_floors":[12],"is_endless":false,"potions_floor_spawned":[4,7,10],"killed_by":"Hexaghost","ascension_level":12}}