{"host":"qxeepl7ydvsgmfdb","time":1608564471,"event":{"mods":["AchievementEnabler","BaseMod","Colored Powertips","Minty Spire (QoL Compilation)","Quick Restart","slay the spire mod where everything is the same but ironclad has a cowboy hat"],"gold_per_floor":[144,144,189,141,186,186,231,231,231,231,231,8,53,98,98,398,398,443,143,168,213,258,303,303,303,303,303,348,373,73,118,118,418,418,463,35,35,80,125,125,170,215,215,65,65,110,185,275,275,275],"floor_reached":51,"playtime":2128,"items_purged":["Perfected Strike+1"],"score":971,"play_id":"70e589ad-3c7f-453d-abd3-68e9365055e2","local_time":"20201221102751","daily_mods":["Shiny","Vintage","Midas"],"is_ascension_mode":false,"campfire_choices":[{"floor":6.0,"key":"REST"},{"floor":8.0,"key":"REST"},{"floor":10.0,"key":"REST"},{"floor":15.0,"key":"REST"},{"floor":25.0,"key":"REST"},{"floor":32.0,"key":"REST"},{"floor":40,"key":"REST"},{"floor":49,"key":"REST"}],"circlet_count":0,"master_deck":["Double Tap","Bludgeon+1","Feed","Limit Break","Fiend Fire","Impervious","Reaper","Exhume","Offering","Immolate","Armaments","Shrug It Off","Body Slam+1","RitualDagger","Warcry+1","Heavy Blade","Parasite"],"relics":["Burning Blood","Bottled Flame","NlothsMask","Pen Nib","Tiny Chest","Singing Bowl","Blood Vial","Anchor","StoneCalendar","Black Star","Bag of Preparation","Happy Flower","Oddly Smooth Stone","PreservedInsect","Torii","Bronze Scales","Juzu Bracelet","Ornamental Fan","MealTicket","Art of War","Lee\u0027s Waffle","Bag of Marbles","Paper Frog","Astrolabe","Frozen Egg 2","Thread and Needle","Toxic Egg 2","Strawberry","Mummified Hand","Mercury Hourglass","Meat on the Bone","Whetstone","Regal Pillow","Bottled Lightning","Omamori","White Beast Statue"],"acts_visited":["Exordium","TheCity","TheBeyond"],"potions_floor_usage":[39,48],"damage_taken":[{"damage":17.0,"enemies":"Jaw Worm","floor":1.0,"turns":2.0},{"damage":0.0,"enemies":"Cultist","floor":3.0,"turns":2.0},{"damage":0.0,"enemies":"Small Slimes","floor":5.0,"turns":1.0},{"damage":6.0,"enemies":"Exordium Thugs","floor":7.0,"turns":2.0},{"damage":0.0,"enemies":"Looter","floor":13.0,"turns":1.0},{"damage":0.0,"enemies":"2 Fungi Beasts","floor":14.0,"turns":1.0},{"damage":6.0,"enemies":"Slime Boss","floor":16.0,"turns":4.0},{"damage":6.0,"enemies":"Shell Parasite","floor":18.0,"turns":3.0},{"damage":0.0,"enemies":"Spheric Guardian","floor":21.0,"turns":1.0},{"damage":6.0,"enemies":"Snake Plant","floor":22.0,"turns":2.0},{"damage":16.0,"enemies":"Centurion and Healer","floor":23.0,"turns":5.0},{"damage":34.0,"enemies":"3 Cultists","floor":28.0,"turns":4.0},{"damage":6.0,"enemies":"Sentry and Sphere","floor":31.0,"turns":2.0},{"damage":71.0,"enemies":"Champ","floor":33.0,"turns":11.0},{"damage":0.0,"enemies":"3 Darklings","floor":35.0,"turns":1.0},{"damage":6.0,"enemies":"Orb Walker","floor":38.0,"turns":1.0},{"damage":0,"enemies":"Spire Growth","floor":39,"turns":4},{"damage":8,"enemies":"4 Shapes","floor":41,"turns":1},{"damage":24,"enemies":"Writhing Mass","floor":42,"turns":5},{"damage":0,"enemies":"3 Darklings","floor":46,"turns":1},{"damage":47,"enemies":"Giant Head","floor":48,"turns":7},{"damage":156,"enemies":"Time Eater","floor":50,"turns":11}],"seed_played":"7329645460642280970","potions_obtained":[{"floor":1.0,"key":"Energy Potion"},{"floor":3.0,"key":"FearPotion"},{"floor":18.0,"key":"FearPotion"},{"floor":28.0,"key":"FairyPotion"},{"floor":33.0,"key":"LiquidMemories"},{"floor":35.0,"key":"SkillPotion"},{"floor":48,"key":"SmokeBomb"}],"is_trial":false,"path_per_floor":["M","?","M","$","M","R","M","R","T","R","?","$","M","M","R","B",null,"M","$","T","M","M","M","?","R","T","?","M","T","$","M","R","B",null,"M","$","?","M","M","R","M","M","T","$","?","M","T","E","R","B",null],"character_chosen":"IRONCLAD","items_purchased":["Armaments","Blood Vial","Shrug It Off","Body Slam","Happy Flower","Oddly Smooth Stone","Lee\u0027s Waffle","Bag of Marbles","Thread and Needle","Heavy Blade","Whetstone"],"campfire_rested":8,"item_purchase_floors":[4,12,12,12,19,19,30,30,36,36,44],"current_hp_per_floor":[70,70,76,76,83,83,83,83,83,83,83,83,83,83,83,85,85,85,85,85,85,85,75,75,85,85,79,57,57,96,96,96,43,98,98,98,108,108,115,115,113,100,100,115,115,115,115,80,117,21],"gold":275,"neow_bonus":"","is_daily":true,"chose_seed":false,"campfire_upgraded":0,"win_rate":0.0,"timestamp":1608564471,"path_taken":["M","?","?","$","M","R","?","R","T","R","?","$","M","M","R","BOSS","M","?","?","M","M","?","?","R","T","?","M","?","$","M","R","BOSS","M","$","?","M","M","R","M","M","T","?","?","M","?","E","R","BOSS"],"items_purchased_type":["Card","Relic","Card","Card","Relic","Relic","Relic","Relic","Relic","Card","Relic"],"build_version":"2020-12-13","purchased_purges":1,"victory":true,"max_hp_per_floor":[80,80,80,80,83,83,83,83,83,83,83,83,83,83,83,85,85,85,85,85,85,85,85,85,85,85,85,89,89,96,96,96,98,98,98,98,108,108,115,115,115,115,115,115,115,115,115,117,117,117],"card_choices":[{"not_picked":["Double Tap","Demon Form","Barricade"],"picked":"Singing Bowl","floor":16.0},{"not_picked":["Impervious","Corruption","Berserk"],"picked":"Singing Bowl","floor":33.0},{"not_picked":["Shrug It Off+1","Cleave","Battle Trance+1"],"picked":"Singing Bowl","floor":48}],"player_experience":303541,"relics_obtained":[{"floor":1.0,"key":"Bottled Flame"},{"floor":3.0,"key":"Pen Nib"},{"floor":5.0,"key":"Tiny Chest"},{"floor":7.0,"key":"Singing Bowl"},{"floor":13.0,"key":"Anchor"},{"floor":14.0,"key":"StoneCalendar"},{"floor":18.0,"key":"Bag of Preparation"},{"floor":20.0,"key":"PreservedInsect"},{"floor":21.0,"key":"Torii"},{"floor":22.0,"key":"Bronze Scales"},{"floor":23.0,"key":"Juzu Bracelet"},{"floor":26.0,"key":"Ornamental Fan"},{"floor":28.0,"key":"MealTicket"},{"floor":29.0,"key":"Art of War"},{"floor":31.0,"key":"Paper Frog"},{"floor":35.0,"key":"Frozen Egg 2"},{"floor":38.0,"key":"Toxic Egg 2"},{"floor":39,"key":"Strawberry"},{"floor":41,"key":"Mummified Hand"},{"floor":42,"key":"Mercury Hourglass"},{"floor":43,"key":"Meat on the Bone"},{"floor":46,"key":"Regal Pillow"},{"floor":47,"key":"Bottled Lightning"},{"floor":48,"key":"Omamori"},{"floor":48,"key":"White Beast Statue"}],"event_choices":[{"damage_healed":0.0,"max_hp_gain":0.0,"max_hp_loss":0.0,"gold_gain":0.0,"event_name":"FaceTrader","player_choice":"Trade","floor":2.0,"gold_loss":0.0,"damage_taken":0.0,"relics_obtained":["NlothsMask"]},{"cards_removed":["Brutality"],"damage_healed":0.0,"max_hp_gain":0.0,"max_hp_loss":0.0,"gold_gain":0.0,"event_name":"Purifier","player_choice":"Purged","floor":11.0,"gold_loss":0.0,"damage_taken":0.0},{"cards_removed":["Barricade"],"damage_healed":0.0,"max_hp_gain":0.0,"max_hp_loss":0.0,"gold_gain":0.0,"event_name":"Back to Basics","player_choice":"Elegance","floor":24.0,"gold_loss":0.0,"damage_taken":0.0},{"damage_healed":0.0,"max_hp_gain":0.0,"max_hp_loss":0.0,"gold_gain":0.0,"event_name":"Nest","player_choice":"Joined the Cult","floor":27.0,"gold_loss":0.0,"damage_taken":6.0,"cards_obtained":["RitualDagger"]},{"cards_removed":["Berserk"],"damage_healed":0.0,"max_hp_gain":10.0,"max_hp_loss":0.0,"gold_gain":0.0,"event_name":"Bonfire Elementals","player_choice":"Offered Rare","floor":37.0,"gold_loss":0.0,"damage_taken":0.0},{"cards_removed":["Demon Form"],"damage_healed":0,"gold_gain":0,"player_choice":"Removed Power","damage_taken":0,"max_hp_gain":0,"max_hp_loss":0,"event_name":"Falling","floor":45,"gold_loss":0}],"is_beta":false,"boss_relics":[{"not_picked":["Calling Bell","Runic Dome"],"picked":"Black Star"},{"not_picked":["Philosopher\u0027s Stone","Runic Pyramid"],"picked":"Astrolabe"}],"items_purged_floors":[36],"is_endless":false,"potions_floor_spawned":[1,3,18,28,33,35,38,48],"ascension_level":0}}