{"host":"3jjxuhjpio8e4zkv","time":1608590071,"event":{"mods":["BaseMod","Colored Map","Minty Spire (QoL Compilation)","Permanent Neow","Relic Stats","StSLib"],"gold_per_floor":[118,118,130,55,55,55,80,97,97,97,115,115,125,150,150,227,227,199,212,57,73,87,87,120,120,120,150,166,216,141,141,141,219,219,230,244,256,256,256,256,93,93,93,107,107,26,26,41,41,41,41,41,41,41,41,41],"floor_reached":55,"playtime":2884,"items_purged":["Strike_G"],"score":1834,"play_id":"fe90e62d-2b26-4b23-9b63-5d322912f65f","local_time":"20201221173431","is_ascension_mode":true,"campfire_choices":[{"data":"Heel Hook","floor":6,"key":"SMITH"},{"floor":10,"key":"REST"},{"data":"Well Laid Plans","floor":12,"key":"SMITH"},{"data":"Malaise","floor":15,"key":"SMITH"},{"floor":23,"key":"REST"},{"floor":25,"key":"REST"},{"data":"Corpse Explosion","floor":32,"key":"SMITH"},{"floor":40,"key":"REST"},{"floor":45,"key":"REST"},{"floor":49,"key":"RECALL"},{"floor":53,"key":"REST"}],"circlet_count":0,"master_deck":["AscendersBane","Strike_G","Strike_G","Strike_G","Defend_G","Defend_G","Defend_G","Defend_G","Defend_G","Survivor","Neutralize+1","Heel Hook+1","Flying Knee","Backflip","Well Laid Plans+1","Noxious Fumes","Malaise+1","PiercingWail","Venomology","Bane","All Out Attack","Corpse Explosion+1","Leg Sweep","Backstab","After Image","Quick Slash+1","Dash+1","Burst","Acrobatics+1","Prepared+1","Deadly Poison+1","Adrenaline","Catalyst","Footwork+1","Panache+1","PiercingWail"],"relics":["Ring of the Snake","Snake Skull","Turnip","Pantograph","Bird Faced Urn","Runic Dome","Singing Bowl","Bag of Marbles","Prayer Wheel","Fusion Hammer","Orrery","Frozen Egg 2"],"acts_visited":["Exordium","TheCity","TheBeyond","TheEnding"],"potions_floor_usage":[16,18,19,21,22,24,24,27,33,33,33,37,39,48,48,50,50,50,51,55],"damage_taken":[{"damage":0,"enemies":"Jaw Worm","floor":1,"turns":6},{"damage":0,"enemies":"2 Louse","floor":3,"turns":5},{"damage":51,"enemies":"Gremlin Nob","floor":7,"turns":6},{"damage":0,"enemies":"Cultist","floor":8,"turns":3},{"damage":7,"enemies":"Large Slime","floor":11,"turns":7},{"damage":2,"enemies":"2 Fungi Beasts","floor":13,"turns":4},{"damage":4,"enemies":"Lagavulin","floor":14,"turns":7},{"damage":2,"enemies":"The Guardian","floor":16,"turns":12},{"damage":5,"enemies":"2 Thieves","floor":18,"turns":4},{"damage":5,"enemies":"Chosen","floor":19,"turns":9},{"damage":43,"enemies":"Centurion and Healer","floor":21,"turns":6},{"damage":12,"enemies":"Cultist and Chosen","floor":22,"turns":5},{"damage":14,"enemies":"Slavers","floor":24,"turns":4},{"damage":6,"enemies":"Gremlin Leader","floor":27,"turns":11},{"damage":7,"enemies":"Snecko","floor":28,"turns":6},{"damage":55,"enemies":"Automaton","floor":33,"turns":11},{"damage":29,"enemies":"3 Darklings","floor":35,"turns":3},{"damage":0,"enemies":"Orb Walker","floor":36,"turns":3},{"damage":35,"enemies":"3 Darklings","floor":37,"turns":5},{"damage":0,"enemies":"4 Shapes","floor":39,"turns":1},{"damage":26,"enemies":"Spire Growth","floor":44,"turns":6},{"damage":13,"enemies":"Sphere and 2 Shapes","floor":48,"turns":5},{"damage":72,"enemies":"Time Eater","floor":50,"turns":14},{"damage":45,"enemies":"Donu and Deca","floor":51,"turns":8},{"damage":108,"enemies":"Shield and Spear","floor":55,"turns":7}],"seed_played":"-7080220844382465681","potions_obtained":[{"floor":3,"key":"SpeedPotion"},{"floor":13,"key":"GamblersBrew"},{"floor":14,"key":"BlessingOfTheForge"},{"floor":21,"key":"Block Potion"},{"floor":24,"key":"Fire Potion"},{"floor":33,"key":"ColorlessPotion"},{"floor":37,"key":"Block Potion"},{"floor":48,"key":"Poison Potion"}],"is_trial":false,"path_per_floor":["M","?","M","?","?","R","E","M","T","R","M","R","M","E","R","B",null,"M","M","$","M","M","R","E","R","T","E","M","?","$","?","R","B",null,"M","M","M","?","M","R","$","T","T","M","R","$","?","M","R","B","B",null,"R","$","E"],"character_chosen":"THE_SILENT","items_purchased":["Corpse Explosion","Orrery","Footwork+1"],"campfire_rested":6,"item_purchase_floors":[20,41,46],"current_hp_per_floor":[59,64,64,64,64,64,13,13,13,34,27,27,25,21,21,48,65,64,63,63,24,16,37,23,44,44,44,45,45,45,45,45,18,59,38,46,19,19,19,43,49,49,49,31,57,57,57,68,68,25,15,72,91,91,0,0],"gold":41,"neow_bonus":"RANDOM_COMMON_RELIC","is_daily":false,"chose_seed":false,"campfire_upgraded":4,"win_rate":0.0,"timestamp":1608590071,"path_taken":["M","?","M","?","?","R","E","M","T","R","?","R","M","E","R","BOSS","M","M","$","M","M","R","E","R","T","E","M","?","$","?","R","BOSS","M","M","M","?","M","R","$","?","T","?","R","$","?","M","R","BOSS","BOSS","R","$","E"],"items_purchased_type":["Card","Relic","Card"],"build_version":"2020-12-13","purchased_purges":1,"victory":false,"max_hp_per_floor":[66,71,71,71,71,71,71,71,71,71,71,71,71,71,71,71,71,71,71,71,71,71,71,71,71,71,71,73,73,73,73,73,73,73,75,77,81,81,81,81,87,87,87,89,89,89,89,91,91,91,91,91,91,91,91,91],"relic_stats":{"Singing Bowl":20,"counters":[25,158],"Pantograph":98,"Bird Faced Urn":[91],"Prayer Wheel":6,"Snake Skull":[141],"Turnip":[18],"obtain_stats":[{"Runic Dome":17,"Singing Bowl":24,"Pantograph":9,"Bird Faced Urn":14,"Orrery":41,"Prayer Wheel":27,"Snake Skull":0,"Turnip":7,"Fusion Hammer":34,"Bag of Marbles":26,"Frozen Egg 2":42,"Ring of the Snake":0},{"Runic Dome":8,"Singing Bowl":13,"Pantograph":4,"Bird Faced Urn":7,"Orrery":20,"Prayer Wheel":14,"Snake Skull":0,"Turnip":3,"Fusion Hammer":16,"Bag of Marbles":13,"Frozen Egg 2":20,"Ring of the Snake":0},{"Runic Dome":50,"Singing Bowl":78,"Pantograph":20,"Bird Faced Urn":38,"Orrery":118,"Prayer Wheel":89,"Snake Skull":0,"Turnip":17,"Fusion Hammer":106,"Bag of Marbles":78,"Frozen Egg 2":118,"Ring of the Snake":0}],"Ring of the Snake":[50]},"card_choices":[{"not_picked":["Deflect","Footwork"],"picked":"Heel Hook","floor":1},{"not_picked":["Underhanded Strike","Burst"],"picked":"Flying Knee","floor":3},{"not_picked":["Catalyst","Prepared"],"picked":"Backflip","floor":7},{"not_picked":["Choke","Outmaneuver"],"picked":"Well Laid Plans","floor":8},{"not_picked":["Acrobatics","Deflect"],"picked":"Noxious Fumes","floor":11},{"not_picked":["Prepared","Slice"],"picked":"Malaise","floor":13},{"not_picked":["Poisoned Stab","Dagger Spray"],"picked":"PiercingWail","floor":14},{"not_picked":["Glass Knife","A Thousand Cuts"],"picked":"Venomology","floor":16},{"not_picked":["Noxious Fumes","Poisoned Stab"],"picked":"Bane","floor":18},{"not_picked":["Sucker Punch","Tactician"],"picked":"All Out Attack","floor":19},{"not_picked":["Endless Agony","Acrobatics"],"picked":"Leg Sweep","floor":21},{"not_picked":["Skewer","Deflect"],"picked":"Backstab","floor":22},{"not_picked":["Backflip+1","Masterful Stab"],"picked":"After Image","floor":24},{"not_picked":["Calculated Gamble","Backstab"],"picked":"Quick Slash+1","floor":27},{"not_picked":["Dodge and Roll","Sucker Punch","Quick Slash"],"picked":"Singing Bowl","floor":28},{"not_picked":["Finisher","Flying Knee"],"picked":"Dash+1","floor":28},{"not_picked":["Phantasmal Killer","Night Terror"],"picked":"Burst","floor":33},{"not_picked":["Expertise","Flying Knee","Caltrops"],"picked":"Singing Bowl","floor":35},{"not_picked":["Flying Knee","Backstab"],"picked":"Acrobatics+1","floor":35},{"not_picked":["Backflip","Deflect"],"picked":"Prepared+1","floor":36},{"not_picked":["Dagger Throw+1","Backflip","Flying Knee"],"picked":"Singing Bowl","floor":36},{"not_picked":["Outmaneuver","Dodge and Roll","Bane"],"picked":"Singing Bowl","floor":37},{"not_picked":["Outmaneuver+1","Dodge and Roll","Deflect"],"picked":"Singing Bowl","floor":37},{"not_picked":["Poisoned Stab","PiercingWail","Acrobatics+1"],"picked":"Singing Bowl","floor":41},{"not_picked":["Dagger Spray+1","Poisoned Stab+1"],"picked":"Deadly Poison+1","floor":41},{"not_picked":["Dagger Spray","Slice","Concentrate"],"picked":"Singing Bowl","floor":41},{"not_picked":["Setup+1","Skewer"],"picked":"Adrenaline","floor":41},{"not_picked":["Underhanded Strike+1","Riddle With Holes","Glass Knife"],"picked":"Singing Bowl","floor":41},{"not_picked":["PiercingWail","Slice","Backflip"],"picked":"Singing Bowl","floor":44},{"not_picked":["Prepared+1","Blade Dance+1"],"picked":"Catalyst","floor":44},{"not_picked":["Deep Breath","Enlightenment"],"picked":"Panache+1","floor":47},{"not_picked":["Prepared","Dagger Throw"],"picked":"PiercingWail","floor":48},{"not_picked":["Dash","Sucker Punch","Dodge and Roll"],"picked":"Singing Bowl","floor":48}],"player_experience":1081490,"relics_obtained":[{"floor":7,"key":"Turnip"},{"floor":9,"key":"Pantograph"},{"floor":14,"key":"Bird Faced Urn"},{"floor":24,"key":"Singing Bowl"},{"floor":26,"key":"Bag of Marbles"},{"floor":27,"key":"Prayer Wheel"},{"floor":42,"key":"Frozen Egg 2"}],"event_choices":[{"damage_healed":0,"gold_gain":0,"player_choice":"Donut","damage_taken":0,"max_hp_gain":5,"max_hp_loss":0,"event_name":"Big Fish","floor":2,"gold_loss":0},{"cards_removed":["Strike_G"],"damage_healed":0,"gold_gain":0,"player_choice":"Card Removal","damage_taken":0,"max_hp_gain":0,"max_hp_loss":0,"event_name":"The Cleric","floor":4,"gold_loss":75},{"damage_healed":0,"gold_gain":0,"player_choice":"Upgraded","damage_taken":0,"max_hp_gain":0,"max_hp_loss":0,"event_name":"Upgrade Shrine","floor":5,"gold_loss":0,"cards_upgraded":["Neutralize"]},{"damage_healed":0,"gold_gain":50,"player_choice":"Stole From Cult","damage_taken":0,"max_hp_gain":0,"max_hp_loss":0,"event_name":"Nest","floor":29,"gold_loss":0},{"damage_healed":0,"gold_gain":0,"player_choice":"Ignored","damage_taken":0,"max_hp_gain":0,"max_hp_loss":0,"event_name":"Cursed Tome","floor":31,"gold_loss":0},{"damage_healed":0,"gold_gain":0,"player_choice":"Ignored","damage_taken":0,"max_hp_gain":0,"max_hp_loss":0,"event_name":"SecretPortal","floor":38,"gold_loss":0},{"damage_healed":0,"gold_gain":0,"player_choice":"Memory 1","damage_taken":0,"max_hp_gain":0,"max_hp_loss":0,"event_name":"SensoryStone","floor":47,"gold_loss":0}],"is_beta":false,"boss_relics":[{"not_picked":["HoveringKite","Ring of the Serpent"],"picked":"Runic Dome"},{"not_picked":["Tiny House","WristBlade"],"picked":"Fusion Hammer"}],"items_purged_floors":[30],"is_endless":false,"potions_floor_spawned":[3,13,14,21,24,33,37,39,48],"killed_by":"Shield and Spear","ascension_level":20}}