{"host":"hgkb2zpbo2dcws21","time":1608556980,"event":{"mods":["AchievementEnabler","BaseMod","Colored Map","Colored Powertips","Custom Start","DeckTracker","KOR Keyword Fix","Minty Spire (QoL Compilation)","Relic Stats","StSLib","SuperFastMode"],"gold_per_floor":[18,18,35,50,66,66,82,82,82,82,95,122,122,155,155,231,231,244,169,187,187,204,235,235,260,283,283,283,283],"floor_reached":28,"playtime":689,"items_purged":["Strike_G"],"score":515,"play_id":"7b01e3b1-231d-4352-aadf-e06a54b563d5","local_time":"20201221222300","is_ascension_mode":true,"campfire_choices":[{"data":"Prepared","floor":6.0,"key":"SMITH"},{"data":"Accuracy","floor":8.0,"key":"SMITH"},{"data":"Blade Dance","floor":13.0,"key":"SMITH"},{"data":"Tactician","floor":15.0,"key":"SMITH"},{"data":"Infinite Blades","floor":24,"key":"SMITH"},{"floor":27,"key":"REST"}],"circlet_count":0,"master_deck":["AscendersBane","Strike_G","Strike_G","Strike_G","Defend_G","Defend_G","Defend_G","Defend_G","Survivor","Neutralize","Storm of Steel","Leg Sweep","Blade Dance+1","Prepared+1","Accuracy+1","Reflex","Tactician+1","Infinite Blades+1","PiercingWail"],"relics":["Ring of the Snake","Singing Bowl","Pear","Bronze Scales","Meat on the Bone","SacredBark","Shuriken","Centennial Puzzle","Art of War"],"acts_visited":["Exordium","TheCity"],"potions_floor_usage":[16,23,25],"damage_taken":[{"damage":1.0,"enemies":"Small Slimes","floor":1.0,"turns":4.0},{"damage":0.0,"enemies":"Cultist","floor":3.0,"turns":5.0},{"damage":3.0,"enemies":"2 Louse","floor":4.0,"turns":3.0},{"damage":6.0,"enemies":"Blue Slaver","floor":5.0,"turns":4.0},{"damage":2.0,"enemies":"3 Louse","floor":7.0,"turns":3.0},{"damage":0.0,"enemies":"Exordium Thugs","floor":11.0,"turns":3.0},{"damage":10.0,"enemies":"Lagavulin","floor":14.0,"turns":6.0},{"damage":22,"enemies":"The Guardian","floor":16,"turns":16},{"damage":0,"enemies":"3 Byrds","floor":18,"turns":4},{"damage":20,"enemies":"2 Thieves","floor":20,"turns":4},{"damage":16,"enemies":"Snake Plant","floor":22,"turns":5},{"damage":10,"enemies":"Book of Stabbing","floor":23,"turns":5},{"damage":35,"enemies":"Slavers","floor":25,"turns":6},{"damage":54,"enemies":"Gremlin Leader","floor":28,"turns":5}],"seed_played":"5127882719684824956","potions_obtained":[{"floor":5.0,"key":"DistilledChaos"},{"floor":7.0,"key":"Block Potion"},{"floor":16,"key":"Fire Potion"},{"floor":25,"key":"Energy Potion"}],"is_trial":false,"path_per_floor":["M","?","M","M","M","R","M","R","T","?","M","T","R","E","R","B",null,"M","$","M","?","M","E","R","E","T","R","E"],"character_chosen":"THE_SILENT","items_purchased":[],"campfire_rested":1,"item_purchase_floors":[],"current_hp_per_floor":[58,58,58,55,49,49,49,49,59,59,61,61,61,51,51,43,72,74,74,54,48,46,48,48,27,27,53,0,0],"gold":283,"neow_bonus":"TRANSFORM_TWO_CARDS","is_daily":false,"chose_seed":false,"campfire_upgraded":5,"win_rate":0.0,"timestamp":1608556980,"path_taken":["M","?","?","M","M","R","M","R","T","?","M","?","R","E","R","BOSS","M","$","M","?","?","E","R","E","T","R","E"],"items_purchased_type":[],"build_version":"2020-12-13","purchased_purges":1,"victory":false,"max_hp_per_floor":[66,66,66,66,66,66,68,68,78,78,80,80,80,80,80,82,82,84,84,84,84,86,86,86,88,88,88,88,88],"relic_stats":{"Centennial Puzzle":[3],"Singing Bowl":12,"counters":[14,73],"Shuriken":[8],"Bronze Scales":[238],"Art of War":[0],"obtain_stats":[{"Centennial Puzzle":25,"Pear":9,"Singing Bowl":2,"Shuriken":23,"Bronze Scales":12,"SacredBark":17,"Art of War":26,"Ring of the Snake":0,"Meat on the Bone":14},{"Centennial Puzzle":13,"Pear":5,"Singing Bowl":1,"Shuriken":12,"Bronze Scales":6,"SacredBark":8,"Art of War":13,"Ring of the Snake":0,"Meat on the Bone":7},{"Centennial Puzzle":68,"Pear":19,"Singing Bowl":4,"Shuriken":62,"Bronze Scales":22,"SacredBark":44,"Art of War":68,"Ring of the Snake":0,"Meat on the Bone":28}],"Ring of the Snake":[28],"Meat on the Bone":48},"card_choices":[{"not_picked":["Flying Knee","Prepared"],"picked":"Blade Dance","floor":1.0},{"not_picked":["Concentrate","Poisoned Stab"],"picked":"Prepared","floor":3.0},{"not_picked":["Blur","Distraction"],"picked":"Accuracy","floor":4.0},{"not_picked":["Prepared","Expertise"],"picked":"Reflex","floor":5.0},{"not_picked":["Deflect","Bane","Setup"],"picked":"Singing Bowl","floor":7.0},{"not_picked":["Dagger Throw","Deadly Poison","Dagger Spray"],"picked":"Singing Bowl","floor":11.0},{"not_picked":["Acrobatics","Quick Slash"],"picked":"Tactician","floor":14.0},{"not_picked":["Corpse Explosion","Wraith Form v2","Malaise"],"picked":"Singing Bowl","floor":16},{"not_picked":["Heel Hook","Setup","Concentrate"],"picked":"Singing Bowl","floor":18},{"not_picked":["Skewer","Dagger Spray"],"picked":"Infinite Blades","floor":20},{"not_picked":["Sucker Punch","Slice","Prepared"],"picked":"Singing Bowl","floor":22},{"not_picked":["Dodge and Roll","Crippling Poison"],"picked":"PiercingWail","floor":23},{"not_picked":["Prepared","Caltrops","Masterful Stab"],"picked":"Singing Bowl","floor":25}],"player_experience":1094853,"relics_obtained":[{"floor":2.0,"key":"Singing Bowl"},{"floor":9.0,"key":"Pear"},{"floor":12.0,"key":"Bronze Scales"},{"floor":14.0,"key":"Meat on the Bone"},{"floor":23,"key":"Shuriken"},{"floor":25,"key":"Centennial Puzzle"},{"floor":26,"key":"Art of War"}],"event_choices":[{"damage_healed":0.0,"max_hp_gain":0.0,"max_hp_loss":0.0,"gold_gain":0.0,"event_name":"Wheel of Change","player_choice":"Relic","floor":2.0,"gold_loss":0.0,"damage_taken":0.0},{"damage_healed":0.0,"max_hp_gain":0.0,"max_hp_loss":0.0,"gold_gain":0.0,"event_name":"Liars Game","player_choice":"Ignored","floor":10.0,"gold_loss":0.0,"damage_taken":0.0},{"damage_healed":0,"gold_gain":0,"player_choice":"","damage_taken":6,"max_hp_gain":0,"max_hp_loss":0,"event_name":"Knowing Skull","floor":21,"potions_obtained":[],"gold_loss":0,"cards_obtained":[]}],"is_beta":false,"boss_relics":[{"not_picked":["Tiny House","Ectoplasm"],"picked":"SacredBark"}],"items_purged_floors":[19],"is_endless":false,"potions_floor_spawned":[5,7,14,16,18,25],"killed_by":"Gremlin Leader","ascension_level":18}}