{"host":"p7xnybcl7rtshmbr","time":1608575404,"event":{"mods":["AchievementEnabler","AlwaysNeverKeys","Aspiration","BaseMod","Hermit","Hubris","Minty Spire (QoL Compilation)","Replay The Spire","StSLib","The Hierophant","The Marked","The Poker Player","The Servant 0.9.4"],"gold_per_floor":[111,130,405,421,439,439,181,181,181,195,230,230,230,230,230,230],"floor_reached":16,"playtime":472,"items_purged":[],"score":100,"play_id":"4c02d784-ad69-4050-805d-226559e7c503","local_time":"20201221213004","is_ascension_mode":false,"campfire_choices":[{"data":"Regret","floor":6,"key":"PURGE"},{"floor":8,"key":"REST"},{"floor":15,"key":"REST"}],"circlet_count":0,"master_deck":["theMarked:Strike","theMarked:Strike","theMarked:Strike","theMarked:Strike","theMarked:Strike","theMarked:Defend","theMarked:Defend","theMarked:Defend","theMarked:Defend","theMarked:SoldierOfQuellstein","theMarked:Strike","theMarked:MaelstromOfLightning","theMarked:EmpowerWeapon","theMarked:MagicAdept","theMarked:UnarmedFury","theMarked:EmpowerWeapon","theMarked:CreepingChasm"],"relics":["theMarked:ArtifactOfAir","Peace Pipe","hubris:PeanutButter","aspiration:StickyExplosives_weak","hubris:Teleporter"],"acts_visited":["Exordium"],"potions_floor_usage":[16],"damage_taken":[{"damage":6,"enemies":"Jaw Worm","floor":1,"turns":3},{"damage":6,"enemies":"Cultist","floor":2,"turns":3},{"damage":7,"enemies":"Small Slimes","floor":4,"turns":3},{"damage":11,"enemies":"Red Slaver","floor":5,"turns":3},{"damage":0,"enemies":"2 Fungi Beasts","floor":10,"turns":3},{"damage":13,"enemies":"3 Sentries","floor":11,"turns":6},{"damage":63,"enemies":"The Guardian","floor":16,"turns":8}],"seed_played":"3837460064066419602","potions_obtained":[{"floor":2,"key":"FearPotion"},{"floor":10,"key":"Ancient Potion"}],"is_trial":false,"path_per_floor":["M","M","?","M","M","R","$","R","T","M","E","?","?","R","B"],"character_chosen":"THE_DEFAULT","items_purchased":["hubris:PeanutButter"],"campfire_rested":2,"item_purchase_floors":[7],"current_hp_per_floor":[64,58,58,51,40,40,40,61,61,61,48,41,41,62,0,0],"gold":230,"neow_bonus":"ONE_RARE_RELIC","is_daily":false,"chose_seed":false,"campfire_upgraded":0,"win_rate":0.0,"timestamp":1608575404,"path_taken":["M","M","?","M","?","R","$","R","T","M","E","?","?","R","BOSS"],"items_purchased_type":["Relic"],"build_version":"2020-12-13","purchased_purges":0,"victory":false,"max_hp_per_floor":[70,70,70,70,70,70,70,70,70,70,70,70,70,70,70,70],"card_choices":[{"not_picked":["theMarked:WastefulAttack","theMarked:Electrocute"],"picked":"theMarked:MaelstromOfLightning","floor":1},{"not_picked":["theMarked:ResourceFulStrike","theMarked:ElectricStrings"],"picked":"theMarked:EmpowerWeapon","floor":2},{"not_picked":["theMarked:WastefulAttack","theMarked:EnhanceMovement"],"picked":"theMarked:MagicAdept","floor":4},{"not_picked":["theMarked:Electrify","theMarked:BanishingStrike"],"picked":"theMarked:UnarmedFury","floor":5},{"not_picked":["theMarked:GodGivenPower","theMarked:WardOff"],"picked":"theMarked:EmpowerWeapon","floor":10},{"not_picked":["theMarked:WardOff","theMarked:SwordAndMagic"],"picked":"theMarked:CreepingChasm","floor":11}],"player_experience":318898,"relics_obtained":[{"floor":9,"key":"aspiration:StickyExplosives_weak"},{"floor":11,"key":"hubris:Teleporter"}],"event_choices":[{"damage_healed":0,"gold_gain":275,"player_choice":"Desecrate","damage_taken":0,"max_hp_gain":0,"max_hp_loss":0,"event_name":"Golden Shrine","floor":3,"gold_loss":0,"cards_obtained":["Regret"]},{"cards_removed":["hermit:Strike_Hermit"],"damage_healed":0,"gold_gain":0,"player_choice":"Card Removal","damage_taken":7,"max_hp_gain":0,"max_hp_loss":0,"event_name":"Golden Wing","floor":12,"gold_loss":0},{"damage_healed":0,"gold_gain":0,"player_choice":"0 cards matched","damage_taken":0,"max_hp_gain":0,"max_hp_loss":0,"event_name":"Match and Keep!","floor":14,"gold_loss":0,"cards_obtained":[]}],"is_beta":false,"boss_relics":[],"items_purged_floors":[],"is_endless":false,"potions_floor_spawned":[2,10],"killed_by":"The Guardian","ascension_level":0}}