{"host":"78zdngn0u28jm0pp","time":1608534514,"event":{"mods":["BaseMod","Jorbs\u0027s Wanderer Trilogy","Minty Spire (QoL Compilation)","Permanent Neow","Quick Restart","Relic Stats","StSLib","Unceasing Turn Reminder"],"gold_per_floor":[114,126,126,146,38,38,54,81,81,98,98,98,108,125,125,196,196,211,290,205,255,271,271,271],"floor_reached":23,"playtime":960,"items_purged":[],"score":386,"play_id":"61438313-3724-4ccb-82cb-0b660b020709","local_time":"20201221000834","is_ascension_mode":true,"campfire_choices":[{"data":"Noxious Fumes","floor":6,"key":"SMITH"},{"data":"Dagger Spray","floor":11,"key":"SMITH"},{"data":"Blade Dance","floor":15,"key":"SMITH"}],"circlet_count":0,"master_deck":["AscendersBane","Strike_G","Strike_G","Strike_G","Strike_G","Strike_G","Defend_G","Defend_G","Defend_G","Defend_G","Defend_G","Survivor","Neutralize+1","Blade Dance+1","Dagger Spray+1","Noxious Fumes+1","Backflip","Backstab","PiercingWail","Reflex","Footwork","Malaise","CurseOfTheBell","Dagger Throw","Normality","Slice"],"relics":["Cursed Key","Orichalcum","Bag of Preparation","Calling Bell","Juzu Bracelet","The Courier","Turnip","Pantograph","Meat on the Bone"],"acts_visited":["Exordium","TheCity"],"potions_floor_usage":[7,16,23],"damage_taken":[{"damage":0,"enemies":"2 Louse","floor":1,"turns":3},{"damage":1,"enemies":"Cultist","floor":2,"turns":4},{"damage":7,"enemies":"Jaw Worm","floor":4,"turns":3},{"damage":7,"enemies":"Large Slime","floor":7,"turns":4},{"damage":10,"enemies":"3 Sentries","floor":8,"turns":6},{"damage":0,"enemies":"Lots of Slimes","floor":10,"turns":3},{"damage":0,"enemies":"3 Louse","floor":13,"turns":2},{"damage":0,"enemies":"2 Fungi Beasts","floor":14,"turns":2},{"damage":12,"enemies":"Hexaghost","floor":16,"turns":9},{"damage":0,"enemies":"3 Byrds","floor":18,"turns":6},{"damage":10,"enemies":"Shell Parasite","floor":22,"turns":6},{"damage":37,"enemies":"Slavers","floor":23,"turns":5}],"seed_played":"8965982617722952612","potions_obtained":[{"floor":8,"key":"PowerPotion"},{"floor":10,"key":"LiquidBronze"}],"is_trial":false,"path_per_floor":["M","M","?","M","$","R","M","E","T","M","R","?","M","M","R","B",null,"M","T","?","?","M","E"],"character_chosen":"THE_SILENT","items_purchased":["Backflip","Fire Potion"],"campfire_rested":0,"item_purchase_floors":[5,5],"current_hp_per_floor":[59,58,58,51,51,51,44,34,34,34,34,34,34,34,34,22,53,53,53,53,47,37,0,0],"gold":271,"neow_bonus":"BOSS_RELIC","is_daily":false,"chose_seed":false,"campfire_upgraded":3,"win_rate":0.0,"timestamp":1608534514,"path_taken":["M","M","?","?","?","R","M","E","T","M","R","?","M","M","R","BOSS","M","?","?","?","M","E"],"items_purchased_type":["Card","Potion"],"build_version":"2020-12-13","purchased_purges":0,"victory":false,"max_hp_per_floor":[66,66,66,66,66,66,66,66,66,66,66,63,63,63,63,63,63,63,63,63,63,63,63,63],"relic_stats":{"counters":[12,53],"Pantograph":0,"Turnip":[2],"Bag of Preparation":[14],"Juzu Bracelet":0,"Orichalcum":[30],"Cursed Key":2,"obtain_stats":[{"Calling Bell":17,"Pantograph":19,"The Courier":17,"Turnip":17,"Bag of Preparation":9,"Juzu Bracelet":17,"Orichalcum":8,"Cursed Key":0,"Ring of the Snake":0,"Meat on the Bone":20},{"Calling Bell":9,"Pantograph":10,"The Courier":9,"Turnip":9,"Bag of Preparation":5,"Juzu Bracelet":9,"Orichalcum":5,"Cursed Key":0,"Ring of the Snake":0,"Meat on the Bone":10},{"Calling Bell":36,"Pantograph":42,"The Courier":36,"Turnip":36,"Bag of Preparation":20,"Juzu Bracelet":36,"Orichalcum":20,"Cursed Key":0,"Ring of the Snake":0,"Meat on the Bone":42}],"Meat on the Bone":0},"card_choices":[{"not_picked":["Prepared","Bouncing Flask"],"picked":"Blade Dance","floor":1},{"not_picked":["Slice","Deflect"],"picked":"Dagger Spray","floor":2},{"not_picked":["Slice","Predator"],"picked":"Noxious Fumes","floor":4},{"not_picked":["Dodge and Roll","Reflex","Masterful Stab"],"picked":"SKIP","floor":7},{"not_picked":["Slice","A Thousand Cuts"],"picked":"Backstab","floor":8},{"not_picked":["Masterful Stab","Deadly Poison"],"picked":"PiercingWail","floor":10},{"not_picked":["Dodge and Roll","Distraction"],"picked":"Reflex","floor":13},{"not_picked":["Infinite Blades","Quick Slash"],"picked":"Footwork","floor":14},{"not_picked":["Venomology","Glass Knife"],"picked":"Malaise","floor":16},{"not_picked":["Infinite Blades","Outmaneuver"],"picked":"Dagger Throw","floor":18},{"not_picked":["Blade Dance","Poisoned Stab"],"picked":"Slice","floor":22}],"player_experience":660567,"relics_obtained":[{"floor":8,"key":"Orichalcum"},{"floor":9,"key":"Bag of Preparation"},{"floor":17,"key":"Juzu Bracelet"},{"floor":17,"key":"The Courier"},{"floor":17,"key":"Turnip"},{"floor":19,"key":"Pantograph"}],"event_choices":[{"damage_healed":0,"gold_gain":0,"player_choice":"Upgraded","damage_taken":0,"max_hp_gain":0,"max_hp_loss":0,"event_name":"Upgrade Shrine","floor":3,"gold_loss":0,"cards_upgraded":["Neutralize"]},{"cards_removed":["Parasite"],"damage_healed":0,"gold_gain":0,"player_choice":"Removed Curses","damage_taken":0,"max_hp_gain":0,"max_hp_loss":0,"event_name":"Fountain of Cleansing","floor":12,"gold_loss":0},{"damage_healed":0,"gold_gain":0,"player_choice":"Obtained Relic","damage_taken":0,"relics_obtained":["Meat on the Bone"],"max_hp_gain":0,"max_hp_loss":0,"event_name":"Addict","floor":20,"gold_loss":85},{"damage_healed":0,"gold_gain":50,"player_choice":"Touch","damage_taken":6,"max_hp_gain":0,"max_hp_loss":0,"event_name":"FaceTrader","floor":21,"gold_loss":0}],"is_beta":false,"boss_relics":[{"not_picked":["Tiny House","HoveringKite"],"picked":"Calling Bell"}],"items_purged_floors":[],"is_endless":false,"potions_floor_spawned":[8,10,14],"killed_by":"Slavers","ascension_level":20}}