{"host":"anox4050deqdcqoh","time":1608579543,"event":{"mods":["BaseMod","Colored Map","Minty Spire (QoL Compilation)"],"gold_per_floor":[109,129,149,166,181,207,207,232,281,297,314,314,339,355,355,454,454,474,489,509,528,541,541,569,581,593,196,214,214,225,235,235,336,336,351,351,31,48,63,63,80,80,159,173,173,223,48,63,63,63,63],"floor_reached":50,"playtime":3157,"items_purged":["Clash"],"score":544,"play_id":"15c3dfaa-05ab-4d04-87bb-2cb0bdcd9f89","local_time":"20201221143903","is_ascension_mode":true,"campfire_choices":[{"floor":12.0,"key":"RECALL"},{"floor":15.0,"key":"REST"},{"floor":23,"key":"REST"},{"data":"Barricade","floor":29,"key":"SMITH"},{"data":"Infernal Blade","floor":32,"key":"SMITH"},{"floor":40,"key":"REST"},{"floor":42,"key":"REST"},{"floor":49,"key":"REST"}],"circlet_count":0,"master_deck":["Strike_R","Strike_R","Strike_R","Strike_R","Strike_R","Defend_R+1","Defend_R","Defend_R","Defend_R+1","Bash","Perfected Strike","Pommel Strike","Rage","Infernal Blade+1","Flex","Intimidate","Power Through","Barricade+1","Wild Strike","Hemokinesis","Metallicize+1","Clothesline","Dropkick","Fire Breathing","Rupture","Metallicize+1","Metallicize","Feel No Pain","Rupture","Impervious","Feed","Iron Wave+1","Fire Breathing","Parasite","Heavy Blade+1","Wild Strike+1","True Grit+1","Flex+1","Inflame"],"relics":["Burning Blood","War Paint","Self Forming Clay","Oddly Smooth Stone","The Courier","Sozu","MawBank","Orichalcum","Mark of Pain","Chemical X","Shuriken","Molten Egg 2","Toxic Egg 2","Girya","Vajra"],"acts_visited":["Exordium","TheCity","TheBeyond"],"potions_floor_usage":[24,24,33],"damage_taken":[{"damage":0.0,"enemies":"Small Slimes","floor":1.0,"turns":3.0},{"damage":0.0,"enemies":"Cultist","floor":2.0,"turns":3.0},{"damage":0.0,"enemies":"2 Louse","floor":3.0,"turns":2.0},{"damage":3.0,"enemies":"Red Slaver","floor":4.0,"turns":4.0},{"damage":12.0,"enemies":"Blue Slaver","floor":5.0,"turns":5.0},{"damage":46.0,"enemies":"3 Sentries","floor":6.0,"turns":12.0},{"damage":33.0,"enemies":"Lagavulin","floor":8.0,"turns":7.0},{"damage":0.0,"enemies":"Exordium Thugs","floor":10.0,"turns":3.0},{"damage":8.0,"enemies":"Large Slime","floor":11.0,"turns":5.0},{"damage":9.0,"enemies":"3 Sentries","floor":13.0,"turns":7.0},{"damage":5.0,"enemies":"Blue Slaver","floor":14.0,"turns":2.0},{"damage":35.0,"enemies":"Hexaghost","floor":16.0,"turns":12.0},{"damage":8,"enemies":"Chosen","floor":18,"turns":6},{"damage":6,"enemies":"Shell Parasite","floor":19,"turns":8},{"damage":16,"enemies":"Snecko","floor":20,"turns":6},{"damage":5,"enemies":"Centurion and Healer","floor":21,"turns":10},{"damage":22,"enemies":"Snake Plant","floor":22,"turns":5},{"damage":10,"enemies":"Book of Stabbing","floor":24,"turns":6},{"damage":14,"enemies":"3 Cultists","floor":28,"turns":8},{"damage":7,"enemies":"Shelled Parasite and Fungi","floor":30,"turns":9},{"damage":6,"enemies":"Snecko","floor":31,"turns":7},{"damage":64,"enemies":"Automaton","floor":33,"turns":12},{"damage":18,"enemies":"Orb Walker","floor":35,"turns":6},{"damage":25,"enemies":"3 Darklings","floor":38,"turns":8},{"damage":44,"enemies":"Writhing Mass","floor":39,"turns":11},{"damage":6,"enemies":"Spire Growth","floor":41,"turns":7},{"damage":27,"enemies":"Jaw Worm Horde","floor":44,"turns":9},{"damage":0,"enemies":"Mind Bloom Boss Battle","floor":46,"turns":11},{"damage":22,"enemies":"Maw","floor":48,"turns":9},{"damage":70,"enemies":"Donu and Deca","floor":50,"turns":8}],"seed_played":"2696944554100671062","potions_obtained":[{"floor":1.0,"key":"LiquidBronze"},{"floor":4.0,"key":"CultistPotion"},{"floor":8.0,"key":"DistilledChaos"},{"floor":13.0,"key":"BlessingOfTheForge"},{"floor":16.0,"key":"Dexterity Potion"}],"is_trial":false,"path_per_floor":["M","M","M","M","M","E","?","E","T","M","M","R","E","M","R","B",null,"M","M","M","M","M","R","E","?","T","$","M","R","M","M","R","B",null,"M","?","$","M","M","R","M","R","T","M","T","?","$","M","R","B"],"character_chosen":"IRONCLAD","items_purchased":["Fire Breathing","Rupture","Metallicize","Metallicize","Orichalcum","Chemical X","Shuriken","Vajra","Inflame"],"campfire_rested":5,"item_purchase_floors":[27,27,27,27,27,37,37,47,47],"current_hp_per_floor":[88,88,88,88,82,42,88,61,61,67,65,65,62,63,88,59,88,86,86,76,77,61,87,83,83,83,83,75,75,74,74,74,16,88,76,76,76,57,19,45,45,71,71,50,50,56,56,40,66,0,0],"gold":63,"neow_bonus":"TEN_PERCENT_HP_BONUS","is_daily":false,"chose_seed":false,"campfire_upgraded":2,"win_rate":0.0,"timestamp":1608579543,"path_taken":["M","M","M","M","M","E","?","E","T","?","M","R","E","M","R","BOSS","M","M","M","M","M","R","E","?","T","$","M","R","?","M","R","BOSS","M","?","$","M","M","R","?","R","T","M","?","?","?","M","R","BOSS"],"items_purchased_type":["Card","Card","Card","Card","Relic","Relic","Relic","Relic","Card"],"build_version":"2020-12-13","purchased_purges":1,"victory":false,"max_hp_per_floor":[88,88,88,88,88,88,88,88,88,88,88,88,88,88,88,88,88,88,88,88,88,88,88,88,88,88,88,88,88,88,88,88,88,88,88,88,88,88,88,88,88,88,88,88,88,88,88,88,88,88,88],"card_choices":[{"not_picked":["Sever Soul","Anger"],"picked":"Clash","floor":1.0},{"not_picked":["Shrug It Off","Headbutt"],"picked":"Disarm","floor":2.0},{"not_picked":["Twin Strike","Anger"],"picked":"Perfected Strike","floor":3.0},{"not_picked":["Warcry","Thunderclap","Wild Strike"],"picked":"SKIP","floor":4.0},{"not_picked":["Juggernaut","Sword Boomerang"],"picked":"Pommel Strike","floor":5.0},{"not_picked":["Cleave","Wild Strike"],"picked":"Rage","floor":6.0},{"not_picked":["Twin Strike","Dropkick"],"picked":"Infernal Blade","floor":8.0},{"not_picked":["Immolate","Warcry"],"picked":"Flex","floor":10.0},{"not_picked":["Rupture","Thunderclap","Warcry"],"picked":"SKIP","floor":11.0},{"not_picked":["Infernal Blade","Flex"],"picked":"Intimidate","floor":13.0},{"not_picked":["Armaments","Shrug It Off"],"picked":"Power Through","floor":14.0},{"not_picked":["Feed","Immolate"],"picked":"Barricade","floor":16.0},{"not_picked":["Combust","Perfected Strike+1"],"picked":"Wild Strike","floor":18},{"not_picked":["Perfected Strike","Dark Embrace","Armaments"],"picked":"SKIP","floor":19},{"not_picked":["Intimidate","Headbutt+1"],"picked":"Hemokinesis","floor":20},{"not_picked":["Heavy Blade","Iron Wave"],"picked":"Metallicize+1","floor":21},{"not_picked":["Corruption","Perfected Strike+1"],"picked":"Clothesline","floor":22},{"not_picked":["Whirlwind","Sword Boomerang+1"],"picked":"Dropkick","floor":24},{"not_picked":["Headbutt+1","Flex"],"picked":"Feel No Pain","floor":28},{"not_picked":["Flex","Perfected Strike"],"picked":"Rupture","floor":30},{"not_picked":["Hemokinesis","Iron Wave+1"],"picked":"Impervious","floor":31},{"not_picked":["Barricade","Fiend Fire"],"picked":"Feed","floor":33},{"not_picked":["Ghostly Armor","Seeing Red+1"],"picked":"Iron Wave+1","floor":35},{"not_picked":["Metallicize","Power Through"],"picked":"Fire Breathing","floor":38},{"not_picked":["Clash","Hemokinesis"],"picked":"Heavy Blade+1","floor":39},{"not_picked":["Pommel Strike","Clash+1"],"picked":"Wild Strike+1","floor":41},{"not_picked":["Flex+1","Sentinel"],"picked":"True Grit+1","floor":44},{"not_picked":["Exhume+1","Havoc+1"],"picked":"Flex+1","floor":46},{"not_picked":["Wild Strike+1","Evolve+1","Reaper+1"],"picked":"SKIP","floor":48}],"player_experience":147152,"relics_obtained":[{"floor":6.0,"key":"War Paint"},{"floor":8.0,"key":"Self Forming Clay"},{"floor":9.0,"key":"Oddly Smooth Stone"},{"floor":13.0,"key":"The Courier"},{"floor":24,"key":"MawBank"},{"floor":43,"key":"Molten Egg 2"},{"floor":45,"key":"Toxic Egg 2"},{"floor":46,"key":"Girya"}],"event_choices":[{"cards_removed":["Disarm"],"damage_healed":46.0,"max_hp_gain":0.0,"max_hp_loss":0.0,"gold_gain":0.0,"event_name":"Bonfire Elementals","player_choice":"Offered Uncommon","floor":7.0,"gold_loss":0.0,"damage_taken":0.0},{"damage_healed":0,"gold_gain":0,"player_choice":"Got Potions","damage_taken":0,"max_hp_gain":0,"max_hp_loss":0,"event_name":"Lab","floor":25,"gold_loss":0},{"damage_healed":0,"gold_gain":0,"player_choice":"Upgraded","damage_taken":0,"max_hp_gain":0,"max_hp_loss":0,"event_name":"Upgrade Shrine","floor":36,"gold_loss":0,"cards_upgraded":["Metallicize"]},{"damage_healed":0,"gold_gain":0,"player_choice":"Fight","damage_taken":0,"max_hp_gain":0,"max_hp_loss":0,"event_name":"MindBloom","floor":46,"gold_loss":0}],"is_beta":false,"boss_relics":[{"not_picked":["Tiny House","Cursed Key"],"picked":"Sozu"},{"not_picked":["Fusion Hammer","Runic Cube"],"picked":"Mark of Pain"}],"items_purged_floors":[27],"is_endless":false,"potions_floor_spawned":[1,4,8,13,16,18,22,28,30,31,33,41,44,46,48],"killed_by":"Donu and Deca","ascension_level":1}}