{"host":"99ad87xtd5ypi7ii","time":1608531662,"event":{"mods":["BaseMod","Hermit","Highlight Path","Marisa????????","Minty Spire (QoL Compilation)","Robot Space Explorer","StSLib","The Bladedancer","The Construct","The Cursed","The Disciple","The Gatherer","The Hierophant","The Runesmith","The Servant 0.9.4","TheVacant"],"gold_per_floor":[114,64,83,97,76,76,103,103,129,129,164,13,47,57,57,154,154,172,271,271,31,51,76,76,95,95,124,144,157,185,205,205,305,305,318,318,329,344,354,354,387,399,411,423,461,491,503,528,540,552,564,576,51,84,84],"floor_reached":56,"playtime":6121,"items_purged":["TheCursedMod:Strike_TheCursed","TheCursedMod:Strike_TheCursed","Pain"],"score":1416,"play_id":"25498813-80ea-4ab8-988c-4ef227607b9a","local_time":"20201221072102","is_ascension_mode":true,"campfire_choices":[{"data":"TheCursedMod:SpitefulPlan","floor":6,"key":"SMITH"},{"floor":8,"key":"REST"},{"data":"TheCursedMod:HellfireBreathing","floor":15,"key":"SMITH"},{"data":"TheCursedMod:SpitefulPray","floor":24,"key":"SMITH"},{"data":"TheCursedMod:FleshFromBone","floor":32,"key":"SMITH"},{"data":"TheCursedMod:ManaBullet","floor":40,"key":"SMITH"},{"data":"TheCursedMod:ManaBullet","floor":42,"key":"SMITH"},{"data":"TheCursedMod:ForbiddenAlchemy","floor":47,"key":"SMITH"},{"floor":49,"key":"RECALL"},{"data":"TheCursedMod:VoidForm","floor":52,"key":"SMITH"}],"circlet_count":0,"master_deck":["TheCursedMod:Defend_TheCursed","TheCursedMod:Defend_TheCursed","TheCursedMod:Defend_TheCursed","TheCursedMod:Defend_TheCursed","TheCursedMod:CursedWand","TheCursedMod:CleanUpWorkshop","TheCursedMod:Dregs","TheCursedMod:VoidForm+1","TheCursedMod:LuckyCharm","TheCursedMod:SmokeScreen","TheCursedMod:SpitefulPlan+1","TheCursedMod:SoulReap","TheCursedMod:CursedAmulet","TheCursedMod:HellfireBreathing+1","TheCursedMod:CursedMace","TheCursedMod:FleshFromBone+1","TheCursedMod:CollectTribute+1","TheCursedMod:FleshFromBone","TheCursedMod:ManaBullet+1","TheCursedMod:SpitefulPray+1","TheCursedMod:SurpriseAttack+1","TheCursedMod:Evocation+1","TheCursedMod:ManaBullet+1","TheCursedMod:SpitefulPray","TheCursedMod:ForbiddenAlchemy+1","TheCursedMod:AntiAging","TheCursedMod:AbyssShockwave","TheCursedMod:HellfireBreathing+1","TheCursedMod:RapidMovement","TheCursedMod:DemonicPact+1","TheCursedMod:CursedShiv+1"],"relics":["TheCursedMod:BlackMagicAdvanced","Boot","Blood Vial","Shuriken","Frozen Egg 2","Dream Catcher","Thread and Needle","Ornamental Fan","Ancient Tea Set","TheCursedMod:FourLeafCloverCharm","WarpedTongs","MawBank","Bottled Lightning","Medical Kit","Pen Nib","Letter Opener"],"acts_visited":["Exordium","TheCity","TheBeyond","TheEnding"],"potions_floor_usage":[4,11,18,23,28,31,31,33,33,33,33,33,33,33,35,35,35,37,37,38,38,38,38,39,39,39,41,41,41,45,45,45,48,48,48,48,50,50,50,50,50,50,54,54,54,54,55,55,55,55,55,55],"damage_taken":[{"damage":9,"enemies":"Small Slimes","floor":1,"turns":4},{"damage":11,"enemies":"2 Louse","floor":3,"turns":4},{"damage":3,"enemies":"Cultist","floor":4,"turns":6},{"damage":40,"enemies":"Gremlin Nob","floor":7,"turns":6},{"damage":5,"enemies":"3 Sentries","floor":11,"turns":9},{"damage":7,"enemies":"Lagavulin","floor":13,"turns":7},{"damage":5,"enemies":"Large Slime","floor":14,"turns":4},{"damage":32,"enemies":"Slime Boss","floor":16,"turns":9},{"damage":8,"enemies":"3 Byrds","floor":18,"turns":4},{"damage":4,"enemies":"Chosen","floor":22,"turns":5},{"damage":0,"enemies":"Gremlin Leader","floor":23,"turns":7},{"damage":15,"enemies":"Snecko","floor":25,"turns":5},{"damage":4,"enemies":"Book of Stabbing","floor":27,"turns":6},{"damage":23,"enemies":"Snake Plant","floor":28,"turns":6},{"damage":7,"enemies":"3 Cultists","floor":29,"turns":5},{"damage":19,"enemies":"Slavers","floor":30,"turns":7},{"damage":8,"enemies":"Sentry and Sphere","floor":31,"turns":6},{"damage":8,"enemies":"Automaton","floor":33,"turns":8},{"damage":1,"enemies":"3 Darklings","floor":35,"turns":7},{"damage":3,"enemies":"Orb Walker","floor":37,"turns":6},{"damage":3,"enemies":"Jaw Worm Horde","floor":38,"turns":4},{"damage":8,"enemies":"Maw","floor":39,"turns":6},{"damage":7,"enemies":"Reptomancer","floor":41,"turns":5},{"damage":12,"enemies":"Giant Head","floor":45,"turns":10},{"damage":29,"enemies":"3 Darklings","floor":46,"turns":5},{"damage":2,"enemies":"4 Shapes","floor":48,"turns":7},{"damage":24,"enemies":"Time Eater","floor":50,"turns":10},{"damage":50,"enemies":"Shield and Spear","floor":54,"turns":7},{"damage":24,"enemies":"The Heart","floor":55,"turns":7}],"seed_played":"-2383816144032896907","potions_obtained":[{"floor":1,"key":"DuplicationPotion"},{"floor":4,"key":"SteroidPotion"},{"floor":11,"key":"Dexterity Potion"},{"floor":13,"key":"LiquidBronze"},{"floor":16,"key":"DuplicationPotion"},{"floor":18,"key":"GamblersBrew"},{"floor":27,"key":"Weak Potion"},{"floor":28,"key":"Dexterity Potion"},{"floor":33,"key":"AttackPotion"},{"floor":45,"key":"SteroidPotion"},{"floor":46,"key":"BlessingOfTheForge"},{"floor":48,"key":"SkillPotion"},{"floor":54,"key":"LiquidMemories"}],"is_trial":false,"path_per_floor":["M","?","M","M","?","R","E","R","T","?","E","$","E","M","R","B",null,"M","?","?","$","M","E","R","M","T","E","M","M","E","M","R","B",null,"M","?","M","M","M","R","E","R","T","?","E","M","R","M","R","B",null,"R","$","E","B",null],"character_chosen":"THE_CURSED","items_purchased":["TheCursedMod:HellfireBreathing","TheCursedMod:ManaBullet","TheCursedMod:SpitefulPray","Medical Kit","Pen Nib","FearPotion","SteroidPotion"],"campfire_rested":1,"item_purchase_floors":[12,21,21,53,53,53,53],"current_hp_per_floor":[66,66,55,52,52,52,12,34,34,59,74,74,75,75,75,62,75,68,68,68,68,75,75,75,60,60,65,57,52,44,51,51,58,75,77,77,78,76,80,80,83,83,83,83,76,57,57,59,59,54,92,92,92,55,49],"gold":84,"neow_bonus":"ONE_RANDOM_RARE_CARD","is_daily":false,"chose_seed":false,"campfire_upgraded":8,"win_rate":0.0,"timestamp":1608531662,"path_taken":["M","?","M","M","?","R","E","R","T","?","E","$","E","M","R","BOSS","M","?","?","$","?","E","R","M","T","E","M","M","E","M","R","BOSS","M","?","?","M","M","R","E","R","T","?","E","M","R","M","R","BOSS","R","$","E","BOSS"],"items_purchased_type":["Card","Card","Card","Relic","Relic","Potion","Potion"],"build_version":"2020-12-13","purchased_purges":3,"victory":true,"max_hp_per_floor":[75,75,75,75,75,75,75,75,75,75,75,75,75,75,75,75,75,75,75,75,75,75,75,75,75,75,75,75,75,75,75,75,75,75,77,77,79,79,81,81,83,83,83,83,85,88,88,90,90,92,92,92,92,94,94],"card_choices":[{"not_picked":["TheCursedMod:WearCloak","TheCursedMod:CircleOfCorruption"],"picked":"TheCursedMod:LuckyCharm","floor":1},{"not_picked":["TheCursedMod:SpreadPlague","TheCursedMod:CursedAmulet"],"picked":"TheCursedMod:SmokeScreen","floor":3},{"not_picked":["TheCursedMod:HellsGateOpen","TheCursedMod:Stigma"],"picked":"TheCursedMod:SpitefulPlan","floor":4},{"not_picked":["TheCursedMod:UltimatePain","TheCursedMod:SpitefulStrike"],"picked":"TheCursedMod:SoulReap","floor":7},{"not_picked":["TheCursedMod:CircleOfCorruption","TheCursedMod:VitalStrike"],"picked":"TheCursedMod:CursedAmulet","floor":11},{"not_picked":["TheCursedMod:WearCloak","TheCursedMod:StingEye"],"picked":"TheCursedMod:CursedMace","floor":13},{"not_picked":["TheCursedMod:SpitefulStrike","TheCursedMod:CircleOfCorruption"],"picked":"TheCursedMod:FleshFromBone","floor":14},{"not_picked":["TheCursedMod:VoidForm+1","TheCursedMod:ShockAndAwe"],"picked":"TheCursedMod:CollectTribute+1","floor":16},{"not_picked":["TheCursedMod:CircleOfFlame","TheCursedMod:SpitefulPlan+1"],"picked":"TheCursedMod:FleshFromBone","floor":18},{"not_picked":["TheCursedMod:CircleOfBlood+1","TheCursedMod:SpitefulStrike+1"],"picked":"TheCursedMod:SurpriseAttack+1","floor":22},{"not_picked":["TheCursedMod:ReleasedKnowledge","TheCursedMod:Torture"],"picked":"TheCursedMod:Evocation+1","floor":23},{"not_picked":["TheCursedMod:CircleOfCorruption","TheCursedMod:RapidMovement","TheCursedMod:SpitefulStrike"],"picked":"SKIP","floor":25},{"not_picked":["TheCursedMod:Torture+1","TheCursedMod:RavingStaff","TheCursedMod:AshesToAshes"],"picked":"SKIP","floor":27},{"not_picked":["TheCursedMod:FleshFromBone+1","TheCursedMod:TacticalStrike"],"picked":"TheCursedMod:ManaBullet","floor":28},{"not_picked":["TheCursedMod:Mangle+1","TheCursedMod:CircleOfFlame"],"picked":"TheCursedMod:SpitefulPray","floor":29},{"not_picked":["TheCursedMod:FleshFromBone","TheCursedMod:TacticalStrike+1"],"picked":"TheCursedMod:ForbiddenAlchemy","floor":30},{"not_picked":["TheCursedMod:Hemoplague+1","TheCursedMod:PrepareRite","TheCursedMod:SpitefulPray+1"],"picked":"SKIP","floor":31},{"not_picked":["TheCursedMod:CircleOfAbyss","TheCursedMod:CursedRelics"],"picked":"TheCursedMod:AntiAging","floor":33},{"not_picked":["TheCursedMod:RavingStaff","TheCursedMod:Wield","TheCursedMod:Stretching+1"],"picked":"SKIP","floor":35},{"not_picked":["TheCursedMod:FleshFromBone","TheCursedMod:CircleOfCorruption+1","TheCursedMod:Torture"],"picked":"SKIP","floor":37},{"not_picked":["TheCursedMod:CircleOfAmplification+1","TheCursedMod:Wield"],"picked":"TheCursedMod:AbyssShockwave","floor":38},{"not_picked":["TheCursedMod:ManaBullet+1","TheCursedMod:CircleOfWindfury","TheCursedMod:CursedStaff"],"picked":"SKIP","floor":39},{"not_picked":["TheCursedMod:FleshFromBone","TheCursedMod:PrepareRite","TheCursedMod:SpitefulPray"],"picked":"SKIP","floor":41},{"not_picked":["TheCursedMod:FuryStrike+1","TheCursedMod:HellsGateOpen+1"],"picked":"TheCursedMod:RapidMovement","floor":45},{"not_picked":["TheCursedMod:SpreadPlague+1","TheCursedMod:CircleOfCorruption","TheCursedMod:RapidMovement+1"],"picked":"SKIP","floor":46},{"not_picked":["TheCursedMod:SpitefulPray","TheCursedMod:CursedBlade+1"],"picked":"TheCursedMod:DemonicPact+1","floor":48},{"not_picked":["TheCursedMod:TacticalStrike+1","TheCursedMod:SpitefulPlan+1"],"picked":"TheCursedMod:CursedShiv+1","floor":54}],"player_experience":798925,"relics_obtained":[{"floor":7,"key":"Boot"},{"floor":9,"key":"Blood Vial"},{"floor":11,"key":"Shuriken"},{"floor":13,"key":"Frozen Egg 2"},{"floor":23,"key":"Dream Catcher"},{"floor":26,"key":"Thread and Needle"},{"floor":27,"key":"Ornamental Fan"},{"floor":30,"key":"Ancient Tea Set"},{"floor":41,"key":"MawBank"},{"floor":45,"key":"Bottled Lightning"},{"floor":54,"key":"Letter Opener"}],"event_choices":[{"cards_removed":["TheCursedMod:Strike_TheCursed"],"damage_healed":0,"gold_gain":0,"player_choice":"Card Removal","damage_taken":0,"max_hp_gain":0,"max_hp_loss":0,"event_name":"The Cleric","floor":2,"gold_loss":50},{"damage_healed":0,"gold_gain":0,"player_choice":"Left Gold","damage_taken":0,"max_hp_gain":0,"max_hp_loss":0,"event_name":"World of Goop","floor":5,"gold_loss":21},{"damage_healed":25,"gold_gain":0,"player_choice":"Banana","damage_taken":0,"max_hp_gain":0,"max_hp_loss":0,"event_name":"Big Fish","floor":10,"gold_loss":0},{"damage_healed":0,"gold_gain":99,"player_choice":"Stole From Cult","damage_taken":0,"max_hp_gain":0,"max_hp_loss":0,"event_name":"Nest","floor":19,"gold_loss":0},{"cards_removed":["TheCursedMod:Strike_TheCursed"],"damage_healed":0,"gold_gain":0,"player_choice":"Offered Basic","damage_taken":0,"max_hp_gain":0,"max_hp_loss":0,"event_name":"Bonfire Elementals","floor":20,"gold_loss":0},{"damage_healed":0,"gold_gain":0,"player_choice":"Rummage","damage_taken":0,"relics_obtained":["WarpedTongs"],"max_hp_gain":0,"max_hp_loss":0,"event_name":"Accursed Blacksmith","floor":36,"gold_loss":0,"cards_obtained":["Pain"]},{"damage_healed":0,"gold_gain":0,"player_choice":"Copied","damage_taken":0,"max_hp_gain":0,"max_hp_loss":0,"event_name":"Duplicator","floor":44,"gold_loss":0,"cards_obtained":["TheCursedMod:HellfireBreathing"]}],"is_beta":false,"boss_relics":[{"not_picked":["Empty Cage","Astrolabe"],"picked":"TheCursedMod:BlackMagicAdvanced"},{"not_picked":["TheCursedMod:OminousMark","Busted Crown"],"picked":"TheCursedMod:FourLeafCloverCharm"}],"items_purged_floors":[12,21,53],"is_endless":false,"potions_floor_spawned":[1,4,11,13,16,18,27,28,33,37,45,46,48,54],"ascension_level":2}}