{"host":"5jn3rki867005t18","time":1608553310,"event":{"mods":["2.2 Compatiblity","AchievementEnabler","BaseMod","Colored Map","DeckTracker","Minty Spire (QoL Compilation)","Permanent Neow","Rare Cards Sparkle","StSLib","SuperFastMode"],"gold_per_floor":[115,131,141,52,70,70,100,18,18,30,50,50,50,70,70,174,224,235,250,250,250,250],"floor_reached":21,"playtime":733,"items_purged":[],"score":183,"play_id":"a543e11a-def4-4a57-8455-cef624e5a079","local_time":"20201221212150","is_ascension_mode":false,"campfire_choices":[{"data":"Bludgeon","floor":6,"key":"SMITH"},{"data":"Carnage","floor":12,"key":"SMITH"},{"floor":15,"key":"REST"}],"circlet_count":0,"master_deck":["Strike_R+1","Strike_R","Strike_R","Defend_R","Defend_R","Defend_R","Defend_R","Bash","Bludgeon+1","Flex","Shrug It Off","Pommel Strike","Finesse","Reaper","Carnage+1","Twin Strike","Clash","Dual Wield","Exhume","Evolve","Cleave","Double Tap","Sentinel","Brutality","Headbutt","Rage","Clash"],"relics":["Burning Blood","Prayer Wheel","Darkstone Periapt","WingedGreaves","Tiny House"],"acts_visited":["Exordium","TheCity"],"potions_floor_usage":[16,17],"damage_taken":[{"damage":6,"enemies":"Cultist","floor":1,"turns":3},{"damage":11,"enemies":"Jaw Worm","floor":2,"turns":2},{"damage":0,"enemies":"2 Louse","floor":3,"turns":3},{"damage":7,"enemies":"Blue Slaver","floor":5,"turns":3},{"damage":37,"enemies":"3 Sentries","floor":7,"turns":9},{"damage":8,"enemies":"2 Fungi Beasts","floor":10,"turns":3},{"damage":8,"enemies":"Red Slaver","floor":11,"turns":2},{"damage":8,"enemies":"Large Slime","floor":14,"turns":5},{"damage":70,"enemies":"The Guardian","floor":16,"turns":11},{"damage":39,"enemies":"Shell Parasite","floor":18,"turns":4},{"damage":38,"enemies":"3 Byrds","floor":19,"turns":5},{"damage":9,"enemies":"Sentry and Sphere","floor":21,"turns":2}],"seed_played":"-7831538957689877348","potions_obtained":[{"floor":1,"key":"FearPotion"},{"floor":7,"key":"EntropicBrew"},{"floor":10,"key":"Explosive Potion"},{"floor":16,"key":"AttackPotion"},{"floor":17,"key":"SkillPotion"},{"floor":18,"key":"Energy Potion"}],"is_trial":false,"path_per_floor":["M","M","M","$","M","R","E","?","T","M","M","R","?","M","R","B",null,"M","M","?","M"],"character_chosen":"IRONCLAD","items_purchased":["Finesse"],"campfire_rested":1,"item_purchase_floors":[4],"current_hp_per_floor":[80,75,80,80,79,79,49,49,49,55,53,53,53,57,80,24,85,52,24,8,0,0],"gold":250,"neow_bonus":"TRANSFORM_CARD","is_daily":false,"chose_seed":false,"campfire_upgraded":2,"win_rate":0.0,"timestamp":1608553310,"path_taken":["M","M","?","$","M","R","E","?","T","?","?","R","?","M","R","BOSS","M","M","?","M"],"items_purchased_type":["Card"],"build_version":"2020-12-13","purchased_purges":0,"victory":false,"max_hp_per_floor":[80,80,80,80,80,80,80,80,80,80,80,80,80,80,80,80,85,85,85,90,90,90],"card_choices":[{"not_picked":["Warcry","Perfected Strike"],"picked":"Flex","floor":1},{"not_picked":["Headbutt","Iron Wave"],"picked":"Shrug It Off","floor":2},{"not_picked":["Combust","Thunderclap"],"picked":"Pommel Strike","floor":3},{"not_picked":["True Grit","Reckless Charge"],"picked":"Reaper","floor":5},{"not_picked":["Sentinel","Headbutt"],"picked":"Carnage","floor":7},{"not_picked":["Havoc","Clothesline"],"picked":"Twin Strike","floor":10},{"not_picked":["Perfected Strike","Bloodletting"],"picked":"Clash","floor":10},{"not_picked":["Iron Wave","Sword Boomerang"],"picked":"Dual Wield","floor":11},{"not_picked":["Armaments","Entrench"],"picked":"Exhume","floor":11},{"not_picked":["Uppercut","Shrug It Off"],"picked":"Evolve","floor":14},{"not_picked":["Shrug It Off","Flex"],"picked":"Cleave","floor":14},{"not_picked":["Demon Form","Juggernaut"],"picked":"Double Tap","floor":16},{"not_picked":["Clothesline","Flex"],"picked":"Sentinel","floor":17},{"not_picked":["Armaments+1","Bloodletting+1"],"picked":"Brutality","floor":18},{"not_picked":["True Grit","Thunderclap"],"picked":"Headbutt","floor":18},{"not_picked":["Pommel Strike","Sword Boomerang+1"],"picked":"Rage","floor":19},{"not_picked":["Second Wind+1","Anger"],"picked":"Clash","floor":19}],"player_experience":40207,"relics_obtained":[{"floor":7,"key":"Prayer Wheel"},{"floor":9,"key":"WingedGreaves"}],"event_choices":[{"damage_healed":0,"gold_gain":0,"player_choice":"Paid Gold","damage_taken":0,"relics_obtained":["Darkstone Periapt"],"max_hp_gain":0,"max_hp_loss":0,"event_name":"WeMeetAgain","floor":8,"gold_loss":82},{"cards_removed":["Strike_R"],"damage_healed":0,"gold_gain":0,"player_choice":"Forget","damage_taken":0,"max_hp_gain":0,"max_hp_loss":0,"event_name":"Living Wall","floor":13,"gold_loss":0},{"damage_healed":0,"gold_gain":0,"player_choice":"Shed Blood","damage_taken":21,"max_hp_gain":5,"max_hp_loss":0,"event_name":"Forgotten Altar","floor":20,"gold_loss":0}],"is_beta":false,"boss_relics":[{"not_picked":["SacredBark","Coffee Dripper"],"picked":"Tiny House"}],"items_purged_floors":[],"is_endless":false,"potions_floor_spawned":[1,7,10,16,18],"killed_by":"Sentry and Sphere","ascension_level":0}}