{"host":"7xrfhfoo16q2v8hj","time":1608537721,"event":{"mods":["BaseMod","Colored Map","DeckTracker","Highlight Path","Minty Spire (QoL Compilation)","StSLib","SuperFastMode"],"gold_per_floor":[216,216,243,262,20,20,48,59,59,90,14,14,14,26,26,126,126,144,156,69,69,69,69,104,116,116,116,116],"floor_reached":27,"playtime":757,"items_purged":[],"score":263,"play_id":"ec9c3eda-5265-4d9c-8013-55cfabb347d8","local_time":"20201221020201","is_ascension_mode":true,"campfire_choices":[{"data":"Zap","floor":6,"key":"SMITH"},{"data":"Capacitor","floor":15,"key":"SMITH"},{"data":"Electrodynamics","floor":23,"key":"SMITH"}],"circlet_count":0,"master_deck":["Strike_B","Strike_B","Strike_B","Strike_B","Defend_B","Defend_B","Defend_B","Defend_B","Zap+1","Dualcast","Conserve Battery","Glacier","Self Repair","Self Repair","Coolheaded","Capacitor+1","Sunder","Electrodynamics+1","Leap","Storm","Coolheaded","Tempest","Shame","Echo Form","Doom and Gloom"],"relics":["Cracked Core","Ancient Tea Set","Question Card","Emotion Chip","Darkstone Periapt","Bronze Scales","Inserter","Blue Candle","Eternal Feather","Sundial"],"acts_visited":["Exordium","TheCity"],"potions_floor_usage":[16,16,27,27],"damage_taken":[{"damage":1,"enemies":"Small Slimes","floor":1,"turns":4},{"damage":13,"enemies":"Jaw Worm","floor":4,"turns":4},{"damage":2,"enemies":"3 Sentries","floor":7,"turns":11},{"damage":0,"enemies":"Cultist","floor":8,"turns":3},{"damage":20,"enemies":"Lagavulin","floor":10,"turns":12},{"damage":28,"enemies":"3 Louse","floor":14,"turns":3},{"damage":20,"enemies":"Slime Boss","floor":16,"turns":12},{"damage":22,"enemies":"Spheric Guardian","floor":18,"turns":5},{"damage":24,"enemies":"3 Byrds","floor":19,"turns":2},{"damage":43,"enemies":"Gremlin Leader","floor":24,"turns":5},{"damage":51,"enemies":"Shelled Parasite and Fungi","floor":25,"turns":4},{"damage":27,"enemies":"Slavers","floor":27,"turns":1}],"seed_played":"-7940490784398369367","potions_obtained":[{"floor":4,"key":"Block Potion"},{"floor":8,"key":"PotionOfCapacity"},{"floor":16,"key":"Strength Potion"},{"floor":24,"key":"FairyPotion"},{"floor":25,"key":"ColorlessPotion"}],"is_trial":false,"path_per_floor":["M","?","T","M","$","R","E","M","T","E","$","?","?","M","R","B",null,"M","M","$","?","?","R","E","M","T","E"],"character_chosen":"DEFECT","items_purchased":["Question Card","Capacitor","Storm","Coolheaded"],"campfire_rested":0,"item_purchase_floors":[5,11,20,20],"current_hp_per_floor":[74,74,74,61,61,61,59,66,66,60,60,60,65,51,51,45,80,72,62,62,62,68,68,39,22,22,0,0],"gold":116,"neow_bonus":"HUNDRED_GOLD","is_daily":false,"chose_seed":false,"campfire_upgraded":3,"win_rate":0.0,"timestamp":1608537721,"path_taken":["M","?","?","M","$","R","E","?","T","E","$","?","?","M","R","BOSS","M","M","$","?","?","R","E","M","T","E"],"items_purchased_type":["Relic","Card","Card","Card"],"build_version":"2020-12-13","purchased_purges":0,"victory":false,"max_hp_per_floor":[75,75,75,75,75,75,75,75,75,75,75,75,80,80,80,80,80,80,80,80,80,86,86,86,86,86,86,86],"card_choices":[{"not_picked":["Scrape","Coolheaded"],"picked":"Conserve Battery","floor":1},{"not_picked":["Hologram","Compile Driver"],"picked":"Glacier","floor":4},{"not_picked":["Hologram","Steam","Compile Driver"],"picked":"Self Repair","floor":7},{"not_picked":["BootSequence","Genetic Algorithm","White Noise"],"picked":"Self Repair","floor":8},{"not_picked":["Gash","Hologram","White Noise"],"picked":"Coolheaded","floor":10},{"not_picked":["Fission","Compile Driver","Turbo"],"picked":"Sunder","floor":14},{"not_picked":["Machine Learning","All For One","Core Surge"],"picked":"Electrodynamics","floor":16},{"not_picked":["Hologram","Rebound","Turbo"],"picked":"Leap","floor":18},{"not_picked":["Aggregate+1","White Noise","Stack","Hello World"],"picked":"SKIP","floor":19},{"not_picked":["Reinforced Body","Leap","Rip and Tear+1"],"picked":"Echo Form","floor":24},{"not_picked":["Gash","Rebound","Sunder"],"picked":"Doom and Gloom","floor":25}],"player_experience":538611,"relics_obtained":[{"floor":3,"key":"Ancient Tea Set"},{"floor":7,"key":"Emotion Chip"},{"floor":9,"key":"Darkstone Periapt"},{"floor":10,"key":"Bronze Scales"},{"floor":24,"key":"Eternal Feather"},{"floor":26,"key":"Sundial"}],"event_choices":[{"damage_healed":0,"gold_gain":0,"player_choice":"Leave","damage_taken":0,"max_hp_gain":0,"max_hp_loss":0,"event_name":"The Cleric","floor":2,"gold_loss":0},{"damage_healed":0,"gold_gain":0,"player_choice":"Ignored","damage_taken":0,"max_hp_gain":0,"max_hp_loss":0,"event_name":"Golden Wing","floor":12,"gold_loss":0},{"damage_healed":0,"gold_gain":0,"player_choice":"Donut","damage_taken":0,"max_hp_gain":5,"max_hp_loss":0,"event_name":"Big Fish","floor":13,"gold_loss":0},{"damage_healed":0,"gold_gain":0,"player_choice":"Read","damage_taken":0,"max_hp_gain":0,"max_hp_loss":0,"event_name":"The Library","floor":21,"gold_loss":0,"cards_obtained":["Tempest"]},{"damage_healed":0,"gold_gain":0,"player_choice":"Stole Relic","damage_taken":0,"relics_obtained":["Blue Candle"],"max_hp_gain":0,"max_hp_loss":0,"event_name":"Addict","floor":22,"gold_loss":0,"cards_obtained":["Shame"]}],"is_beta":false,"boss_relics":[{"not_picked":["Calling Bell","Nuclear Battery"],"picked":"Inserter"}],"items_purged_floors":[],"is_endless":false,"potions_floor_spawned":[4,8,16,24,25],"killed_by":"Slavers","ascension_level":2}}