{"host":"0fmi5fguj5lvt8pf","time":1608586420,"event":{"mods":["BaseMod","Colored Map","Curses Come First","Downfall","Minty Spire (QoL Compilation)","Permanent Neow","StSLib","Waifu the Spire"],"gold_per_floor":[99,113,124,424,442,442,469,3,26,55,40,98,98,110,124,229,229,229,23,23,23,23,33,33,44,244,244,465,476,576,576,589,693,743,518,518,518,549,549,561,561,608,351,351,399,399,414,414,431,431,431,522,103,103,103],"floor_reached":56,"playtime":4870,"items_purged":["sneckomod:Unknown","hexamod:Haunted","sneckomod:Bewildered","sneckomod:Defend"],"score":1369,"play_id":"28d271b6-b40f-4107-93ae-edb754ac92e0","local_time":"20201221133340","is_ascension_mode":false,"campfire_choices":[{"floor":1.0,"key":"RECALL"},{"data":"sneckomod:QuickBite","floor":6.0,"key":"SMITH"},{"data":"sneckomod:MorePower","floor":18.0,"key":"SMITH"},{"data":"sneckomod:UnlimitedRolls","floor":21.0,"key":"SMITH"},{"data":"sneckomod:SnakeSap","floor":27.0,"key":"SMITH"},{"data":"sneckomod:QuickBite","floor":35.0,"key":"SMITH"},{"data":"sneckomod:SoulCleanse","floor":37.0,"key":"SMITH"},{"data":"sneckomod:UnknownX","floor":39.0,"key":"SMITH"},{"data":"sneckomod:UnknownRareAttack","floor":54,"key":"SMITH"}],"circlet_count":0,"master_deck":["sneckomod:Strike","sneckomod:Strike+1","sneckomod:Defend","sneckomod:TailWhip","sneckomod:SnekBite+1","sneckomod:Unknown","sneckomod:QuickBite+1","sneckomod:UnknownRareAttack+1","sneckomod:MorePower+1","sneckomod:UnknownColorless+1","sneckomod:ImprovisedGuard","sneckomod:UnknownUncommonSkill","sneckomod:SoulCleanse+1","sneckomod:Unknown0Cost","sneckomod:UnknownRareAttack+1","sneckomod:UnknownRareAttack+1","sneckomod:UnlimitedRolls+1","sneckomod:ImprovisedAttack","sneckomod:SnakeSap+1","sneckomod:UnknownRarePower+1","sneckomod:UnknownBlock+1","sneckomod:UnknownRareSkill+1","sneckomod:UnknownX+1","sneckomod:QuickBite+1","sneckomod:UnknownRareAttack+1","sneckomod:SerpentIdol+1","sneckomod:UnknownX+1","sneckomod:UnknownRareSkill+1","sneckomod:UnknownColorless+1","sneckomod:PureSnecko+1","sneckomod:Cheat+1","sneckomod:UnknownColorless+1","sneckomod:Mudshield+1","sneckomod:UnknownRareAttack+1","sneckomod:SoulRoll+1","sneckomod:QuickBite+1","Violence+1","sneckomod:Unknown0Cost+1"],"relics":["sneckomod:SneckoSoul","Old Coin","Smiling Mask","sneckomod:SleevedAce","Meat on the Bone","Odd Mushroom","Juzu Bracelet","Boot","SlaversCollar","Membership Card","sneckomod:LoadedDie","CaptainsWheel","Toxic Egg 2","sneckomod:BabySnecko","Tiny House","downfall:HeartBlessingRed","downfall:HeartBlessingGreen","downfall:HeartBlessingBlue","Pear","Mummified Hand","Unceasing Top","HornCleat","Guardian:PocketSentry","Akabeko","Whetstone","Bottled Lightning","Medical Kit"],"acts_visited":["Exordium","TheCity","TheBeyond","TheEnding"],"potions_floor_usage":[55,55,55],"damage_taken":[{"damage":7.0,"enemies":"Cultist","floor":2.0,"turns":3.0},{"damage":3.0,"enemies":"Small Slimes","floor":3.0,"turns":2.0},{"damage":1.0,"enemies":"Jaw Worm","floor":5.0,"turns":2.0},{"damage":5.0,"enemies":"downfall:FleeingMerchant","floor":8.0,"turns":4.0},{"damage":19.0,"enemies":"The Mushroom Lair","floor":9.0,"turns":4.0},{"damage":15.0,"enemies":"Lagavulin","floor":10.0,"turns":4.0},{"damage":0.0,"enemies":"downfall:FleeingMerchant","floor":11.0,"turns":4.0},{"damage":39.0,"enemies":"3 Sentries","floor":12.0,"turns":7.0},{"damage":18.0,"enemies":"2 Fungi Beasts","floor":14.0,"turns":2.0},{"damage":0.0,"enemies":"3 Louse","floor":15.0,"turns":2.0},{"damage":51.0,"enemies":"downfall:Silent","floor":16.0,"turns":8.0},{"damage":10.0,"enemies":"downfall:FleeingMerchant","floor":19.0,"turns":4.0},{"damage":5.0,"enemies":"Chosen","floor":23.0,"turns":4.0},{"damage":23.0,"enemies":"3 Byrds","floor":25.0,"turns":4.0},{"damage":0.0,"enemies":"downfall:FleeingMerchant","floor":28.0,"turns":2.0},{"damage":8.0,"enemies":"Snecko","floor":29.0,"turns":4.0},{"damage":9.0,"enemies":"downfall:Ironclad","floor":30.0,"turns":6.0},{"damage":21.0,"enemies":"3 Cultists","floor":32.0,"turns":3.0},{"damage":9.0,"enemies":"downfall:Defect","floor":33.0,"turns":6.0},{"damage":51.0,"enemies":"Reptomancer","floor":38.0,"turns":5.0},{"damage":23.0,"enemies":"3 Shapes","floor":40.0,"turns":7.0},{"damage":22.0,"enemies":"2 Orb Walkers","floor":42.0,"turns":3.0},{"damage":16.0,"enemies":"Orb Walker","floor":47.0,"turns":4.0},{"damage":35.0,"enemies":"Sphere and 2 Shapes","floor":49.0,"turns":4.0},{"damage":66.0,"enemies":"downfall:Ironclad","floor":50.0,"turns":10.0},{"damage":9.0,"enemies":"downfall:CharBossMerchant","floor":52.0,"turns":7.0},{"damage":0,"enemies":"downfall:NeowBoss","floor":55,"turns":29}],"seed_played":"7630729607474990705","potions_obtained":[{"floor":10.0,"key":"SteroidPotion"},{"floor":14.0,"key":"Explosive Potion"},{"floor":15.0,"key":"champ:CounterPotion"},{"floor":25.0,"key":"sneckomod:OffclassReductionPotion"},{"floor":29.0,"key":"FearPotion"},{"floor":33.0,"key":"champ:CounterPotion"},{"floor":34.0,"key":"LiquidBronze"}],"is_trial":false,"path_per_floor":["R","M","M","?","M","R","T","$","?","E","$","?","?","M","M","B",null,"R","$","?","R","?","M","T","M","?","R","$","M","?","?","M","B",null,"R","?","R","E","R","M","T","?","$","?","T","?","M","?","M","B",null,"E","$","R","B",null],"character_chosen":"THE_SNECKO","items_purchased":["sneckomod:SleevedAce","Meat on the Bone","Membership Card","sneckomod:ImprovisedAttack","sneckomod:LoadedDie","sneckomod:QuickBite","HornCleat","Violence+1","Whetstone","Fruit Juice","Bottled Lightning","Medical Kit","sneckomod:CheatPotion"],"campfire_rested":0,"item_purchase_floors":[8,8,19,19,28,28,43,43,53,53,53,53,53],"current_hp_per_floor":[90,86,83,71,70,70,70,66,57,54,54,48,49,43,56,18,95,95,86,86,86,86,81,81,60,60,60,62,54,61,61,63,56,109,119,119,119,79,79,69,69,59,59,131,131,131,128,128,93,45,132,123,128,128,134],"gold":103,"neow_bonus":"UPGRADE_CARD","is_daily":false,"chose_seed":false,"campfire_upgraded":8,"win_rate":0.0,"timestamp":1608586420,"path_taken":["R","?","M","?","M","R","T","$","?","E","?","?","?","M","M","BOSS","R","$","?","R","?","M","T","M","?","R","$","M","?","?","M","BOSS","R","?","R","E","R","M","T","?","$","?","?","?","M","?","M","BOSS","E","$","R","BOSS"],"items_purchased_type":["Relic","Relic","Relic","Card","Relic","Card","Relic","Card","Relic","Potion","Relic","Relic","Potion"],"build_version":"2020-12-13","purchased_purges":4,"victory":true,"max_hp_per_floor":[90,90,90,90,90,90,90,91,91,91,91,92,93,93,94,95,95,95,96,96,96,96,96,96,98,98,98,100,100,101,101,102,104,109,119,119,119,130,130,131,131,131,131,131,131,131,132,132,132,132,132,132,137,137,137],"card_choices":[{"not_picked":["sneckomod:Unknown1Cost","sneckomod:MixItUp","sneckomod:UnknownDexterity"],"picked":"SKIP","floor":2.0},{"not_picked":["sneckomod:UnknownCommonAttack","sneckomod:UnknownVulnerable"],"picked":"sneckomod:QuickBite","floor":3.0},{"not_picked":["sneckomod:UnknownVulnerable","sneckomod:Unknown2Cost","sneckomod:UnknownCommonSkill"],"picked":"SKIP","floor":5.0},{"not_picked":["sneckomod:UnknownWeak","sneckomod:UnknownClassTHE_CHAMP_GRAY"],"picked":"sneckomod:UnknownRareAttack","floor":8.0},{"not_picked":["sneckomod:UnknownUncommonPower","sneckomod:DiceBlock","sneckomod:RainOfDice"],"picked":"SKIP","floor":10.0},{"not_picked":["sneckomod:UnknownCommonAttack","sneckomod:Unknown1Cost"],"picked":"sneckomod:MorePower","floor":11.0},{"not_picked":["sneckomod:UnknownClassTHE_CHAMP_GRAY+1","sneckomod:UnknownX+1"],"picked":"sneckomod:UnknownColorless+1","floor":12.0},{"not_picked":["sneckomod:UnknownClassTHE_CHAMP_GRAY","sneckomod:DiceBlock"],"picked":"sneckomod:ImprovisedGuard","floor":12.0},{"not_picked":["sneckomod:Unknown1Cost","sneckomod:Unknown2Cost"],"picked":"sneckomod:SoulCleanse","floor":14.0},{"not_picked":["sneckomod:Unknown+1","sneckomod:UnknownClassTHE_CHAMP_GRAY+1","sneckomod:Unknown1Cost+1"],"picked":"SKIP","floor":14.0},{"not_picked":["sneckomod:UnknownCommonSkill","sneckomod:Unknown1Cost"],"picked":"sneckomod:Unknown0Cost","floor":15.0},{"not_picked":["sneckomod:UnknownColorless","sneckomod:Restock"],"picked":"sneckomod:UnknownRareAttack","floor":16.0},{"not_picked":["sneckomod:UnknownX+1","sneckomod:UnknownDexterity+1"],"picked":"sneckomod:UnknownRareAttack+1","floor":19.0},{"not_picked":["sneckomod:UnknownClassHEXA_GHOST_PURPLE","sneckomod:IronFang+1"],"picked":"sneckomod:UnlimitedRolls","floor":19.0},{"not_picked":["sneckomod:SoulRoll","sneckomod:Nope"],"picked":"sneckomod:SnakeSap","floor":23.0},{"not_picked":["sneckomod:UnknownDexterity+1","sneckomod:UnknownColorless+1"],"picked":"sneckomod:UnknownRarePower+1","floor":25.0},{"not_picked":["sneckomod:SoulDraw","sneckomod:IronFang+1"],"picked":"sneckomod:UnknownBlock+1","floor":25.0},{"not_picked":["sneckomod:UnknownClassBLUE+1","sneckomod:UnknownBlock+1"],"picked":"sneckomod:UnknownRareSkill+1","floor":28.0},{"not_picked":["sneckomod:SoulCleanse","sneckomod:IronFang"],"picked":"sneckomod:UnknownX","floor":28.0},{"not_picked":["sneckomod:UnknownBlock+1","sneckomod:UnknownExhaust+1","sneckomod:UnknownClassTHE_CHAMP_GRAY+1"],"picked":"SKIP","floor":29.0},{"not_picked":["sneckomod:Unknown1Cost","sneckomod:IronFang","sneckomod:DiceBlock"],"picked":"SKIP","floor":29.0},{"not_picked":["sneckomod:UnknownUncommonSkill+1","sneckomod:UnknownClassPURPLE+1"],"picked":"sneckomod:UnknownRareAttack+1","floor":30.0},{"not_picked":["sneckomod:SnakeSap+1","sneckomod:Nope+1"],"picked":"sneckomod:SerpentIdol+1","floor":32.0},{"not_picked":["sneckomod:UnknownCommonAttack+1","sneckomod:Unknown+1"],"picked":"sneckomod:UnknownX+1","floor":32.0},{"not_picked":["sneckomod:UnknownClassRED+1","sneckomod:UnknownUncommonAttack+1"],"picked":"sneckomod:UnknownRareSkill+1","floor":33.0},{"not_picked":["sneckomod:SerpentMind","sneckomod:UnknownRareAttack"],"picked":"sneckomod:UnknownColorless+1","floor":33.0},{"not_picked":["sneckomod:SnakeSap","sneckomod:QuickMove+1"],"picked":"sneckomod:PureSnecko+1","floor":34.0},{"not_picked":["sneckomod:Unknown0Cost+1","sneckomod:UnknownUncommonSkill+1"],"picked":"sneckomod:UnknownColorless+1","floor":38.0},{"not_picked":["sneckomod:UnknownDexterity+1","sneckomod:SlitherStrike+1"],"picked":"sneckomod:Mudshield","floor":38.0},{"not_picked":["sneckomod:Unknown0Cost+1","sneckomod:UnknownBlock+1"],"picked":"sneckomod:UnknownRareAttack+1","floor":40.0},{"not_picked":["sneckomod:UnknownCommonSkill+1","sneckomod:UnknownDexterity+1"],"picked":"sneckomod:SoulRoll+1","floor":40.0},{"not_picked":["sneckomod:UnknownUncommonAttack+1","sneckomod:QuickMove+1"],"picked":"sneckomod:QuickBite","floor":42.0},{"not_picked":["sneckomod:UnknownClassRED+1","sneckomod:UnknownX+1"],"picked":"sneckomod:Unknown0Cost+1","floor":47.0},{"not_picked":["sneckomod:UnknownCommonAttack+1","sneckomod:UnknownExhaust+1","sneckomod:UnknownClassBLUE+1"],"picked":"SKIP","floor":47.0},{"not_picked":["sneckomod:UnknownCommonSkill+1","sneckomod:UnknownClassGUARDIAN+1","sneckomod:UnknownClassRED+1"],"picked":"SKIP","floor":49.0},{"not_picked":["sneckomod:UnknownUncommonPower","sneckomod:DiceCrush","sneckomod:UnknownVulnerable+1"],"picked":"SKIP","floor":49.0},{"not_picked":["sneckomod:UnknownCommonSkill+1","sneckomod:UnknownClassTHE_CHAMP_GRAY+1","sneckomod:UnknownVulnerable+1"],"picked":"SKIP","floor":52.0},{"not_picked":["sneckomod:Unknown0Cost+1","sneckomod:DiceBlock+1","sneckomod:UnknownExhaust+1"],"picked":"SKIP","floor":52.0}],"player_experience":1219361,"relics_obtained":[{"floor":7.0,"key":"Smiling Mask"},{"floor":9.0,"key":"Odd Mushroom"},{"floor":10.0,"key":"Juzu Bracelet"},{"floor":12.0,"key":"Boot"},{"floor":30.0,"key":"CaptainsWheel"},{"floor":30.0,"key":"Toxic Egg 2"},{"floor":38.0,"key":"Pear"},{"floor":41.0,"key":"Mummified Hand"},{"floor":42.0,"key":"Unceasing Top"},{"floor":45.0,"key":"Guardian:PocketSentry"},{"floor":52.0,"key":"Akabeko"}],"event_choices":[{"damage_healed":0.0,"max_hp_gain":0.0,"max_hp_loss":0.0,"gold_gain":0.0,"event_name":"Scrap Ooze","player_choice":"Success","floor":4.0,"gold_loss":0.0,"damage_taken":12.0,"relics_obtained":["Old Coin"]},{"damage_healed":0.0,"max_hp_gain":0.0,"max_hp_loss":0.0,"gold_gain":0.0,"event_name":"Mushrooms","player_choice":"Fought Mushrooms","floor":9.0,"gold_loss":0.0,"damage_taken":0.0},{"damage_healed":0.0,"max_hp_gain":0.0,"max_hp_loss":0.0,"gold_gain":0.0,"cards_transformed":["sneckomod:Strike"],"event_name":"Transmorgrifier","player_choice":"Transformed","floor":13.0,"gold_loss":0.0,"damage_taken":0.0,"cards_obtained":["sneckomod:UnknownUncommonSkill"]},{"damage_healed":0.0,"max_hp_gain":0.0,"max_hp_loss":0.0,"gold_gain":0.0,"event_name":"Vampires","player_choice":"Ignored","floor":20.0,"gold_loss":0.0,"damage_taken":0.0},{"damage_healed":0.0,"max_hp_gain":0.0,"max_hp_loss":0.0,"gold_gain":0.0,"event_name":"NoteForYourself","player_choice":"Ignored","floor":22.0,"gold_loss":0.0,"damage_taken":0.0},{"damage_healed":0.0,"max_hp_gain":0.0,"max_hp_loss":0.0,"gold_gain":0.0,"cards_transformed":["sneckomod:Defend"],"event_name":"Transmorgrifier","player_choice":"Transformed","floor":36.0,"gold_loss":0.0,"damage_taken":0.0,"cards_obtained":["sneckomod:Cheat"]},{"damage_healed":0.0,"max_hp_gain":0.0,"max_hp_loss":0.0,"gold_gain":0.0,"event_name":"Mysterious Sphere","player_choice":"Fight","floor":42.0,"gold_loss":0.0,"damage_taken":0.0},{"damage_healed":0.0,"max_hp_gain":0.0,"max_hp_loss":0.0,"gold_gain":0.0,"event_name":"Accursed Blacksmith","player_choice":"Forge","floor":46.0,"gold_loss":0.0,"damage_taken":0.0,"cards_upgraded":["sneckomod:Mudshield"]},{"cards_removed":["Doubt"],"damage_healed":0.0,"max_hp_gain":0.0,"max_hp_loss":0.0,"gold_gain":0.0,"event_name":"Purifier","player_choice":"Purged","floor":48.0,"gold_loss":0.0,"damage_taken":0.0}],"is_beta":false,"boss_relics":[{"not_picked":["sneckomod:SneckoTalon","Ectoplasm"],"picked":"SlaversCollar"},{"not_picked":["Velvet Choker","Pandora\u0027s Box"],"picked":"Tiny House"}],"items_purged_floors":[8,28,43,53],"is_endless":false,"potions_floor_spawned":[10,12,14,15,16,25,29,33,40,42],"ascension_level":0}}