{"host":"qbvxbacgnxuisbbe","time":1608511029,"event":{"mods":["Alarm Clock","BaseMod","Minty Spire (QoL Compilation)","Spicy Shops","StSLib","Uncapped"],"gold_per_floor":[112,112,126,45,62,62,99,32,106,441,451,41,41,55,55,142,142,155,205,205,233,253,253,253],"floor_reached":23,"playtime":848,"items_purged":[],"score":427,"play_id":"5c177697-8d06-4a9d-8138-22dd6639667a","local_time":"20201221003709","is_ascension_mode":true,"campfire_choices":[{"data":"Flame Barrier","floor":6.0,"key":"SMITH"},{"floor":15.0,"key":"REST"}],"circlet_count":0,"master_deck":["AscendersBane","Strike_R","Strike_R","Strike_R","Strike_R","Strike_R","Defend_R","Defend_R","Defend_R","Defend_R","Bash","Flame Barrier+1","Fire Breathing","Shrug It Off","Wild Strike","Shrug It Off","Flame Barrier","Offering","Battle Trance"],"relics":["Black Blood","FaceOfCleric","CeramicFish","Question Card","Old Coin","Mango","Singing Bowl"],"acts_visited":["Exordium","TheCity"],"potions_floor_usage":[23],"damage_taken":[{"damage":12.0,"enemies":"Cultist","floor":1.0,"turns":5.0},{"damage":11.0,"enemies":"Small Slimes","floor":3.0,"turns":4.0},{"damage":0.0,"enemies":"Jaw Worm","floor":5.0,"turns":4.0},{"damage":64.0,"enemies":"Gremlin Nob","floor":7.0,"turns":6.0},{"damage":2.0,"enemies":"3 Sentries","floor":10.0,"turns":5.0},{"damage":11.0,"enemies":"Looter","floor":11.0,"turns":2.0},{"damage":0.0,"enemies":"Blue Slaver","floor":14.0,"turns":6.0},{"damage":38.0,"enemies":"Slime Boss","floor":16.0,"turns":8.0},{"damage":0.0,"enemies":"3 Byrds","floor":18.0,"turns":3.0},{"damage":54.0,"enemies":"Shell Parasite","floor":21.0,"turns":12.0},{"damage":21.0,"enemies":"Cultist and Chosen","floor":22.0,"turns":6.0},{"damage":46,"enemies":"Gremlin Leader","floor":23,"turns":3}],"seed_played":"8727235611262347045","potions_obtained":[{"floor":3.0,"key":"Block Potion"},{"floor":5.0,"key":"BloodPotion"},{"floor":10.0,"key":"LiquidBronze"},{"floor":14.0,"key":"Fire Potion"},{"floor":16.0,"key":"LiquidMemories"},{"floor":22.0,"key":"LiquidBronze"}],"is_trial":true,"path_per_floor":["M","?","M","$","M","R","E","$","T","E","M","$","?","M","R","B",null,"M","?","?","M","M","E"],"character_chosen":"IRONCLAD","items_purchased":["Fire Breathing","Wild Strike","Shrug It Off","Mango","Flame Barrier"],"campfire_rested":1,"item_purchase_floors":[4,8,8,12,12],"current_hp_per_floor":[62,62,58,58,65,65,8,8,8,28,24,38,3,12,41,10,76,91,91,91,50,44,0,0],"gold":253,"neow_bonus":"","is_daily":false,"chose_seed":false,"campfire_upgraded":1,"win_rate":0.0,"timestamp":1608511029,"path_taken":["M","?","?","$","M","R","E","$","T","E","M","$","?","M","R","BOSS","M","?","?","M","M","E"],"items_purchased_type":["Card","Card","Card","Relic","Card"],"build_version":"2020-12-13","purchased_purges":0,"victory":false,"max_hp_per_floor":[75,75,76,76,77,77,78,78,78,79,80,94,94,97,97,98,98,101,101,101,102,105,105,105],"card_choices":[{"not_picked":["Pommel Strike","Anger"],"picked":"Flame Barrier","floor":1.0},{"not_picked":["Body Slam","Warcry","Searing Blow"],"picked":"SKIP","floor":3.0},{"not_picked":["Limit Break","Rupture","Iron Wave"],"picked":"SKIP","floor":5.0},{"not_picked":["Rampage","Flex"],"picked":"Shrug It Off","floor":7.0},{"not_picked":["Clash","Havoc","Anger","Sever Soul"],"picked":"SKIP","floor":10.0},{"not_picked":["Sword Boomerang","True Grit","Thunderclap","Havoc"],"picked":"SKIP","floor":11.0},{"not_picked":["Thunderclap","Cleave","Rampage","Seeing Red"],"picked":"Singing Bowl","floor":14.0},{"not_picked":["Fiend Fire","Feed","Double Tap"],"picked":"Offering","floor":16.0},{"not_picked":["Pommel Strike","Headbutt","Second Wind","Cleave"],"picked":"Singing Bowl","floor":18.0},{"not_picked":["Clash+1","Pommel Strike","Dual Wield"],"picked":"Battle Trance","floor":21.0},{"not_picked":["Berserk","Havoc","Iron Wave+1","Flex+1"],"picked":"Singing Bowl","floor":22.0}],"player_experience":115769,"relics_obtained":[{"floor":7.0,"key":"CeramicFish"},{"floor":9.0,"key":"Question Card"},{"floor":10.0,"key":"Old Coin"}],"event_choices":[{"damage_healed":0.0,"max_hp_gain":0.0,"max_hp_loss":0.0,"gold_gain":0.0,"event_name":"FaceTrader","player_choice":"Trade","floor":2.0,"gold_loss":0.0,"damage_taken":0.0,"relics_obtained":["FaceOfCleric"]},{"damage_healed":0.0,"max_hp_gain":0.0,"max_hp_loss":0.0,"gold_gain":0.0,"event_name":"Scrap Ooze","player_choice":"Success","floor":13.0,"gold_loss":0.0,"damage_taken":35.0,"relics_obtained":["Singing Bowl"]},{"damage_healed":0.0,"max_hp_gain":0.0,"max_hp_loss":0.0,"gold_gain":50.0,"event_name":"Nest","player_choice":"Stole From Cult","floor":19.0,"gold_loss":0.0,"damage_taken":0.0},{"damage_healed":0.0,"max_hp_gain":0.0,"max_hp_loss":0.0,"gold_gain":0.0,"event_name":"Ghosts","player_choice":"Ignored","floor":20.0,"gold_loss":0.0,"damage_taken":0.0}],"is_beta":false,"boss_relics":[{"not_picked":["Runic Cube","SacredBark"],"picked":"Black Blood"}],"items_purged_floors":[],"is_endless":true,"potions_floor_spawned":[3,5,10,14,16,22],"killed_by":"Gremlin Leader","ascension_level":20}}