{"host":"8g24zuco0epbjwbo","time":1608540159,"event":{"mods":["BaseMod","Downfall","Minty Spire (QoL Compilation)","Relic Stats","StSLib"],"gold_per_floor":[99,99,99,129,39,64,113,128,228,153,428,443,454,454,474,575,575,575,575,575,575,575],"floor_reached":20,"playtime":994,"items_purged":["champ:Strike"],"score":203,"play_id":"917d08c0-5c16-4c53-ae72-e878a3e21eec","local_time":"20201221034239","is_ascension_mode":false,"campfire_choices":[{"floor":1,"key":"RECALL"},{"floor":10,"key":"REST"},{"data":"champ:SteelEdge","floor":18,"key":"SMITH"}],"circlet_count":0,"master_deck":["champ:Strike+1","champ:Strike","champ:Strike","champ:Defend","champ:Defend","champ:Defend","champ:Defend","champ:Execute","champ:Taunt","champ:AdrenalArmor","champ:EnragedBash+1","champ:EndlessRage","champ:FanOfKnives","champ:SkillfulDodge","champ:DefensiveShout","champ:GladiatorStyle","champ:FlashCut","champ:SteelEdge+1"],"relics":["champ:ChampionCrown","downfall:HeartsMalice","Toy Ornithopter","Dream Catcher","Whetstone","CloakClasp","downfall:HeartBlessingRed","Black Star","MutagenicStrength"],"acts_visited":["Exordium","TheCity"],"potions_floor_usage":[9,9,16],"damage_taken":[{"damage":0,"enemies":"Small Slimes","floor":2,"turns":1},{"damage":0,"enemies":"2 Louse","floor":3,"turns":1},{"damage":0,"enemies":"3 Sentries","floor":4,"turns":1},{"damage":16,"enemies":"downfall:FleeingMerchant","floor":5,"turns":4},{"damage":56,"enemies":"Lagavulin","floor":6,"turns":10},{"damage":9,"enemies":"Cultist","floor":8,"turns":4},{"damage":93,"enemies":"Cultist","floor":9,"turns":10},{"damage":13,"enemies":"2 Fungi Beasts","floor":12,"turns":4},{"damage":22,"enemies":"Blue Slaver","floor":13,"turns":4},{"damage":16,"enemies":"Red Slaver","floor":15,"turns":5},{"damage":72,"enemies":"downfall:Watcher","floor":16,"turns":11},{"damage":100,"enemies":"Slavers","floor":20,"turns":4}],"seed_played":"3962298172270255123","potions_obtained":[{"floor":4,"key":"Swift Potion"},{"floor":6,"key":"EssenceOfSteel"},{"floor":12,"key":"Ancient Potion"},{"floor":13,"key":"FairyPotion"},{"floor":15,"key":"SkillPotion"}],"is_trial":false,"path_per_floor":["R","M","M","E","$","E","T","M","?","R","?","M","M","?","M","B",null,"R","?","E"],"character_chosen":"THE_CHAMP","items_purchased":[],"campfire_rested":1,"item_purchase_floors":[],"current_hp_per_floor":[90,90,90,90,90,67,67,67,26,53,53,50,40,40,31,44,90,90,90,0,0,0],"gold":575,"neow_bonus":"THREE_ENEMY_KILL","is_daily":false,"chose_seed":false,"campfire_upgraded":1,"win_rate":0.0,"timestamp":1608540159,"path_taken":["R","M","M","E","$","E","T","M","?","R","?","?","M","?","M","BOSS","R","?","E"],"items_purchased_type":[],"build_version":"2020-12-13","purchased_purges":1,"victory":false,"max_hp_per_floor":[90,90,90,90,90,90,90,90,90,90,90,90,90,90,90,90,90,90,90,90,90,90],"relic_stats":{"Dream Catcher":1,"counters":[12,56],"CloakClasp":[56],"Black Star":0,"Whetstone":["champ:Strike","champ:EnragedBash"],"obtain_stats":[{"Dream Catcher":6,"downfall:HeartBlessingRed":10,"MutagenicStrength":19,"champ:ChampionCrown":0,"downfall:HeartsMalice":0,"CloakClasp":9,"Black Star":17,"Whetstone":7,"Toy Ornithopter":4},{"Dream Catcher":5,"downfall:HeartBlessingRed":7,"MutagenicStrength":11,"champ:ChampionCrown":0,"downfall:HeartsMalice":0,"CloakClasp":7,"Black Star":11,"Whetstone":5,"Toy Ornithopter":3},{"Dream Catcher":14,"downfall:HeartBlessingRed":28,"MutagenicStrength":52,"champ:ChampionCrown":0,"downfall:HeartsMalice":0,"CloakClasp":28,"Black Star":52,"Whetstone":14,"Toy Ornithopter":0}],"Toy Ornithopter":15},"card_choices":[{"not_picked":["champ:Circumvent","champ:BladeFlurry"],"picked":"champ:AdrenalArmor","floor":2},{"not_picked":["champ:Backstep","champ:PerfectedStrike","champ:Circumvent"],"picked":"SKIP","floor":3},{"not_picked":["champ:Haymaker","champ:Circumvent"],"picked":"champ:EnragedBash","floor":4},{"not_picked":["champ:VampiricStrike","champ:BringItOn"],"picked":"champ:EndlessRage","floor":5},{"not_picked":["champ:StanceDance","champ:FalseCounter","champ:BerserkersShout"],"picked":"SKIP","floor":6},{"not_picked":["champ:FocusedGladiator","champ:GladiatorsShout"],"picked":"champ:FanOfKnives","floor":8},{"not_picked":["champ:FanOfKnives","champ:EnGarde"],"picked":"champ:SkillfulDodge","floor":9},{"not_picked":["champ:Backstep","champ:EnragedBash"],"picked":"champ:DefensiveShout","floor":10},{"not_picked":["champ:FanOfKnives","champ:FocusedGladiator"],"picked":"champ:GladiatorStyle","floor":12},{"not_picked":["champ:BerserkersShout","champ:BringItOn","champ:GladiatorsShout"],"picked":"SKIP","floor":13},{"not_picked":["champ:BladeFlurry","champ:BerserkersShout"],"picked":"champ:FlashCut","floor":15},{"not_picked":["champ:HoldFirm","champ:VampiricStrike"],"picked":"champ:SteelEdge","floor":16}],"player_experience":424559,"relics_obtained":[{"floor":4,"key":"Toy Ornithopter"},{"floor":6,"key":"Dream Catcher"},{"floor":7,"key":"Whetstone"},{"floor":9,"key":"CloakClasp"}],"event_choices":[{"cards_removed":["Regret"],"damage_healed":0,"gold_gain":0,"player_choice":"Forget","damage_taken":0,"max_hp_gain":0,"max_hp_loss":0,"event_name":"Living Wall","floor":14,"gold_loss":0},{"damage_healed":0,"gold_gain":0,"player_choice":"Inject Mutagens","damage_taken":0,"relics_obtained":["MutagenicStrength"],"max_hp_gain":0,"max_hp_loss":0,"event_name":"Drug Dealer","floor":19,"gold_loss":0}],"is_beta":false,"boss_relics":[{"not_picked":["Sozu","SlaversCollar"],"picked":"Black Star"}],"items_purged_floors":[5],"is_endless":false,"potions_floor_spawned":[4,6,12,13,15],"killed_by":"Slavers","ascension_level":0}}