{"host":"7gewg82ormp6yt4e","time":1608554376,"event":{"mods":["BaseMod","Block Reminder","Colored Map","Colored Powertips","DeckTracker","Highlight Path","Minty Spire (QoL Compilation)","Relic Stats","StSLib"],"gold_per_floor":[118,118,133,150,163,163,192,202,202,214,214,214,241,259,259,259,259],"floor_reached":16,"playtime":623,"items_purged":[],"score":278,"play_id":"8b0fd03a-327d-4c64-a4b0-5548726406eb","local_time":"20201221213936","is_ascension_mode":true,"campfire_choices":[{"data":"Skewer","floor":6,"key":"SMITH"},{"data":"Glass Knife","floor":12,"key":"SMITH"},{"data":"Malaise","floor":15,"key":"SMITH"}],"circlet_count":0,"master_deck":["AscendersBane","Strike_G","Strike_G","Strike_G","Strike_G","Strike_G","Defend_G","Defend_G","Defend_G","Defend_G","Defend_G","Survivor","Neutralize","Skewer+1","Phantasmal Killer","Poisoned Stab","Malaise+1","Outmaneuver","Glass Knife+1","PiercingWail"],"relics":["Ring of the Snake","NeowsBlessing","Anchor","Singing Bowl","Bird Faced Urn"],"acts_visited":["Exordium"],"potions_floor_usage":[5,7,16],"damage_taken":[{"damage":0,"enemies":"Cultist","floor":1,"turns":1},{"damage":0,"enemies":"Jaw Worm","floor":3,"turns":1},{"damage":0,"enemies":"Small Slimes","floor":4,"turns":1},{"damage":3,"enemies":"Exordium Wildlife","floor":5,"turns":5},{"damage":0,"enemies":"Gremlin Nob","floor":7,"turns":2},{"damage":0,"enemies":"2 Fungi Beasts","floor":8,"turns":2},{"damage":2,"enemies":"3 Louse","floor":10,"turns":4},{"damage":10,"enemies":"Lagavulin","floor":13,"turns":6},{"damage":2,"enemies":"Exordium Wildlife","floor":14,"turns":5},{"damage":54,"enemies":"Hexaghost","floor":16,"turns":15}],"seed_played":"-6689404407672593403","potions_obtained":[{"floor":1,"key":"BlessingOfTheForge"},{"floor":4,"key":"Block Potion"},{"floor":14,"key":"EssenceOfSteel"}],"is_trial":false,"path_per_floor":["M","?","M","M","M","R","E","M","T","M","?","R","E","M","R","B"],"character_chosen":"THE_SILENT","items_purchased":[],"campfire_rested":0,"item_purchase_floors":[],"current_hp_per_floor":[59,59,59,59,56,56,56,56,56,56,61,61,53,53,53,0,0],"gold":259,"neow_bonus":"THREE_ENEMY_KILL","is_daily":false,"chose_seed":false,"campfire_upgraded":3,"win_rate":0.0,"timestamp":1608554376,"path_taken":["M","?","?","M","?","R","E","M","T","M","?","R","E","M","R","BOSS"],"items_purchased_type":[],"build_version":"2020-12-13","purchased_purges":0,"victory":false,"max_hp_per_floor":[66,66,66,66,66,66,66,66,66,68,73,73,75,77,77,77,77],"relic_stats":{"Singing Bowl":6,"counters":[10,42],"Bird Faced Urn":[0],"obtain_stats":[{"Anchor":7,"NeowsBlessing":0,"Singing Bowl":9,"Bird Faced Urn":13,"Ring of the Snake":0},{"Anchor":5,"NeowsBlessing":0,"Singing Bowl":6,"Bird Faced Urn":8,"Ring of the Snake":0},{"Anchor":10,"NeowsBlessing":0,"Singing Bowl":12,"Bird Faced Urn":22,"Ring of the Snake":0}],"Ring of the Snake":[20]},"card_choices":[{"not_picked":["Masterful Stab","Dagger Spray"],"picked":"Skewer","floor":1},{"not_picked":["Deflect","Blade Dance"],"picked":"Poisoned Stab","floor":3},{"not_picked":["Deflect","Flechettes"],"picked":"Malaise","floor":4},{"not_picked":["Dodge and Roll","Setup"],"picked":"Outmaneuver","floor":5},{"not_picked":["Dodge and Roll","Finisher"],"picked":"Glass Knife","floor":7},{"not_picked":["Underhanded Strike","Slice"],"picked":"PiercingWail","floor":8},{"not_picked":["Prepared","Reflex","Quick Slash"],"picked":"Singing Bowl","floor":10},{"not_picked":["Dagger Throw","Slice","Underhanded Strike"],"picked":"Singing Bowl","floor":13},{"not_picked":["Predator","Backflip","Prepared"],"picked":"Singing Bowl","floor":14}],"player_experience":2414485,"relics_obtained":[{"floor":7,"key":"Anchor"},{"floor":9,"key":"Singing Bowl"},{"floor":13,"key":"Bird Faced Urn"}],"event_choices":[{"damage_healed":0,"gold_gain":0,"player_choice":"1 cards matched","damage_taken":0,"max_hp_gain":0,"max_hp_loss":0,"event_name":"Match and Keep!","floor":2,"gold_loss":0,"cards_obtained":["Phantasmal Killer"]},{"damage_healed":0,"gold_gain":0,"player_choice":"Donut","damage_taken":0,"max_hp_gain":5,"max_hp_loss":0,"event_name":"Big Fish","floor":11,"gold_loss":0}],"is_beta":false,"boss_relics":[],"items_purged_floors":[],"is_endless":false,"potions_floor_spawned":[1,4,14],"killed_by":"Hexaghost","ascension_level":20}}