{"host":"l8lkgdumzpe3823a","time":1608522512,"event":{"mods":["Aspiration","BaseMod","Better Note","Colored Powertips","Curses Come First","Custom Start","DeckTracker","Defuse TimeMaze Blight","Highlight Path","Hubris","Infinite Spire","Minty Spire (QoL Compilation)","Quick Restart","Replay The Spire","Shop Mod","StSLib","SuperFastMode","The Construct","The Dragon Tamer","vexMod"],"gold_per_floor":[111,111,122,122,141,141,160,160,160,160,186,186,211,223,223,326,326,337,349,96,96,113,113,144,144,144,178,178,220,260,293,293,309,309],"floor_reached":33,"playtime":988,"items_purged":["Strike_B"],"score":279,"play_id":"a89f3e9e-dfbf-423e-be66-a67f363d4d9a","local_time":"20201220214832","is_ascension_mode":false,"campfire_choices":[{"data":"Go for the Eyes","floor":6.0,"key":"SMITH"},{"data":"Hologram","floor":10.0,"key":"SMITH"},{"data":"Zap","floor":12.0,"key":"SMITH"},{"data":"Scrape","floor":15,"key":"SMITH"},{"data":"1","floor":23,"key":"LIFT"},{"data":"Hologram","floor":25,"key":"SMITH"},{"data":"Scrape","floor":28,"key":"SMITH"},{"floor":32,"key":"REST"}],"circlet_count":0,"master_deck":["Strike_B","Strike_B","Strike_B","Defend_B","Defend_B","Defend_B","Defend_B","Zap+1","Dualcast","Go for the Eyes+1","Gash","Hologram+1","Hologram+1","Scrape+1","All For One","CurseOfTheBell","Scrape+1","Hologram"],"relics":["Cracked Core","NeowsBlessing","hubris:Towel","Ice Cream","The Courier","vexMod:PlasmaPancake","Calling Bell","ReplayTheSpireMod:Lightbulb","hubris:CrystalStatue","Girya","hubris:DeckOfHolding","Replay:Bandana","Quantum Egg"],"acts_visited":["Exordium","TheCity"],"potions_floor_usage":[16,16,22,31,33,33],"damage_taken":[{"damage":0.0,"enemies":"Cultist","floor":1.0,"turns":1.0},{"damage":0.0,"enemies":"Jaw Worm","floor":3.0,"turns":1.0},{"damage":0.0,"enemies":"2 Louse","floor":5.0,"turns":1.0},{"damage":8.0,"enemies":"Lots of Slimes","floor":7.0,"turns":4.0},{"damage":6.0,"enemies":"Lagavulin","floor":11.0,"turns":6.0},{"damage":7.0,"enemies":"Gremlin Nob","floor":13.0,"turns":3.0},{"damage":23.0,"enemies":"Exordium Thugs","floor":14.0,"turns":4.0},{"damage":19,"enemies":"Hexaghost","floor":16,"turns":8},{"damage":3,"enemies":"Shell Parasite","floor":18,"turns":3},{"damage":0,"enemies":"Spheric Guardian","floor":19,"turns":2},{"damage":11,"enemies":"Shelled Parasite and Fungi","floor":22,"turns":4},{"damage":8,"enemies":"Gremlin Leader","floor":24,"turns":5},{"damage":10,"enemies":"Centurion and Healer","floor":27,"turns":4},{"damage":10,"enemies":"Sentry and Sphere","floor":29,"turns":3},{"damage":20,"enemies":"Snake Plant","floor":30,"turns":4},{"damage":15,"enemies":"3 Cultists","floor":31,"turns":4},{"damage":30,"enemies":"Champ","floor":33,"turns":6}],"seed_played":"-8380345320371625668","potions_obtained":[{"floor":1.0,"key":"Elixir"},{"floor":3.0,"key":"AttackPotion"},{"floor":5.0,"key":"LiquidMemories"},{"floor":14.0,"key":"SkillPotion"},{"floor":16,"key":"AttackPotion"},{"floor":22,"key":"Doom Potion"},{"floor":27,"key":"ColorlessPotion"},{"floor":31,"key":"LiquidBronze"}],"is_trial":false,"path_per_floor":["M","$","M","$","M","R","M","?","T","R","E","R","E","M","R","B",null,"M","M","$","?","M","R","E","R","T","M","R","M","M","M","R","B"],"character_chosen":"DEFECT","items_purchased":["hubris:DeckOfHolding"],"campfire_rested":1,"item_purchase_floors":[20],"current_hp_per_floor":[75,75,75,75,75,75,67,67,67,67,61,61,60,37,37,18,81,78,78,78,78,67,67,59,59,59,49,49,39,19,4,28,0,0],"gold":309,"neow_bonus":"THREE_ENEMY_KILL","is_daily":false,"chose_seed":false,"campfire_upgraded":6,"win_rate":0.0,"timestamp":1608522512,"path_taken":["M","$","M","$","?","R","?","?","T","R","E","R","E","M","R","BOSS","M","M","$","?","M","R","E","R","T","M","R","M","M","M","R","BOSS"],"items_purchased_type":["Relic"],"build_version":"2020-12-13","purchased_purges":1,"victory":false,"max_hp_per_floor":[75,75,75,75,75,75,75,75,75,75,75,75,81,81,81,81,81,81,81,81,81,81,81,81,81,81,81,81,81,81,81,81,81,81],"card_choices":[{"not_picked":["Coolheaded","Hologram"],"picked":"Go for the Eyes","floor":1.0},{"not_picked":["Panic Button","BasicCrystalCard","Leap"],"picked":"SKIP","floor":3.0},{"not_picked":["Streamline","Stack"],"picked":"Gash","floor":5.0},{"not_picked":["Defragment","Capacitor"],"picked":"Hologram","floor":7.0},{"not_picked":["Barrage","Panic Button","Force Field"],"picked":"SKIP","floor":11.0},{"not_picked":["Steam","Barrage"],"picked":"Hologram","floor":13.0},{"not_picked":["Redo","Fusion"],"picked":"Scrape","floor":14.0},{"not_picked":["Core Surge","hubris:SpecializedCircuitry"],"picked":"All For One","floor":16},{"not_picked":["Static Discharge","Double Energy+1","Sweeping Beam"],"picked":"SKIP","floor":18},{"not_picked":["Doom and Gloom+1","Go for the Eyes","Stack"],"picked":"SKIP","floor":19},{"not_picked":["Turbo","Rebound","Force Field+1"],"picked":"SKIP","floor":22},{"not_picked":["Rip and Tear+1","Storm+1","Go for the Eyes"],"picked":"SKIP","floor":24},{"not_picked":["Rip and Tear+1","Storm+1","Go for the Eyes"],"picked":"SKIP","floor":24},{"not_picked":["Redo","Turbo+1"],"picked":"Scrape","floor":27},{"not_picked":["FIFO Queue","BasicCrystalCard+1","Blizzard"],"picked":"SKIP","floor":29},{"not_picked":["Consume","Steam+1","Go for the Eyes+1"],"picked":"SKIP","floor":30},{"not_picked":["Stack","Coolheaded"],"picked":"Hologram","floor":31}],"player_experience":575478,"relics_obtained":[{"floor":9.0,"key":"Ice Cream"},{"floor":11.0,"key":"The Courier"},{"floor":13.0,"key":"vexMod:PlasmaPancake"},{"floor":17,"key":"ReplayTheSpireMod:Lightbulb"},{"floor":17,"key":"hubris:CrystalStatue"},{"floor":17,"key":"Girya"},{"floor":24,"key":"Replay:Bandana"},{"floor":26,"key":"Quantum Egg"}],"event_choices":[{"damage_healed":0,"gold_gain":0,"player_choice":"Ignored","damage_taken":0,"max_hp_gain":0,"max_hp_loss":0,"event_name":"betterNote:BetterNote","floor":21,"gold_loss":0,"cards_obtained":["ReplayTheSpireMod:Scrap Shanks"]}],"is_beta":false,"boss_relics":[{"not_picked":["construct:ClawGrip","ReplayTheSpireMod:SealedPack"],"picked":"Calling Bell"}],"items_purged_floors":[20],"is_endless":false,"potions_floor_spawned":[1,3,5,14,16,22,27,31],"killed_by":"Champ","ascension_level":0}}