{"host":"fevvm7bbzuh4s1jc","time":1608578734,"event":{"mods":["BaseMod","Highlight Path","Minty Spire (QoL Compilation)","Relic Stats"],"gold_per_floor":[111,111,36,49,63,63,92,92,92,92,127,146,146,156,156,233,233,248,263,278,128,138,138,166,166,166,182,21,21,21],"floor_reached":29,"playtime":1352,"items_purged":["Strike_G"],"score":560,"play_id":"01142607-a95b-4cc6-8304-1ab87d0af531","local_time":"20201221142534","is_ascension_mode":true,"campfire_choices":[{"data":"Skewer","floor":6,"key":"SMITH"},{"data":"Blade Dance","floor":8,"key":"SMITH"},{"data":"All Out Attack","floor":13,"key":"SMITH"},{"floor":15,"key":"REST"},{"data":"A Thousand Cuts","floor":23,"key":"SMITH"},{"floor":25,"key":"REST"}],"circlet_count":0,"master_deck":["AscendersBane","Strike_G","Strike_G","Defend_G","Defend_G","Defend_G","Defend_G","Defend_G","Survivor","Neutralize","Quick Slash+1","Skewer+1","Blade Dance+1","All Out Attack+1","Deflect","A Thousand Cuts+1","Quick Slash+1","Noxious Fumes","Leg Sweep","Backstab","Leg Sweep"],"relics":["Ring of the Snake","Turnip","Mercury Hourglass","HornCleat","Bronze Scales","SlaversCollar","Dream Catcher","DollysMirror"],"acts_visited":["Exordium","TheCity"],"potions_floor_usage":[7,16,19,22,24],"damage_taken":[{"damage":0,"enemies":"2 Louse","floor":1,"turns":3},{"damage":7,"enemies":"Jaw Worm","floor":4,"turns":6},{"damage":1,"enemies":"Cultist","floor":5,"turns":3},{"damage":0,"enemies":"Gremlin Nob","floor":7,"turns":3},{"damage":21,"enemies":"Lagavulin","floor":11,"turns":6},{"damage":1,"enemies":"Lots of Slimes","floor":12,"turns":2},{"damage":0,"enemies":"Gremlin Gang","floor":14,"turns":2},{"damage":4,"enemies":"Slime Boss","floor":16,"turns":7},{"damage":5,"enemies":"Shell Parasite","floor":18,"turns":5},{"damage":11,"enemies":"2 Thieves","floor":19,"turns":2},{"damage":17,"enemies":"Cultist and Chosen","floor":20,"turns":5},{"damage":4,"enemies":"Snake Plant","floor":22,"turns":3},{"damage":5,"enemies":"Book of Stabbing","floor":24,"turns":4},{"damage":30,"enemies":"Centurion and Healer","floor":27,"turns":9},{"damage":8,"enemies":"Gremlin Leader","floor":29,"turns":3}],"seed_played":"3712452864556363624","potions_obtained":[{"floor":4,"key":"ColorlessPotion"},{"floor":11,"key":"FearPotion"},{"floor":14,"key":"FearPotion"},{"floor":16,"key":"Weak Potion"},{"floor":20,"key":"CultistPotion"},{"floor":22,"key":"SkillPotion"},{"floor":27,"key":"Fire Potion"}],"is_trial":false,"path_per_floor":["M","?","?","M","M","R","E","R","T","?","E","M","R","M","R","B",null,"M","M","M","$","M","R","E","R","T","M","$","E"],"character_chosen":"THE_SILENT","items_purchased":["Leg Sweep","DollysMirror"],"campfire_rested":2,"item_purchase_floors":[21,28],"current_hp_per_floor":[44,44,44,37,36,36,36,36,36,36,15,14,14,14,33,29,57,52,41,24,24,20,20,15,34,34,4,4,0,0],"gold":21,"neow_bonus":"ONE_RARE_RELIC","is_daily":false,"chose_seed":false,"campfire_upgraded":4,"win_rate":0.0,"timestamp":1608578734,"path_taken":["M","?","?","M","M","R","E","R","T","?","E","?","R","M","R","BOSS","M","M","?","$","M","R","E","R","T","M","$","E"],"items_purchased_type":["Card","Relic"],"build_version":"2020-12-13","purchased_purges":1,"victory":false,"max_hp_per_floor":[66,66,66,66,66,66,66,66,66,66,66,66,66,66,66,66,66,66,66,66,66,66,66,66,66,66,66,66,66,66],"relic_stats":{"Dream Catcher":1,"counters":[15,63],"Bronze Scales":[96],"Turnip":[8],"obtain_stats":[{"SlaversCollar":17,"Dream Catcher":24,"HornCleat":9,"DollysMirror":28,"Bronze Scales":11,"Turnip":0,"Ring of the Snake":0,"Mercury Hourglass":7},{"SlaversCollar":8,"Dream Catcher":13,"HornCleat":4,"DollysMirror":14,"Bronze Scales":5,"Turnip":0,"Ring of the Snake":0,"Mercury Hourglass":4},{"SlaversCollar":32,"Dream Catcher":51,"HornCleat":15,"DollysMirror":60,"Bronze Scales":21,"Turnip":0,"Ring of the Snake":0,"Mercury Hourglass":15}],"Ring of the Snake":[30],"Mercury Hourglass":[208]},"card_choices":[{"not_picked":["Well Laid Plans","Prepared"],"picked":"Quick Slash","floor":1},{"not_picked":["Deflect","Masterful Stab"],"picked":"Skewer","floor":4},{"not_picked":["Quick Slash","Deflect"],"picked":"Blade Dance","floor":5},{"not_picked":["Eviscerate","Distraction","Poisoned Stab"],"picked":"SKIP","floor":7},{"not_picked":["Escape Plan","Choke"],"picked":"All Out Attack","floor":11},{"not_picked":["Slice","Deadly Poison","Escape Plan"],"picked":"SKIP","floor":12},{"not_picked":["Caltrops","Dodge and Roll"],"picked":"Deflect","floor":14},{"not_picked":["Storm of Steel","Phantasmal Killer"],"picked":"A Thousand Cuts","floor":16},{"not_picked":["Deflect","Underhanded Strike"],"picked":"Quick Slash+1","floor":18},{"not_picked":["Poisoned Stab","Eviscerate","Sucker Punch"],"picked":"SKIP","floor":19},{"not_picked":["Sucker Punch","Bouncing Flask"],"picked":"Noxious Fumes","floor":20},{"not_picked":["Acrobatics","Outmaneuver","Blade Dance"],"picked":"SKIP","floor":22},{"not_picked":["Flechettes","Endless Agony","Acrobatics"],"picked":"SKIP","floor":24},{"not_picked":["Dash","Deadly Poison"],"picked":"Backstab","floor":27}],"player_experience":2563333,"relics_obtained":[{"floor":7,"key":"Mercury Hourglass"},{"floor":9,"key":"HornCleat"},{"floor":11,"key":"Bronze Scales"},{"floor":24,"key":"Dream Catcher"}],"event_choices":[{"damage_healed":0,"gold_gain":0,"player_choice":"Grow","damage_taken":0,"max_hp_gain":0,"max_hp_loss":0,"event_name":"Living Wall","floor":2,"gold_loss":0,"cards_upgraded":["Quick Slash"]},{"cards_removed":["Strike_G"],"damage_healed":0,"gold_gain":0,"player_choice":"Card Removal","damage_taken":0,"max_hp_gain":0,"max_hp_loss":0,"event_name":"The Cleric","floor":3,"gold_loss":75},{"cards_removed":["Strike_G"],"damage_healed":0,"gold_gain":0,"player_choice":"Offered Basic","damage_taken":0,"max_hp_gain":0,"max_hp_loss":0,"event_name":"Bonfire Elementals","floor":10,"gold_loss":0}],"is_beta":false,"boss_relics":[{"not_picked":["Fusion Hammer","Calling Bell"],"picked":"SlaversCollar"}],"items_purged_floors":[21],"is_endless":false,"potions_floor_spawned":[4,11,14,16,18,20,22,27],"killed_by":"Gremlin Leader","ascension_level":20}}