{"host":"i0avyit1s6jb1siw","time":1608563845,"event":{"mods":["BaseMod","DeckTracker","Dota2Spire","Highlight Path","Minty Spire (QoL Compilation)","Quick Restart","Replay The Spire","StSLib","SuperFastMode"],"gold_per_floor":[111,36,36,54,18,18,18,32,32,59,59,90,90,2,2,2,2],"floor_reached":16,"playtime":162,"items_purged":["Strike_R"],"score":192,"play_id":"4c13a3c0-5db4-44cb-b79f-0cc3d6c7e11a","local_time":"20201221161725","is_ascension_mode":true,"campfire_choices":[{"data":"Wild Strike","floor":6.0,"key":"SMITH"},{"data":"Flame Barrier","floor":11.0,"key":"SMITH"},{"data":"Pommel Strike","floor":13.0,"key":"SMITH"},{"data":"Inflame","floor":15.0,"key":"SMITH"}],"circlet_count":0,"master_deck":["AscendersBane","Strike_R","Strike_R","Strike_R","Strike_R","Defend_R","Defend_R","Defend_R","Defend_R","Bash+1","Flame Barrier+1","Wild Strike+1","Flex+1","Pommel Strike+1","Inflame+1"],"relics":["Burning Blood","NeowsBlessing","Ornamental Fan","Odd Mushroom","InkBottle"],"acts_visited":["Exordium"],"potions_floor_usage":[16],"damage_taken":[{"damage":0.0,"enemies":"2 Louse","floor":1.0,"turns":1.0},{"damage":0.0,"enemies":"Cultist","floor":4.0,"turns":1.0},{"damage":0.0,"enemies":"Jaw Worm","floor":8.0,"turns":1.0},{"damage":30.0,"enemies":"The Mushroom Lair","floor":10.0,"turns":6.0},{"damage":26.0,"enemies":"Lagavulin","floor":12.0,"turns":4.0},{"damage":31,"enemies":"The Guardian","floor":16,"turns":9}],"seed_played":"-441598439913802242","potions_obtained":[{"floor":1.0,"key":"Elixir"},{"floor":8.0,"key":"Weak Potion"}],"is_trial":false,"path_per_floor":["M","$","?","M","$","R","$","M","T","?","R","E","R","$","R","B"],"character_chosen":"IRONCLAD","items_purchased":["Flex+1","Inflame"],"campfire_rested":0,"item_purchase_floors":[5,14],"current_hp_per_floor":[74,74,74,75,75,75,75,75,75,51,51,31,31,31,31,0,0],"gold":2,"neow_bonus":"THREE_ENEMY_KILL","is_daily":false,"chose_seed":false,"campfire_upgraded":4,"win_rate":0.0,"timestamp":1608563845,"path_taken":["M","$","?","M","?","R","?","M","T","?","R","E","R","?","R","BOSS"],"items_purchased_type":["Card","Card"],"build_version":"2020-12-13","purchased_purges":1,"victory":false,"max_hp_per_floor":[75,75,75,75,75,75,75,75,75,75,75,75,75,75,75,75,75],"card_choices":[{"not_picked":["Anger","Twin Strike"],"picked":"Flame Barrier","floor":1.0},{"not_picked":["Twin Strike","Flex"],"picked":"Wild Strike","floor":4.0},{"not_picked":["Warcry","Combust","Abandon"],"picked":"SKIP","floor":8.0},{"not_picked":["Power Through","ReplayTheSpireMod:Corrosion Curse"],"picked":"Pommel Strike","floor":12.0}],"player_experience":2094248,"relics_obtained":[{"floor":9.0,"key":"Ornamental Fan"},{"floor":10.0,"key":"Odd Mushroom"},{"floor":12.0,"key":"InkBottle"}],"event_choices":[{"damage_healed":0.0,"max_hp_gain":0.0,"max_hp_loss":0.0,"gold_gain":0.0,"event_name":"Upgrade Shrine","player_choice":"Upgraded","floor":3.0,"gold_loss":0.0,"damage_taken":0.0,"cards_upgraded":["Bash"]},{"damage_healed":0.0,"max_hp_gain":0.0,"max_hp_loss":0.0,"gold_gain":0.0,"event_name":"Mushrooms","player_choice":"Fought Mushrooms","floor":10.0,"gold_loss":0.0,"damage_taken":0.0}],"is_beta":false,"boss_relics":[],"items_purged_floors":[2],"is_endless":false,"potions_floor_spawned":[1,8],"killed_by":"The Guardian","ascension_level":20}}