{"host":"igi9xpgoc000gxf5","time":1608587341,"event":{"mods":["BaseMod","Colored Powertips","Downfall","Googly Eyes","Minty Spire (QoL Compilation)","StSLib"],"gold_per_floor":[99,99,24,44,62,100,180,20,46,46,46,74,96,124,145,252,252,252,270,10,30,30,30,56,56,87,87,87,106,106,106,124,225,225,225,246,45,95,95,95,143,171,190,231,32,32,32,32,56,56],"floor_reached":51,"playtime":3421,"items_purged":[],"score":745,"play_id":"4ddb983c-6fd6-4282-bcea-b4bc72a195d1","local_time":"20201221224901","is_ascension_mode":false,"campfire_choices":[{"floor":1,"key":"RECALL"},{"data":"hexamod:Float","floor":3,"key":"SMITH"},{"floor":10,"key":"REST"},{"data":"hexamod:GiftsFromTheDead","floor":18,"key":"SMITH"},{"data":"hexamod:CatchUp","floor":22,"key":"SMITH"},{"data":"hexamod:PhantomCloak","floor":25,"key":"SMITH"},{"floor":27,"key":"REST"},{"data":"hexamod:SkipABeat","floor":35,"key":"SMITH"},{"data":"hexamod:CrushingStance","floor":39,"key":"SMITH"}],"circlet_count":0,"master_deck":["hexamod:Strike","hexamod:Strike+1","hexamod:Strike+1","hexamod:Strike","hexamod:Defend","hexamod:Defend","hexamod:Defend","hexamod:Defend","hexamod:Sear","hexamod:Float+1","hexamod:ThermalTransfer","hexamod:SecondSeal","hexamod:DynamicBlow+1","hexamod:CatchUp+1","hexamod:HeatMetal","hexamod:SwordOfDarkness","hexamod:ThirdSeal","hexamod:ShieldOfDarkness","hexamod:DynamicBlow","hexamod:GiftsFromTheDead+1","hexamod:FifthSeal","CurseOfTheBell","hexamod:FirstSeal","hexamod:PhantomCloak+1","hexamod:SpectersWail","hexamod:Firestarter","hexamod:ShieldOfDarkness+1","hexamod:ShieldOfDarkness+1","hexamod:ThirdSeal","hexamod:NightmareGuise","hexamod:NightmareGuise+1","hexamod:Incineration","RitualDagger+1","hexamod:SkipABeat+1","hexamod:GhostOfSpireFuture+1","Shame","hexamod:RadiantFlame+1","hexamod:FourthSeal","hexamod:CrushingStance+1","hexamod:SixthSeal","hexamod:HeatCrush+1","hexamod:FirstSeal","hexamod:Firestarter","hexamod:SwordOfDarkness+1","hexamod:SkipABeat+1","hexamod:SixthSeal","hexamod:BurningTouch+1","hexamod:PhantomFireball+1","hexamod:InspiringFlames+1","hexamod:Hexaguard+1","hexamod:FirstSeal","hexamod:FourthSeal","hexamod:CrushingStance","hexamod:GhostLash+1","hexamod:TimeOfNeed","hexamod:FlamesFromBeyond","hexamod:SpectralAdrenaline","hexamod:HauntingEcho+1","hexamod:SecondSeal","hexamod:SuperheatedStrike","hexamod:SpectersWail+1","hexamod:ExtraCrispy","hexamod:FirstSeal","hexamod:StepThrough+1","hexamod:SpectersWail+1"],"relics":["hexamod:SpiritBrand","Art of War","downfall:HeartBlessingRed","Lantern","Pantograph","Toolbox","Kunai","Calling Bell","Happy Flower","Letter Opener","Mango","Matryoshka","StrikeDummy","Vajra","Bird Faced Urn","hexamod:SoulConsumer","MutagenicStrength","Philosopher\u0027s Stone","Sling","Prayer Wheel","Pen Nib","Anchor","Dream Catcher","ClockworkSouvenir"],"acts_visited":["Exordium","TheCity","TheBeyond"],"potions_floor_usage":[6,12,16,16,19,19,26,26,33,33,33,45,45,50,50,50],"damage_taken":[{"damage":3,"enemies":"2 Louse","floor":4,"turns":3},{"damage":0,"enemies":"Cultist","floor":5,"turns":4},{"damage":27,"enemies":"3 Sentries","floor":6,"turns":8},{"damage":0,"enemies":"downfall:FleeingMerchant","floor":8,"turns":4},{"damage":0,"enemies":"Small Slimes","floor":9,"turns":3},{"damage":1,"enemies":"Blue Slaver","floor":12,"turns":2},{"damage":6,"enemies":"3 Louse","floor":13,"turns":3},{"damage":13,"enemies":"2 Fungi Beasts","floor":14,"turns":3},{"damage":6,"enemies":"Exordium Wildlife","floor":15,"turns":3},{"damage":6,"enemies":"downfall:Watcher","floor":16,"turns":6},{"damage":6,"enemies":"Chosen","floor":19,"turns":5},{"damage":9,"enemies":"downfall:FleeingMerchant","floor":20,"turns":4},{"damage":20,"enemies":"Spheric Guardian","floor":21,"turns":6},{"damage":38,"enemies":"Slavers","floor":26,"turns":5},{"damage":10,"enemies":"Snake Plant","floor":29,"turns":3},{"damage":0,"enemies":"Centurion and Healer","floor":32,"turns":6},{"damage":54,"enemies":"downfall:Silent","floor":33,"turns":7},{"damage":2,"enemies":"Orb Walker","floor":36,"turns":3},{"damage":7,"enemies":"downfall:FleeingMerchant","floor":37,"turns":4},{"damage":34,"enemies":"Mind Bloom Boss Battle","floor":38,"turns":6},{"damage":51,"enemies":"3 Darklings","floor":42,"turns":9},{"damage":36,"enemies":"Sphere and 2 Shapes","floor":43,"turns":6},{"damage":89,"enemies":"Giant Head","floor":44,"turns":9},{"damage":29,"enemies":"downfall:FleeingMerchant","floor":45,"turns":4},{"damage":6,"enemies":"Writhing Mass","floor":49,"turns":4},{"damage":25,"enemies":"downfall:Defect","floor":50,"turns":6}],"seed_played":"-4287481951271452589","potions_obtained":[{"floor":2,"key":"champ:CounterPotion"},{"floor":2,"key":"Dexterity Potion"},{"floor":2,"key":"FearPotion"},{"floor":5,"key":"Energy Potion"},{"floor":9,"key":"DistilledChaos"},{"floor":13,"key":"EntropicBrew"},{"floor":16,"key":"LiquidBronze"},{"floor":28,"key":"CultistPotion"},{"floor":29,"key":"PowerPotion"},{"floor":33,"key":"EssenceOfSteel"},{"floor":42,"key":"FairyPotion"},{"floor":43,"key":"DuplicationPotion"},{"floor":44,"key":"hexamod:DoubleChargePotion"},{"floor":44,"key":"hexamod:EctoCoolerPotion"},{"floor":45,"key":"SmokeBomb"},{"floor":45,"key":"EssenceOfSteel"},{"floor":49,"key":"ColorlessPotion"}],"is_trial":false,"path_per_floor":["R","?","R","M","M","E","T","$","M","R","?","M","M","M","M","B",null,"R","M","$","M","R","?","T","R","E","R","?","M","?","?","M","B",null,"R","M","$","?","R","?","T","M","M","E","$","?","?","?","M","B",null],"character_chosen":"THE_SPIRIT","items_purchased":["Toolbox","Matryoshka","Sling","hexamod:SkipABeat","ClockworkSouvenir","hexamod:ExtraCrispy"],"campfire_rested":2,"item_purchase_floors":[8,20,37,37,45,45],"current_hp_per_floor":[70,70,70,67,67,40,40,40,40,61,54,53,47,34,28,47,84,84,78,76,63,63,84,84,84,53,78,78,72,72,72,84,43,84,84,84,84,72,72,72,72,59,59,36,30,73,66,66,73,54],"gold":56,"neow_bonus":"RANDOM_COMMON_RELIC","is_daily":false,"chose_seed":false,"campfire_upgraded":6,"win_rate":0.0,"timestamp":1608587341,"path_taken":["R","?","R","M","?","E","T","$","M","R","?","M","M","M","M","BOSS","R","M","$","M","R","?","T","R","E","R","?","M","?","?","M","BOSS","R","M","$","?","R","?","T","?","M","E","$","?","?","?","M","BOSS"],"items_purchased_type":["Relic","Relic","Relic","Card","Relic","Card"],"build_version":"2020-12-13","purchased_purges":0,"victory":true,"max_hp_per_floor":[70,70,70,70,70,70,70,70,70,70,70,70,70,70,70,70,84,84,84,84,84,84,84,84,84,84,84,84,84,84,84,84,84,84,84,84,84,84,84,84,84,84,84,84,84,73,73,73,73,73],"card_choices":[{"not_picked":["hexamod:SpectralAdrenaline","hexamod:GhostOfSpireFuture"],"picked":"hexamod:ThermalTransfer","floor":4},{"not_picked":["hexamod:FastForward","hexamod:PowerFromBeyond"],"picked":"hexamod:SecondSeal","floor":5},{"not_picked":["hexamod:GhostShield","hexamod:FastForward"],"picked":"hexamod:DynamicBlow","floor":6},{"not_picked":["hexamod:RetreatToShadows","hexamod:FastForward"],"picked":"hexamod:CatchUp","floor":8},{"not_picked":["hexamod:ThermalTransfer","hexamod:NightmareStrike"],"picked":"hexamod:HeatMetal","floor":9},{"not_picked":["hexamod:Toasty","hexamod:GhostShield"],"picked":"hexamod:SwordOfDarkness","floor":12},{"not_picked":["hexamod:RetreatToShadows","hexamod:GhostOfSpirePast","hexamod:Rewind"],"picked":"SKIP","floor":13},{"not_picked":["hexamod:FlamesFromBeyond","hexamod:NightmareStrike"],"picked":"hexamod:ThirdSeal","floor":14},{"not_picked":["hexamod:PowerFromBeyond","hexamod:SwordOfDarkness"],"picked":"hexamod:ShieldOfDarkness","floor":15},{"not_picked":["hexamod:HauntingEcho","hexamod:GhostLash"],"picked":"hexamod:DynamicBlow","floor":15},{"not_picked":["hexamod:TurnItUp","hexamod:TimeWarp"],"picked":"hexamod:GiftsFromTheDead","floor":16},{"not_picked":["hexamod:TimeWarp","hexamod:TimeOfNeed"],"picked":"hexamod:FifthSeal","floor":16},{"not_picked":["hexamod:FourthSeal","hexamod:SixthSeal"],"picked":"hexamod:FirstSeal","floor":19},{"not_picked":["hexamod:ShieldOfDarkness","hexamod:NightmareStrike"],"picked":"hexamod:PhantomCloak","floor":19},{"not_picked":["hexamod:GhostflameBarrier","hexamod:NightmareStrike"],"picked":"hexamod:SpectersWail","floor":19},{"not_picked":["hexamod:SuperheatedStrike+1","hexamod:CrushingStance"],"picked":"hexamod:Firestarter","floor":20},{"not_picked":["hexamod:RainOfEmbers","hexamod:ParanormalForm"],"picked":"hexamod:ShieldOfDarkness+1","floor":20},{"not_picked":["hexamod:RetreatToShadows","hexamod:InspiringFlames"],"picked":"hexamod:ShieldOfDarkness+1","floor":21},{"not_picked":["hexamod:BurningTouch+1","hexamod:GhostOfSpireFuture+1"],"picked":"hexamod:ThirdSeal","floor":21},{"not_picked":["hexamod:HeatShield","hexamod:SwordOfDarkness"],"picked":"hexamod:NightmareGuise","floor":26},{"not_picked":["hexamod:Haunt","hexamod:AdvancingGuard"],"picked":"hexamod:NightmareGuise","floor":26},{"not_picked":["hexamod:GhostShield+1","hexamod:InspiringFlames+1"],"picked":"hexamod:Incineration","floor":26},{"not_picked":["hexamod:Incineration","hexamod:Firestarter"],"picked":"hexamod:SkipABeat","floor":29},{"not_picked":["hexamod:NightmareStrike","hexamod:GhostOfSpirePresent"],"picked":"hexamod:GhostOfSpireFuture+1","floor":29},{"not_picked":["hexamod:FlamesFromBeyond","hexamod:PhantomCloak"],"picked":"hexamod:RadiantFlame+1","floor":32},{"not_picked":["hexamod:HexaLevel","hexamod:HeatShield"],"picked":"hexamod:FourthSeal","floor":32},{"not_picked":["hexamod:ParanormalForm","hexamod:TurnItUp"],"picked":"hexamod:CrushingStance","floor":33},{"not_picked":["hexamod:CrushingStance","hexamod:EmpoweringStance"],"picked":"hexamod:SixthSeal","floor":33},{"not_picked":["hexamod:ThermalTransfer+1","hexamod:Hexaguard"],"picked":"hexamod:HeatCrush+1","floor":36},{"not_picked":["hexamod:SecondSeal","hexamod:SixthSeal"],"picked":"hexamod:FirstSeal","floor":37},{"not_picked":["hexamod:TimeWarp","hexamod:ShieldOfDarkness+1"],"picked":"hexamod:Firestarter","floor":37},{"not_picked":["hexamod:EmpoweredFlame+1","hexamod:ShieldOfDarkness+1"],"picked":"hexamod:SwordOfDarkness+1","floor":37},{"not_picked":["hexamod:SecondSeal","hexamod:FirstSeal"],"picked":"hexamod:SixthSeal","floor":38},{"not_picked":["hexamod:GhostLash","hexamod:FastForward+1"],"picked":"hexamod:BurningTouch+1","floor":38},{"not_picked":["hexamod:SearingWound","hexamod:HauntingEcho"],"picked":"hexamod:PhantomFireball+1","floor":38},{"not_picked":["hexamod:GhostLash+1","hexamod:ShieldOfDarkness+1"],"picked":"hexamod:InspiringFlames+1","floor":42},{"not_picked":["hexamod:AdvancingGuard+1","hexamod:NightmareGuise"],"picked":"hexamod:Hexaguard+1","floor":42},{"not_picked":["hexamod:RetreatToShadows+1","hexamod:NightmareStrike"],"picked":"hexamod:FirstSeal","floor":42},{"not_picked":["hexamod:NightmareGuise+1","hexamod:SpectersWail+1"],"picked":"hexamod:FourthSeal","floor":42},{"not_picked":["hexamod:BurningTouch","hexamod:BacktrackSmack"],"picked":"hexamod:CrushingStance","floor":43},{"not_picked":["hexamod:NightmareStrike+1","hexamod:RainOfEmbers+1"],"picked":"hexamod:GhostLash+1","floor":43},{"not_picked":["hexamod:HeatCrush","hexamod:SwordOfDarkness+1"],"picked":"hexamod:TimeOfNeed","floor":43},{"not_picked":["hexamod:SwordOfDarkness","hexamod:Firestarter"],"picked":"hexamod:FlamesFromBeyond","floor":43},{"not_picked":["hexamod:RetreatToShadows","hexamod:VolcanoVisage"],"picked":"hexamod:SpectralAdrenaline","floor":44},{"not_picked":["hexamod:NightmareStrike+1","hexamod:GhostShield"],"picked":"hexamod:HauntingEcho+1","floor":44},{"not_picked":["hexamod:ThirdSeal","hexamod:FourthSeal"],"picked":"hexamod:SecondSeal","floor":45},{"not_picked":["hexamod:Incineration+1","hexamod:GiftsFromTheDead"],"picked":"hexamod:SuperheatedStrike","floor":45},{"not_picked":["hexamod:StepThrough","hexamod:ShieldOfDarkness+1"],"picked":"hexamod:SpectersWail+1","floor":45},{"not_picked":["hexamod:DynamicBlow+1","hexamod:Haunt"],"picked":"hexamod:StepThrough+1","floor":49},{"not_picked":["hexamod:AdvancingGuard+1","hexamod:ThermalTransfer+1"],"picked":"hexamod:SpectersWail+1","floor":49}],"player_experience":885861,"relics_obtained":[{"floor":6,"key":"Lantern"},{"floor":7,"key":"Pantograph"},{"floor":17,"key":"Happy Flower"},{"floor":17,"key":"Letter Opener"},{"floor":17,"key":"Mango"},{"floor":24,"key":"StrikeDummy"},{"floor":24,"key":"Vajra"},{"floor":26,"key":"Bird Faced Urn"},{"floor":38,"key":"Prayer Wheel"},{"floor":41,"key":"Pen Nib"},{"floor":41,"key":"Anchor"},{"floor":44,"key":"Dream Catcher"}],"event_choices":[{"damage_healed":0,"gold_gain":0,"player_choice":"Got Potions","damage_taken":0,"max_hp_gain":0,"max_hp_loss":0,"event_name":"Lab","floor":2,"gold_loss":0},{"damage_healed":0,"gold_gain":0,"player_choice":"Success","damage_taken":7,"relics_obtained":["Kunai"],"max_hp_gain":0,"max_hp_loss":0,"event_name":"Scrap Ooze","floor":11,"gold_loss":0},{"damage_healed":28,"gold_gain":0,"player_choice":"Heal","damage_taken":0,"max_hp_gain":0,"max_hp_loss":0,"event_name":"The Library","floor":23,"gold_loss":0},{"damage_healed":0,"gold_gain":0,"player_choice":"Stole Relic","damage_taken":0,"relics_obtained":["hexamod:SoulConsumer"],"max_hp_gain":0,"max_hp_loss":0,"event_name":"Addict","floor":30,"gold_loss":0,"cards_obtained":["Shame"]},{"damage_healed":0,"gold_gain":0,"player_choice":"Inject Mutagens","damage_taken":0,"relics_obtained":["MutagenicStrength"],"max_hp_gain":0,"max_hp_loss":0,"event_name":"Drug Dealer","floor":31,"gold_loss":0},{"damage_healed":0,"gold_gain":0,"player_choice":"Forge","damage_taken":0,"max_hp_gain":0,"max_hp_loss":0,"event_name":"Accursed Blacksmith","floor":40,"gold_loss":0,"cards_upgraded":["hexamod:SkipABeat"]},{"damage_healed":0,"gold_gain":0,"player_choice":"Ignored","damage_taken":0,"max_hp_gain":0,"max_hp_loss":0,"event_name":"Mysterious Sphere","floor":48,"gold_loss":0}],"is_beta":false,"boss_relics":[{"not_picked":["Tiny House","Busted Crown"],"picked":"Calling Bell"},{"not_picked":["Empty Cage","Coffee Dripper"],"picked":"Philosopher\u0027s Stone"}],"items_purged_floors":[],"is_endless":false,"potions_floor_spawned":[5,9,13,16,29,32,49],"ascension_level":0}}