{"host":"c2vrdknshfutmcsq","time":1608540618,"event":{"mods":["BaseMod","Minty Spire (QoL Compilation)"],"gold_per_floor":[116,116,132,143,143,174,29,61,88,99,99,99],"floor_reached":11,"playtime":570,"items_purged":[],"score":145,"play_id":"395e0788-f20d-4770-a751-a092aa272a2a","local_time":"20201221095018","is_ascension_mode":true,"campfire_choices":[],"circlet_count":0,"master_deck":["AscendersBane","Strike_B","Strike_B","Strike_B","Defend_B","Defend_B","Defend_B","Defend_B","Zap","Dualcast+1","Genetic Algorithm","Reinforced Body","Leap","Go for the Eyes","Rip and Tear","Barrage"],"relics":["Cracked Core","NeowsBlessing","Orichalcum","Pen Nib","DataDisk","Akabeko"],"acts_visited":["Exordium"],"potions_floor_usage":[11],"damage_taken":[{"damage":0.0,"enemies":"2 Louse","floor":1.0,"turns":1.0},{"damage":0.0,"enemies":"Cultist","floor":3.0,"turns":1.0},{"damage":0.0,"enemies":"Small Slimes","floor":4.0,"turns":1.0},{"damage":29.0,"enemies":"3 Sentries","floor":6.0,"turns":12.0},{"damage":20.0,"enemies":"Gremlin Nob","floor":8.0,"turns":6.0},{"damage":0.0,"enemies":"2 Fungi Beasts","floor":10.0,"turns":2.0},{"damage":14,"enemies":"Lagavulin","floor":11,"turns":6}],"seed_played":"3461130163214812977","potions_obtained":[{"floor":4.0,"key":"BlessingOfTheForge"},{"floor":6.0,"key":"SkillPotion"},{"floor":10.0,"key":"GamblersBrew"}],"is_trial":false,"path_per_floor":["M","?","M","M","?","E","$","E","T","M","E"],"character_chosen":"DEFECT","items_purchased":["Pen Nib"],"campfire_rested":0,"item_purchase_floors":[7],"current_hp_per_floor":[64,64,64,64,64,35,35,15,15,15,1,1],"gold":99,"neow_bonus":"THREE_ENEMY_KILL","is_daily":false,"chose_seed":false,"campfire_upgraded":0,"win_rate":0.0,"timestamp":1608540618,"path_taken":["M","?","M","?","?","E","$","E","T","M","E"],"items_purchased_type":["Relic"],"build_version":"2020-12-13","purchased_purges":0,"victory":false,"max_hp_per_floor":[71,71,71,71,71,71,71,71,71,71,71,71],"card_choices":[{"not_picked":["Streamline","Rebound"],"picked":"Genetic Algorithm","floor":1.0},{"not_picked":["Sweeping Beam","Gash"],"picked":"Reinforced Body","floor":3.0},{"not_picked":["Coolheaded","Cold Snap"],"picked":"Leap","floor":4.0},{"not_picked":["Consume","Cold Snap"],"picked":"Go for the Eyes","floor":6.0},{"not_picked":["Sweeping Beam","Lockon"],"picked":"Rip and Tear","floor":8.0},{"not_picked":["Skim","Redo"],"picked":"Barrage","floor":10.0}],"player_experience":1187736,"relics_obtained":[{"floor":6.0,"key":"Orichalcum"},{"floor":8.0,"key":"DataDisk"},{"floor":9.0,"key":"Akabeko"}],"event_choices":[{"cards_removed":["Strike_B"],"damage_healed":0.0,"max_hp_gain":0.0,"max_hp_loss":0.0,"gold_gain":0.0,"event_name":"Bonfire Elementals","player_choice":"Offered Basic","floor":2.0,"gold_loss":0.0,"damage_taken":0.0},{"damage_healed":0.0,"max_hp_gain":0.0,"max_hp_loss":0.0,"gold_gain":0.0,"event_name":"Living Wall","player_choice":"Grow","floor":5.0,"gold_loss":0.0,"damage_taken":0.0,"cards_upgraded":["Dualcast"]}],"is_beta":false,"boss_relics":[],"items_purged_floors":[],"is_endless":false,"potions_floor_spawned":[4,6,10],"killed_by":"Lagavulin","ascension_level":15}}