{"host":"y76clbnovzmw9ubx","time":1608528399,"event":{"mods":["AchievementEnabler","BaseMod","Minty Spire (QoL Compilation)","Permanent Neow","Relic Stats"],"gold_per_floor":[110,122,146,159,174,174,205,205,231,267,267,277,17,100,100,279,342,421,421,491,563,610,644,729,100,100,205,205,22,22,51,51,214,214,283,335,335,435,494,593,693,693,716,716,771,771,877,947,947,947,947,947,507,557,557,557],"floor_reached":55,"playtime":4562,"items_purged":["Strike_P","PathToVictory","FollowUp"],"score":1144,"play_id":"010f4ced-1979-4a82-a486-8760af2da22a","local_time":"20201221002639","is_ascension_mode":true,"campfire_choices":[{"data":"TalkToTheHand","floor":6.0,"key":"SMITH"},{"data":"BattleHymn","floor":8.0,"key":"SMITH"},{"data":"Eruption","floor":11.0,"key":"SMITH"},{"data":"HandOfGreed","floor":15.0,"key":"SMITH"},{"data":"Devotion","floor":28.0,"key":"PURGE"},{"data":"Indignation","floor":30.0,"key":"PURGE"},{"floor":32.0,"key":"REST"},{"floor":42.0,"key":"REST"},{"floor":46.0,"key":"REST"},{"floor":49,"key":"RECALL"},{"floor":52,"key":"REST"}],"circlet_count":0,"master_deck":["Eruption+1","Vigilance","TalkToTheHand+1","Wireheading","EmptyMind","BattleHymn+1","Protect","TalkToTheHand+1","HandOfGreed+1","Wireheading","Wish","SandsOfTime+1","DeusExMachina","MentalFortress","ClearTheMind+1","Crescendo","Protect+1","WheelKick+1","LikeWater+1","Apotheosis","MentalFortress","TalkToTheHand","Wallop","TalkToTheHand","Scrawl","FlurryOfBlows+1","Wireheading","EmptyFist+1","Tantrum+1","TalkToTheHand"],"relics":["HolyWater","Potion Belt","Toy Ornithopter","CeramicFish","Akabeko","CloakClasp","Pandora\u0027s Box","Bronze Scales","Red Mask","TheAbacus","Peace Pipe","MealTicket","CaptainsWheel","Whetstone","Oddly Smooth Stone","Dream Catcher","Membership Card","Pantograph","Orichalcum"],"acts_visited":["Exordium","TheCity","TheBeyond","TheEnding"],"potions_floor_usage":[50,50,50,50,55,55],"damage_taken":[{"damage":0.0,"enemies":"Cultist","floor":1.0,"turns":3.0},{"damage":0.0,"enemies":"Jaw Worm","floor":2.0,"turns":3.0},{"damage":0.0,"enemies":"2 Louse","floor":4.0,"turns":1.0},{"damage":14.0,"enemies":"Exordium Thugs","floor":5.0,"turns":6.0},{"damage":12.0,"enemies":"Lagavulin","floor":7.0,"turns":7.0},{"damage":7.0,"enemies":"Gremlin Nob","floor":10.0,"turns":3.0},{"damage":0.0,"enemies":"Lots of Slimes","floor":12.0,"turns":2.0},{"damage":15.0,"enemies":"3 Sentries","floor":14.0,"turns":8.0},{"damage":18.0,"enemies":"Slime Boss","floor":16.0,"turns":10.0},{"damage":14.0,"enemies":"Spheric Guardian","floor":18.0,"turns":5.0},{"damage":2.0,"enemies":"Chosen","floor":20.0,"turns":6.0},{"damage":28.0,"enemies":"Snake Plant","floor":21.0,"turns":3.0},{"damage":11.0,"enemies":"Cultist and Chosen","floor":22.0,"turns":6.0},{"damage":17.0,"enemies":"Book of Stabbing","floor":23.0,"turns":6.0},{"damage":0.0,"enemies":"Masked Bandits","floor":24.0,"turns":4.0},{"damage":7.0,"enemies":"Slavers","floor":27.0,"turns":4.0},{"damage":8.0,"enemies":"3 Cultists","floor":31.0,"turns":4.0},{"damage":34.0,"enemies":"Collector","floor":33.0,"turns":10.0},{"damage":3.0,"enemies":"3 Shapes","floor":35.0,"turns":4.0},{"damage":7.0,"enemies":"Orb Walker","floor":36.0,"turns":2.0},{"damage":0.0,"enemies":"Mind Bloom Boss Battle","floor":38.0,"turns":4.0},{"damage":0.0,"enemies":"Transient","floor":39.0,"turns":5.0},{"damage":7.0,"enemies":"Giant Head","floor":40.0,"turns":11.0},{"damage":30.0,"enemies":"Jaw Worm Horde","floor":41.0,"turns":6.0},{"damage":23.0,"enemies":"Reptomancer","floor":45.0,"turns":7.0},{"damage":16.0,"enemies":"4 Shapes","floor":47.0,"turns":8.0},{"damage":11.0,"enemies":"3 Darklings","floor":48.0,"turns":5.0},{"damage":30,"enemies":"Awakened One","floor":50,"turns":9},{"damage":69,"enemies":"Shield and Spear","floor":54,"turns":10},{"damage":57,"enemies":"The Heart","floor":55,"turns":3}],"seed_played":"8179055749483396233","potions_obtained":[{"floor":0.0,"key":"StancePotion"},{"floor":0.0,"key":"DuplicationPotion"},{"floor":0.0,"key":"Explosive Potion"},{"floor":2.0,"key":"EntropicBrew"},{"floor":10.0,"key":"DuplicationPotion"},{"floor":14.0,"key":"Swift Potion"},{"floor":18.0,"key":"Explosive Potion"},{"floor":22.0,"key":"Dexterity Potion"},{"floor":23.0,"key":"GamblersBrew"},{"floor":24.0,"key":"Block Potion"},{"floor":27.0,"key":"AttackPotion"},{"floor":38.0,"key":"Fruit Juice"},{"floor":39.0,"key":"Weak Potion"},{"floor":45.0,"key":"BottledMiracle"},{"floor":47.0,"key":"CultistPotion"}],"is_trial":false,"path_per_floor":["M","M","T","M","M","R","E","R","T","E","R","M","$","E","R","B",null,"M","?","M","M","M","E","?","$","T","E","R","$","R","M","R","B",null,"M","M","T","?","M","E","M","R","T","?","E","R","M","M","R","B",null,"R","$","E","B"],"character_chosen":"WATCHER","items_purchased":["TalkToTheHand","HandOfGreed","TheAbacus","Apotheosis","Fire Potion","SteroidPotion","SneckoOil","MentalFortress","TalkToTheHand","Wallop","Membership Card","Pantograph","BottledMiracle","SkillPotion","SpeedPotion","TalkToTheHand"],"campfire_rested":4,"item_purchase_floors":[13,13,25,25,25,25,25,29,29,29,53,53,53,53,53,53],"current_hp_per_floor":[65,65,65,65,51,51,39,39,39,37,37,42,42,32,32,19,59,45,45,43,15,14,12,17,17,17,20,20,35,35,32,53,19,59,56,49,49,49,49,42,17,38,38,38,20,41,25,14,14,9,60,77,77,8,0,0],"gold":557,"neow_bonus":"THREE_SMALL_POTIONS","is_daily":false,"chose_seed":false,"campfire_upgraded":4,"win_rate":0.0,"timestamp":1608528399,"path_taken":["M","M","?","M","M","R","E","R","T","E","R","M","$","E","R","BOSS","M","?","M","?","M","E","?","?","T","E","R","$","R","M","R","BOSS","M","?","?","?","M","E","M","R","T","?","E","R","M","M","R","BOSS","R","$","E","BOSS"],"items_purchased_type":["Card","Card","Relic","Card","Potion","Potion","Potion","Card","Card","Card","Relic","Relic","Potion","Potion","Potion","Card"],"build_version":"2020-12-13","purchased_purges":3,"victory":false,"max_hp_per_floor":[72,72,72,72,72,72,72,72,72,72,72,72,72,72,72,72,72,72,72,72,72,72,72,72,72,72,72,72,72,72,72,72,72,72,72,72,72,72,72,72,72,72,72,72,72,72,72,72,72,77,77,77,77,77,77,77],"relic_stats":{"counters":[30,165],"CeramicFish":252,"CloakClasp":[613],"Whetstone":["SandsOfTime","TalkToTheHand"],"Orichalcum":[6],"Peace Pipe":2,"Dream Catcher":2,"TheAbacus":[144],"Bronze Scales":[348],"Pantograph":25,"Pandora\u0027s Box":["FollowUp","PathToVictory","SandsOfTime","DeusExMachina","MentalFortress","Indignation","Devotion"],"MealTicket":15,"obtain_stats":[{"Potion Belt":3,"CeramicFish":9,"Oddly Smooth Stone":43,"CloakClasp":14,"Whetstone":40,"Orichalcum":54,"Akabeko":10,"Peace Pipe":26,"CaptainsWheel":38,"Dream Catcher":45,"TheAbacus":25,"Bronze Scales":23,"Pantograph":53,"HolyWater":34,"Pandora\u0027s Box":17,"MealTicket":27,"Red Mask":24,"Membership Card":53,"PureWater":0,"Toy Ornithopter":7},{"Potion Belt":2,"CeramicFish":5,"Oddly Smooth Stone":24,"CloakClasp":8,"Whetstone":23,"Orichalcum":29,"Akabeko":6,"Peace Pipe":15,"CaptainsWheel":21,"Dream Catcher":25,"TheAbacus":15,"Bronze Scales":14,"Pantograph":28,"HolyWater":18,"Pandora\u0027s Box":9,"MealTicket":16,"Red Mask":15,"Membership Card":28,"PureWater":0,"Toy Ornithopter":5},{"Potion Belt":6,"CeramicFish":20,"Oddly Smooth Stone":123,"CloakClasp":33,"Whetstone":117,"Orichalcum":162,"Akabeko":23,"Peace Pipe":73,"CaptainsWheel":101,"Dream Catcher":130,"TheAbacus":73,"Bronze Scales":69,"Pantograph":152,"HolyWater":91,"Pandora\u0027s Box":43,"MealTicket":77,"Red Mask":73,"Membership Card":152,"PureWater":0,"Toy Ornithopter":20}],"Toy Ornithopter":105},"card_choices":[{"not_picked":["Weave","WreathOfFlame","CrushJoints"],"picked":"SKIP","floor":1.0},{"not_picked":["CrushJoints","Fasting2"],"picked":"TalkToTheHand","floor":2.0},{"not_picked":["Consecrate","PathToVictory"],"picked":"Wireheading","floor":4.0},{"not_picked":["CutThroughFate","ReachHeaven"],"picked":"EmptyMind","floor":5.0},{"not_picked":["Halt","Blasphemy"],"picked":"BattleHymn","floor":7.0},{"not_picked":["ClearTheMind","Halt"],"picked":"Protect","floor":10.0},{"not_picked":["Swivel","ThirdEye","JustLucky"],"picked":"SKIP","floor":12.0},{"not_picked":["ReachHeaven","CrushJoints"],"picked":"Wireheading","floor":14.0},{"not_picked":["Omniscience","ConjureBlade"],"picked":"Wish","floor":16.0},{"not_picked":["ThirdEye","Halt"],"picked":"ClearTheMind+1","floor":18.0},{"not_picked":["Collect+1","Prostrate+1"],"picked":"Crescendo","floor":20.0},{"not_picked":["BattleHymn","Collect"],"picked":"Protect+1","floor":21.0},{"not_picked":["Study","BowlingBash"],"picked":"WheelKick+1","floor":22.0},{"not_picked":["FollowUp+1","SashWhip"],"picked":"LikeWater+1","floor":23.0},{"not_picked":["JustLucky","EmptyBody","EmptyFist"],"picked":"SKIP","floor":27.0},{"not_picked":["Judgement","FlurryOfBlows"],"picked":"TalkToTheHand","floor":31.0},{"not_picked":["Establishment","SpiritShield"],"picked":"Scrawl","floor":33.0},{"not_picked":["WindmillStrike+1","Crescendo+1","PathToVictory+1"],"picked":"SKIP","floor":35.0},{"not_picked":["SashWhip","BowlingBash+1"],"picked":"FlurryOfBlows+1","floor":36.0},{"not_picked":["Halt+1","Protect"],"picked":"Wireheading","floor":39.0},{"not_picked":["Conclude","Sanctity+1"],"picked":"EmptyFist+1","floor":40.0},{"not_picked":["Collect","FearNoEvil","Pray"],"picked":"SKIP","floor":41.0},{"not_picked":["CrushJoints","Study","EmptyBody+1"],"picked":"SKIP","floor":45.0},{"not_picked":["EmptyMind","Consecrate"],"picked":"Tantrum+1","floor":47.0},{"not_picked":["ThirdEye","Crescendo+1","Protect"],"picked":"SKIP","floor":48.0},{"not_picked":["Prostrate","ForeignInfluence","Alpha"],"picked":"SKIP","floor":54}],"player_experience":2931057,"relics_obtained":[{"floor":3.0,"key":"Potion Belt"},{"floor":7.0,"key":"Toy Ornithopter"},{"floor":9.0,"key":"CeramicFish"},{"floor":10.0,"key":"Akabeko"},{"floor":14.0,"key":"CloakClasp"},{"floor":23.0,"key":"Bronze Scales"},{"floor":24.0,"key":"Red Mask"},{"floor":26.0,"key":"Peace Pipe"},{"floor":27.0,"key":"MealTicket"},{"floor":38.0,"key":"CaptainsWheel"},{"floor":40.0,"key":"Whetstone"},{"floor":43.0,"key":"Oddly Smooth Stone"},{"floor":45.0,"key":"Dream Catcher"},{"floor":54,"key":"Orichalcum"}],"event_choices":[{"damage_healed":0.0,"max_hp_gain":0.0,"max_hp_loss":0.0,"gold_gain":0.0,"event_name":"FaceTrader","player_choice":"Leave","floor":19.0,"gold_loss":0.0,"damage_taken":0.0},{"damage_healed":0.0,"max_hp_gain":0.0,"max_hp_loss":0.0,"gold_gain":0.0,"event_name":"Masked Bandits","player_choice":"Fought Bandits","floor":24.0,"gold_loss":0.0,"damage_taken":0.0},{"damage_healed":0.0,"max_hp_gain":0.0,"max_hp_loss":0.0,"gold_gain":0.0,"event_name":"MindBloom","player_choice":"Fight","floor":38.0,"gold_loss":0.0,"damage_taken":0.0},{"damage_healed":0.0,"max_hp_gain":0.0,"max_hp_loss":0.0,"gold_gain":0.0,"event_name":"SensoryStone","player_choice":"Memory 1","floor":44.0,"gold_loss":0.0,"damage_taken":0.0}],"is_beta":false,"boss_relics":[{"not_picked":["Runic Dome","Busted Crown"],"picked":"Pandora\u0027s Box"},{"not_picked":["Black Star","Runic Pyramid"],"picked":"HolyWater"}],"items_purged_floors":[13,25,53],"is_endless":false,"potions_floor_spawned":[1,2,10,14,18,22,23,24,27,38,39,45,47],"killed_by":"The Heart","ascension_level":9}}