{"host":"sle1h3v1q4bnun10","time":1608516828,"event":{"mods":["BaseMod","Challenge The Spire","Downfall","Minty Spire (QoL Compilation)","READ ME - Guardian Mod","Replay The Spire","Shop Mod","StSLib","The Cursed"],"gold_per_floor":[99,132,173,173,98,130,130,152,45,81,99,119,269,332,356,469,469,394,429,450,558,584,584,609,636,664,664,683,683,273,287,312,416,416,416,416,5,5,5,28,28,46,46,46,65,81,81,93,107,107],"floor_reached":51,"playtime":5884,"items_purged":["hexamod:Strike","hexamod:Strike","hexamod:Strike","hexamod:CatchUp+1"],"score":814,"play_id":"9709d9b9-0f8a-4b67-9312-508c9e78487d","local_time":"20201221101348","is_ascension_mode":false,"campfire_choices":[{"floor":1.0,"key":"RECALL"},{"data":"hexamod:TimeOfNeed","floor":18.0,"key":"SMITH"},{"data":"hexamod:Rewind","floor":23.0,"key":"SMITH"},{"data":"hexamod:GhostOfSpirePast","floor":27.0,"key":"SMITH"},{"data":"hexamod:PhantomCloak","floor":35.0,"key":"SMITH"},{"data":"Replay:SS_forest_6","floor":39.0,"key":"SMITH"},{"data":"hexamod:GhostflameInferno","floor":44.0,"key":"SMITH"}],"circlet_count":0,"master_deck":["hexamod:Defend","hexamod:Defend","hexamod:Defend","hexamod:Defend","hexamod:Sear+1","hexamod:Float+1","hexamod:SpectersWail","hexamod:SoulSteal","hexamod:FastForward","hexamod:RadiantFlame","hexamod:EmpoweredFlame","hexamod:GhostOfSpirePast+1","hexamod:GhostOfSpirePast","hexamod:TimeOfNeed+1","hexamod:VolcanoVisage","hexamod:BurningTouch+1","hexamod:PhantomCloak+1","hexamod:GhostOfSpirePast","hexamod:Rewind+1","hexamod:PhantomCloak+1","hexamod:EmpoweredFlame+1","hexamod:AdvancingGuard","hexamod:InspiringFlames+1","hexamod:TimeWarp","hexamod:RetreatToShadows+1","Replay:SS_forest_6+1","Replay:SS_forest_2","expansioncontent:DefensiveMode","hexamod:Rewind+1","hexamod:GhostflameInferno+1"],"relics":["hexamod:SpiritBrand","downfall:HeartsMalice","Iron Hammer","War Paint","Darkstone Periapt","Divine Protection","Juzu Bracelet","Lizard Tail","Painkiller Herb","downfall:HeartBlessingRed","Strawberry","Potion Belt","Bag of Preparation","Vajra","Empty Cage","Mirror","hexamod:TheBrokenSeal","downfall:TeleportStone"],"acts_visited":["Exordium","TheCity","TheBeyond"],"potions_floor_usage":[48,50,50,50,50],"damage_taken":[{"damage":0.0,"enemies":"Replay:BlueRogue","floor":2.0,"turns":1.0},{"damage":0.0,"enemies":"downfall:FleeingMerchant","floor":5.0,"turns":1.0},{"damage":0.0,"enemies":"Lagavulin","floor":6.0,"turns":1.0},{"damage":0.0,"enemies":"Small Slimes","floor":8.0,"turns":3.0},{"damage":0.0,"enemies":"downfall:FleeingMerchant","floor":9.0,"turns":4.0},{"damage":2.0,"enemies":"Replay:BlueRogue","floor":10.0,"turns":6.0},{"damage":0.0,"enemies":"Jaw Worm","floor":11.0,"turns":3.0},{"damage":0.0,"enemies":"2 Louse","floor":12.0,"turns":3.0},{"damage":21.0,"enemies":"3 Sentries","floor":14.0,"turns":8.0},{"damage":0.0,"enemies":"Large Slime","floor":15.0,"turns":4.0},{"damage":42.0,"enemies":"downfall:Ironclad","floor":16.0,"turns":10.0},{"damage":23.0,"enemies":"Slavers","floor":19.0,"turns":5.0},{"damage":15.0,"enemies":"Chosen","floor":20.0,"turns":6.0},{"damage":6.0,"enemies":"downfall:LadyInBlue","floor":21.0,"turns":6.0},{"damage":7.0,"enemies":"Spheric Guardian","floor":22.0,"turns":5.0},{"damage":2.0,"enemies":"3 Cultists","floor":25.0,"turns":5.0},{"damage":6.0,"enemies":"Chosen and Byrds","floor":26.0,"turns":8.0},{"damage":0.0,"enemies":"Snecko","floor":28.0,"turns":4.0},{"damage":0.0,"enemies":"downfall:FleeingMerchant","floor":30.0,"turns":4.0},{"damage":9.0,"enemies":"Cultist and Chosen","floor":31.0,"turns":6.0},{"damage":0.0,"enemies":"Centurion and Healer","floor":32.0,"turns":5.0},{"damage":12.0,"enemies":"downfall:Defect","floor":33.0,"turns":7.0},{"damage":1.0,"enemies":"downfall:FleeingMerchant","floor":37.0,"turns":4.0},{"damage":25.0,"enemies":"3 Shapes","floor":40.0,"turns":6.0},{"damage":0.0,"enemies":"3 Darklings","floor":42.0,"turns":4.0},{"damage":0.0,"enemies":"Transient","floor":45.0,"turns":5.0},{"damage":10.0,"enemies":"Spire Growth","floor":46.0,"turns":5.0},{"damage":7,"enemies":"Writhing Mass","floor":48,"turns":6},{"damage":0,"enemies":"Maw","floor":49,"turns":6},{"damage":0,"enemies":"downfall:Watcher","floor":50,"turns":6}],"seed_played":"-8851746243289125955","potions_obtained":[{"floor":3.0,"key":"Flashbang"},{"floor":3.0,"key":"Fire Potion"},{"floor":6.0,"key":"Elixir"},{"floor":8.0,"key":"Swift Potion"},{"floor":9.0,"key":"Regen Potion"},{"floor":11.0,"key":"SteroidPotion"},{"floor":11.0,"key":"Fire Potion"},{"floor":12.0,"key":"EntropicBrew"},{"floor":14.0,"key":"Fire Potion"},{"floor":15.0,"key":"Death Potion"},{"floor":15.0,"key":"SteroidPotion"},{"floor":16.0,"key":"Swift Potion"},{"floor":19.0,"key":"Explosive Potion"},{"floor":20.0,"key":"DuplicationPotion"},{"floor":21.0,"key":"Fruit Juice"},{"floor":21.0,"key":"Flashbang"},{"floor":21.0,"key":"hexamod:EctoCoolerPotion"},{"floor":21.0,"key":"Ancient Potion"},{"floor":22.0,"key":"DuplicationPotion"},{"floor":25.0,"key":"GamblersBrew"},{"floor":25.0,"key":"Strength Potion"},{"floor":26.0,"key":"Doom Potion"},{"floor":28.0,"key":"Weak Potion"},{"floor":33.0,"key":"FearPotion"},{"floor":40.0,"key":"hexamod:EctoCoolerPotion"},{"floor":40.0,"key":"Weak Potion"},{"floor":42.0,"key":"Swift Potion"},{"floor":49,"key":"champ:CounterPotion"}],"is_trial":false,"path_per_floor":["R","E","?","?","$","E","T","M","$","E","M","M","?","?","M","B",null,"T","E","?","?","?","T","T","?","?","T","?","?","T","?","?","B",null,"T","?","T","?","T","?","T","?","?","T","?","?","?","?","?","B",null],"character_chosen":"THE_SPIRIT","items_purchased":["PowerPotion","DuplicationPotion","Vajra","Mirror"],"campfire_rested":0,"item_purchase_floors":[30,30,30,37],"current_hp_per_floor":[70,70,70,63,63,63,63,70,70,68,70,70,76,62,69,34,76,76,67,59,60,65,65,65,70,71,71,71,71,78,76,83,78,88,88,78,84,84,84,98,98,98,98,98,98,88,88,81,81,81],"gold":107,"neow_bonus":"THREE_ENEMY_KILL","is_daily":false,"chose_seed":false,"campfire_upgraded":6,"win_rate":0.0,"timestamp":1608516828,"path_taken":["R","E","?","?","$","E","T","M","$","E","M","M","?","?","M","BOSS","T","E","?","?","?","T","T","?","?","T","?","?","T","?","?","BOSS","BOSS","T","?","T","?","T","?","T","?","?","T","?","?","?","?","?","BOSS"],"items_purchased_type":["Potion","Potion","Relic","Relic"],"build_version":"2020-12-13","purchased_purges":4,"victory":true,"max_hp_per_floor":[70,70,70,70,70,70,70,70,70,70,70,70,76,76,76,76,76,76,83,83,83,88,88,88,88,88,88,88,88,88,88,88,88,88,88,88,88,88,88,98,98,98,98,98,98,98,98,98,98,98],"card_choices":[{"not_picked":["hexamod:GhostLash","hexamod:FastForward"],"picked":"hexamod:FourthSeal","floor":2.0},{"not_picked":["hexamod:HeatShield","hexamod:CatchUp"],"picked":"hexamod:SecondSeal","floor":3.0},{"not_picked":["hexamod:SecondSeal","hexamod:SwordOfDarkness","hexamod:BurningTouch"],"picked":"SKIP","floor":5.0},{"not_picked":["hexamod:PhantomFireball","hexamod:ThermalTransfer"],"picked":"hexamod:SpectersWail","floor":6.0},{"not_picked":["hexamod:FastForward","hexamod:ParanormalForm"],"picked":"hexamod:SoulSteal","floor":8.0},{"not_picked":["hexamod:ThermalTransfer","hexamod:HauntingEcho"],"picked":"hexamod:ThirdSeal","floor":9.0},{"not_picked":["hexamod:Hexaguard","hexamod:ThirdSeal"],"picked":"hexamod:FastForward","floor":10.0},{"not_picked":["hexamod:GhostShield","hexamod:PhantomFireball","hexamod:FirstSeal"],"picked":"SKIP","floor":10.0},{"not_picked":["hexamod:RetreatToShadows","hexamod:GhostOfSpireFuture"],"picked":"hexamod:RadiantFlame","floor":11.0},{"not_picked":["hexamod:ThermalTransfer","hexamod:RecurringNightmare"],"picked":"hexamod:EmpoweredFlame","floor":11.0},{"not_picked":["hexamod:PhantomFireball","hexamod:UnleashSpirits"],"picked":"hexamod:GhostOfSpirePast","floor":12.0},{"not_picked":["hexamod:NightmareGuise","hexamod:Firestarter","hexamod:GhostLash"],"picked":"SKIP","floor":12.0},{"not_picked":["hexamod:RetreatToShadows","hexamod:SpectersWail"],"picked":"hexamod:GhostOfSpirePast","floor":15.0},{"not_picked":["hexamod:AdvancingGuard","hexamod:Firestarter","hexamod:GhostflameBarrier"],"picked":"SKIP","floor":15.0},{"not_picked":["hexamod:WildfireWeapon","hexamod:ParanormalForm"],"picked":"hexamod:TimeOfNeed","floor":16.0},{"not_picked":["hexamod:CrushingStance","hexamod:EmpoweringStance"],"picked":"hexamod:VolcanoVisage","floor":16.0},{"not_picked":["hexamod:GhostOfSpireFuture+1","hexamod:PhantomFireball+1"],"picked":"hexamod:BurningTouch+1","floor":19.0},{"not_picked":["hexamod:Rewind","hexamod:BurningTouch+1"],"picked":"hexamod:PhantomCloak+1","floor":19.0},{"not_picked":["hexamod:ThermalTransfer","hexamod:GhostShield+1","hexamod:HauntingEcho"],"picked":"SKIP","floor":20.0},{"not_picked":["hexamod:Firestarter+1","hexamod:InspiringFlames","hexamod:TimeOfNeed"],"picked":"SKIP","floor":20.0},{"not_picked":["hexamod:RainOfEmbers","hexamod:RetreatToShadows"],"picked":"hexamod:GhostOfSpirePast","floor":21.0},{"not_picked":["hexamod:NightmareGuise+1","hexamod:AdvancingGuard"],"picked":"hexamod:CatchUp+1","floor":21.0},{"not_picked":["hexamod:HauntingEcho","hexamod:Firestarter+1"],"picked":"hexamod:Rewind","floor":22.0},{"not_picked":["hexamod:EtherealExpedition","hexamod:RainOfEmbers"],"picked":"hexamod:PhantomCloak","floor":22.0},{"not_picked":["hexamod:ShieldOfDarkness","hexamod:BurningTouch"],"picked":"hexamod:EmpoweredFlame+1","floor":25.0},{"not_picked":["hexamod:GhostOfSpirePast","hexamod:Incineration","hexamod:ShieldOfDarkness"],"picked":"SKIP","floor":25.0},{"not_picked":["hexamod:NightmareGuise","hexamod:AdvancingGuard+1","hexamod:DynamicBlow"],"picked":"SKIP","floor":26.0},{"not_picked":["hexamod:SpectersWail","hexamod:NightmareStrike+1","hexamod:FourthSeal"],"picked":"SKIP","floor":26.0},{"not_picked":["hexamod:VolcanoVisage","hexamod:RainOfEmbers"],"picked":"hexamod:AdvancingGuard","floor":28.0},{"not_picked":["hexamod:BacktrackSmack","hexamod:BurningTouch"],"picked":"hexamod:InspiringFlames+1","floor":28.0},{"not_picked":["hexamod:FirstSeal","hexamod:InspiringFlames+1","hexamod:NecessarySacrifice"],"picked":"SKIP","floor":30.0},{"not_picked":["hexamod:NightmareGuise","hexamod:NightmareStrike"],"picked":"hexamod:TimeWarp","floor":31.0},{"not_picked":["hexamod:FastForward","hexamod:ShieldOfDarkness+1","hexamod:Again"],"picked":"SKIP","floor":31.0},{"not_picked":["hexamod:TimeOfNeed","hexamod:GhostShield"],"picked":"hexamod:RetreatToShadows+1","floor":32.0},{"not_picked":["hexamod:BurningTouch+1","hexamod:SpectersWail+1","hexamod:ShieldOfDarkness"],"picked":"SKIP","floor":32.0},{"not_picked":["hexamod:VolcanoVisage","hexamod:GhostflameInferno"],"picked":"hexamod:FifthSeal","floor":33.0},{"not_picked":["expansioncontent:FaceSlap","Replay:SS_forest_5"],"picked":"Replay:SS_forest_6","floor":36.0},{"not_picked":["expansioncontent:Flail","Replay:SS_fish_1"],"picked":"Replay:SS_forest_2","floor":36.0},{"not_picked":["expansioncontent:GoopSpray","expansioncontent:CaCaw"],"picked":"expansioncontent:DefensiveMode","floor":36.0},{"not_picked":["hexamod:FirstSeal","hexamod:SecondSeal"],"picked":"hexamod:SixthSeal","floor":37.0},{"not_picked":["hexamod:SwordOfDarkness+1","hexamod:AdvancingGuard+1"],"picked":"hexamod:Rewind+1","floor":37.0},{"not_picked":["hexamod:BurningTouch","hexamod:SwordOfDarkness+1","hexamod:SecondSeal"],"picked":"SKIP","floor":37.0},{"not_picked":["hexamod:StepThrough+1","hexamod:ChargedBarrage+1","hexamod:ShieldOfDarkness+1"],"picked":"SKIP","floor":40.0},{"not_picked":["hexamod:SpectersWail+1","hexamod:RainOfEmbers"],"picked":"hexamod:GhostflameInferno","floor":42.0},{"not_picked":["hexamod:BacktrackSmack","hexamod:HauntingEcho+1","hexamod:ShieldOfDarkness+1"],"picked":"SKIP","floor":45.0},{"not_picked":["hexamod:SecondSeal","hexamod:HeatCrush","hexamod:NightmareStrike"],"picked":"SKIP","floor":46.0},{"not_picked":["hexamod:PhantomFireball+1","hexamod:FourthSeal","hexamod:ShieldOfDarkness+1"],"picked":"SKIP","floor":48},{"not_picked":["hexamod:HauntingEcho","hexamod:FastForward","hexamod:GhostLash+1"],"picked":"SKIP","floor":49}],"player_experience":177808,"relics_obtained":[{"floor":2.0,"key":"Iron Hammer"},{"floor":3.0,"key":"War Paint"},{"floor":6.0,"key":"Darkstone Periapt"},{"floor":7.0,"key":"Divine Protection"},{"floor":10.0,"key":"Juzu Bracelet"},{"floor":19.0,"key":"Strawberry"},{"floor":21.0,"key":"Potion Belt"},{"floor":24.0,"key":"Bag of Preparation"}],"event_choices":[],"is_beta":false,"boss_relics":[{"not_picked":["Coffee Dripper","ReplayTheSpireMod:DimensionalGlitch"],"picked":"Painkiller Herb"},{"not_picked":["Replay:Bronze Core","Honey Jar"],"picked":"Empty Cage"}],"items_purged_floors":[5,9,30,37],"is_endless":false,"potions_floor_spawned":[6,11,12,15,16,22,25,31,32,40,42,49],"ascension_level":0}}