{"host":"ccz","time":1608561500,"event":{"mods":["Aspiration","BaseMod","Conspire","Minty Spire (QoL Compilation)","Reimu£®≤©¿ˆ¡È√Œ£©","StSLib","°æπ¶ƒ‹Mod°øªÏ„Á÷Æª∑–ﬁ∏¥≤π∂°","ÛÙª÷∏ƒœ"],"gold_per_floor":[119,44,44,61,74,74,74,89,89,100,74,74,89,100,0,99,149,164,74,90,90,103,103,121,150,150,150,25,124,124,141,141,141,141],"floor_reached":33,"playtime":1005,"items_purged":["Strike_Lin:ReiMu","Normality","Normality"],"score":261,"play_id":"2c84d8ba-3b87-4ead-9550-0443ee1e12c3","local_time":"20201221223820","is_ascension_mode":false,"campfire_choices":[{"data":"TakeOff:ReiMu","floor":6.0,"key":"SMITH"},{"data":"SubcavityFantasy:ReiMu","floor":23.0,"key":"SMITH"},{"data":"MountainWay:ReiMu","floor":32,"key":"SMITH"}],"circlet_count":0,"master_deck":["Strike_Lin:ReiMu","Defend_Lin:ReiMu","Defend_Lin:ReiMu","Defend_Lin:ReiMu","NB:ReiMu","Stagnation:ReiMu","Conquer:ReiMu","TakeOff:ReiMu+1","SpringWay:ReiMu+1","EmergencyTakeOff:ReiMu","Conquer:ReiMu","SubcavityFantasy:ReiMu+1","SpreadBorder2:ReiMu","SpringWay:ReiMu","RunawayExorcism:ReiMu","Authority:ReiMu","RainPray2:ReiMu","SpreadBorder2:ReiMu","Adrenaline","Dagger Throw","Skewer","MountainWay:ReiMu+1"],"relics":["Cursed Key","Bag of Preparation","Tiny House","Girya","Thread and Needle"],"acts_visited":["Exordium","TheCity"],"potions_floor_usage":[30,33,33],"damage_taken":[{"damage":0.0,"enemies":"Cultist","floor":1.0,"turns":4.0},{"damage":0.0,"enemies":"Jaw Worm","floor":4.0,"turns":3.0},{"damage":0.0,"enemies":"2 Louse","floor":5.0,"turns":2.0},{"damage":3.0,"enemies":"Lots of Slimes","floor":8.0,"turns":2.0},{"damage":2.0,"enemies":"Looter","floor":10.0,"turns":4.0},{"damage":0.0,"enemies":"3 Louse","floor":13.0,"turns":2.0},{"damage":1.0,"enemies":"Exordium Wildlife","floor":14.0,"turns":2.0},{"damage":22.0,"enemies":"The Guardian","floor":16.0,"turns":10.0},{"damage":5.0,"enemies":"3 Byrds","floor":18.0,"turns":3.0},{"damage":7.0,"enemies":"Spheric Guardian","floor":20.0,"turns":5.0},{"damage":4.0,"enemies":"conspire:HollyBat","floor":22.0,"turns":8.0},{"damage":26.0,"enemies":"Shelled Parasite and Fungi","floor":24.0,"turns":9.0},{"damage":23.0,"enemies":"conspire:Head Lice","floor":25.0,"turns":5.0},{"damage":5,"enemies":"Cultist and Chosen","floor":30,"turns":4},{"damage":0,"enemies":"Snecko","floor":31,"turns":4},{"damage":38,"enemies":"Automaton","floor":33,"turns":6}],"seed_played":"-556477360462190538","potions_obtained":[{"floor":10.0,"key":"SmokeBomb"},{"floor":12.0,"key":"SkillPotion"},{"floor":12.0,"key":"ColorlessPotion"},{"floor":17.0,"key":"SmokeBomb"},{"floor":22.0,"key":"Regen Potion"},{"floor":31,"key":"DistilledChaos"}],"is_trial":false,"path_per_floor":["M","$","?","M","M","R","?","M","T","M","R","?","M","M","R","B",null,"M","?","M","?","M","R","M","E","T","?","R","?","M","M","R","B"],"character_chosen":"REIMU","items_purchased":["SpreadBorder2:ReiMu"],"campfire_rested":0,"item_purchase_floors":[11],"current_hp_per_floor":[65,65,65,65,65,65,70,67,67,65,65,65,65,64,64,42,75,70,70,63,63,59,59,33,10,10,10,10,10,5,5,5,0,0],"gold":141,"neow_bonus":"BOSS_RELIC","is_daily":false,"chose_seed":false,"campfire_upgraded":3,"win_rate":0.0,"timestamp":1608561500,"path_taken":["M","$","?","M","M","R","?","M","T","M","R","?","?","M","R","BOSS","M","?","?","?","M","R","M","E","T","?","R","?","?","M","R","BOSS"],"items_purchased_type":["Card"],"build_version":"2020-12-18","purchased_purges":3,"victory":false,"max_hp_per_floor":[65,65,65,65,65,65,70,70,70,70,70,70,70,70,70,70,75,75,75,75,75,75,75,75,75,75,75,75,75,75,75,75,75,75],"card_choices":[{"not_picked":["Enchanting:ReiMu","MikOfLucky:ReiMu"],"picked":"Conquer:ReiMu","floor":1.0},{"not_picked":["AirStrike:ReiMu","SafetyPray:ReiMu"],"picked":"SpringWay:ReiMu","floor":4.0},{"not_picked":["OrbThrow:ReiMu","TightArray:ReiMu"],"picked":"EmergencyTakeOff:ReiMu","floor":5.0},{"not_picked":["SubAcupoint:ReiMu","SubcavityInstant:ReiMu"],"picked":"Conquer:ReiMu","floor":8.0},{"not_picked":["PayForSelf:ReiMu","SubcavityInstant:ReiMu"],"picked":"SubcavityFantasy:ReiMu","floor":10.0},{"not_picked":["KamiSacrifice:ReiMu","CareerPray:ReiMu"],"picked":"AirStrike:ReiMu","floor":13.0},{"not_picked":["Intuition:ReiMu","OrbThrow:ReiMu"],"picked":"SpringWay:ReiMu","floor":14.0},{"not_picked":["KyokaiOfKami:ReiMu","CleanRite:ReiMu"],"picked":"RunawayExorcism:ReiMu","floor":16.0},{"not_picked":["SubAcupoint:ReiMu","ManaGlint:ReiMu"],"picked":"UpKicking:ReiMu","floor":17.0},{"not_picked":["AirStrike:ReiMu","TightArray:ReiMu","SubcavityInstant:ReiMu+1"],"picked":"SKIP","floor":18.0},{"not_picked":["LearningPray:ReiMu","SafetyPray:ReiMu"],"picked":"Authority:ReiMu","floor":20.0},{"not_picked":["NineCharacters:ReiMu","YinYangSign:ReiMu+1","FineLineFantasy:ReiMu"],"picked":"SKIP","floor":22.0},{"not_picked":["BarrageOfMoneybags:ReiMu","SubcavityInstant:ReiMu","ShadowOfCrow2:ReiMu"],"picked":"SKIP","floor":24.0},{"not_picked":["Meditation:ReiMu","CleanRite:ReiMu"],"picked":"SpreadBorder2:ReiMu","floor":25.0},{"not_picked":["LovePray:ReiMu+1","PrepareRite:ReiMu"],"picked":"MountainWay:ReiMu","floor":31}],"player_experience":100593,"relics_obtained":[{"floor":9.0,"key":"Bag of Preparation"},{"floor":25.0,"key":"Girya"},{"floor":26.0,"key":"Thread and Needle"}],"event_choices":[{"damage_healed":0.0,"max_hp_gain":0.0,"max_hp_loss":0.0,"gold_gain":0.0,"cards_transformed":["Strike_Lin:ReiMu"],"event_name":"Living Wall","player_choice":"Change","floor":3.0,"gold_loss":0.0,"damage_taken":0.0,"cards_obtained":["TakeOff:ReiMu"]},{"damage_healed":0.0,"max_hp_gain":5.0,"max_hp_loss":0.0,"gold_gain":0.0,"event_name":"Big Fish","player_choice":"Donut","floor":7.0,"gold_loss":0.0,"damage_taken":0.0},{"damage_healed":0.0,"max_hp_gain":0.0,"max_hp_loss":0.0,"gold_gain":0.0,"event_name":"Lab","player_choice":"Got Potions","floor":12.0,"gold_loss":0.0,"damage_taken":0.0},{"cards_removed":["Strike_Lin:ReiMu"],"damage_healed":0.0,"max_hp_gain":0.0,"max_hp_loss":0.0,"gold_gain":0.0,"event_name":"Designer","player_choice":"Upgrade and Remove","floor":19.0,"gold_loss":90.0,"damage_taken":0.0,"cards_upgraded":["UpKicking:ReiMu"]},{"damage_healed":0.0,"max_hp_gain":0.0,"max_hp_loss":0.0,"gold_gain":0.0,"event_name":"The Library","player_choice":"Read","floor":21.0,"gold_loss":0.0,"damage_taken":0.0,"cards_obtained":["RainPray2:ReiMu"]},{"damage_healed":0,"gold_gain":99,"player_choice":"Stole From Cult","damage_taken":0,"max_hp_gain":0,"max_hp_loss":0,"event_name":"Nest","floor":29,"gold_loss":0}],"is_beta":true,"boss_relics":[{"not_picked":["Sozu","DonationBox:ReiMu"],"picked":"Tiny House"}],"items_purged_floors":[2,15,28],"is_endless":false,"potions_floor_spawned":[10,16,22,31],"killed_by":"Automaton","ascension_level":0}}