{"host":"qyjrmrr57odine7m","time":1608580602,"event":{"mods":["AchievementEnabler","BaseMod","Bestiary","Block Reminder","Card Forge","Highlight Path","Minty Spire (QoL Compilation)","Permanent Neow","StSLib"],"gold_per_floor":[144,144,189,189,234,324,369,426,438,450,552,564,666,723,735,1047,1059,1116,803,848,893,938,938,1028,1028,1053,627,717,717,117,162,162,462,462,507,154,304,154,154,244,289,289,314,314,314,359,449,449,449,449],"floor_reached":51,"playtime":2335,"items_purged":[],"score":1263,"play_id":"c58eef57-bd4a-4bb6-98ba-5f330835b790","local_time":"20201221195642","daily_mods":["Shiny","Vintage","Midas"],"is_ascension_mode":false,"campfire_choices":[{"floor":10.0,"key":"REST"},{"floor":15.0,"key":"REST"},{"floor":23.0,"key":"REST"},{"floor":25.0,"key":"REST"},{"floor":32.0,"key":"REST"},{"floor":49,"key":"REST"}],"circlet_count":0,"master_deck":["Limit Break+1","Barricade+1","Berserk+1","Impervious+1","Brutality+1","Exhume+1","Immolate+1","Shrug It Off+1","Shrug It Off+1","Inflame+1","Shrug It Off+1","Shrug It Off+1","Rupture+1","Heavy Blade+1"],"relics":["Burning Blood","Hammer of Thor","Seething Fire","Anvil of the Gods","Bottled Flame","NlothsMask","Pen Nib","Tiny Chest","Singing Bowl","MawBank","StoneCalendar","Bag of Preparation","Torii","PreservedInsect","Black Star","Bronze Scales","Blood Vial","Juzu Bracelet","Ornamental Fan","Paper Frog","Frozen Egg 2","MealTicket","Art of War","Oddly Smooth Stone","Chemical X","Toxic Egg 2","Mummified Hand","Mercury Hourglass","Lee\u0027s Waffle","Bag of Marbles","Turnip","Strawberry","Philosopher\u0027s Stone","Regal Pillow","Thread and Needle","Charon\u0027s Ashes","ClockworkSouvenir","Meat on the Bone","Omamori","Orichalcum","Centennial Puzzle","Bottled Lightning","Prayer Wheel","War Paint","Vajra"],"acts_visited":["Exordium","TheCity","TheBeyond"],"potions_floor_usage":[50,50,50],"damage_taken":[{"damage":12.0,"enemies":"Jaw Worm","floor":1.0,"turns":1.0},{"damage":0.0,"enemies":"Cultist","floor":3.0,"turns":1.0},{"damage":0.0,"enemies":"Small Slimes","floor":5.0,"turns":1.0},{"damage":16.0,"enemies":"3 Sentries","floor":6.0,"turns":6.0},{"damage":7.0,"enemies":"Exordium Thugs","floor":7.0,"turns":2.0},{"damage":0.0,"enemies":"Looter","floor":8.0,"turns":1.0},{"damage":22.0,"enemies":"Gremlin Nob","floor":11.0,"turns":3.0},{"damage":0.0,"enemies":"Lagavulin","floor":13.0,"turns":7.0},{"damage":0.0,"enemies":"2 Fungi Beasts","floor":14.0,"turns":1.0},{"damage":0.0,"enemies":"Slime Boss","floor":16.0,"turns":8.0},{"damage":0.0,"enemies":"Shell Parasite","floor":18.0,"turns":5.0},{"damage":0.0,"enemies":"Spheric Guardian","floor":20.0,"turns":7.0},{"damage":0.0,"enemies":"Snake Plant","floor":21.0,"turns":4.0},{"damage":7.0,"enemies":"Centurion and Healer","floor":22.0,"turns":9.0},{"damage":15.0,"enemies":"Book of Stabbing","floor":24.0,"turns":6.0},{"damage":0.0,"enemies":"Slavers","floor":28.0,"turns":1.0},{"damage":3.0,"enemies":"3 Cultists","floor":31.0,"turns":4.0},{"damage":7.0,"enemies":"Champ","floor":33.0,"turns":8.0},{"damage":0,"enemies":"3 Darklings","floor":35,"turns":1},{"damage":3,"enemies":"Mind Bloom Boss Battle","floor":37,"turns":4},{"damage":3,"enemies":"Giant Head","floor":40,"turns":4},{"damage":0,"enemies":"Orb Walker","floor":41,"turns":1},{"damage":2,"enemies":"Spire Growth","floor":46,"turns":3},{"damage":2,"enemies":"Reptomancer","floor":47,"turns":3},{"damage":4,"enemies":"Time Eater","floor":50,"turns":5}],"seed_played":"7329645460642280970","potions_obtained":[{"floor":1.0,"key":"Energy Potion"},{"floor":3.0,"key":"FearPotion"},{"floor":8.0,"key":"EssenceOfSteel"},{"floor":11.0,"key":"SneckoOil"},{"floor":13.0,"key":"FearPotion"},{"floor":18.0,"key":"Swift Potion"},{"floor":20.0,"key":"LiquidBronze"},{"floor":31.0,"key":"Dexterity Potion"}],"is_trial":false,"path_per_floor":["M","?","M","$","M","E","M","M","T","R","E","?","E","M","R","B",null,"M","$","M","M","M","R","E","R","T","$","E","T","$","M","R","B",null,"M","$","?","$","?","E","M","?","T","T","?","M","E","$","R","B",null],"character_chosen":"IRONCLAD","items_purchased":["Shrug It Off","Blood Vial","EssenceOfSteel","Strength Potion","Rupture+1","Oddly Smooth Stone","Chemical X","Dexterity Potion","Lee\u0027s Waffle","Bag of Marbles","Turnip","Thread and Needle","Heavy Blade","ClockworkSouvenir"],"campfire_rested":6,"item_purchase_floors":[19,19,19,19,27,27,27,27,30,30,30,36,36,38],"current_hp_per_floor":[75,75,80,80,80,81,80,86,86,86,90,90,96,96,96,98,98,102,102,102,102,101,102,108,108,108,108,110,110,117,124,124,129,130,130,130,132,132,132,134,134,134,134,134,121,127,135,136,136,136],"gold":449,"neow_bonus":"","is_daily":true,"chose_seed":false,"campfire_upgraded":0,"win_rate":0.0,"timestamp":1608580602,"path_taken":["M","?","?","$","M","E","?","M","T","R","E","?","E","M","R","BOSS","M","$","M","M","M","R","E","R","T","?","E","?","$","M","R","BOSS","M","$","?","$","?","E","M","?","T","?","?","M","E","?","R","BOSS"],"items_purchased_type":["Card","Relic","Potion","Potion","Card","Relic","Relic","Potion","Relic","Relic","Relic","Relic","Card","Relic"],"build_version":"2020-12-13","purchased_purges":0,"victory":true,"max_hp_per_floor":[80,80,80,80,80,86,86,86,86,86,90,90,96,96,96,98,98,102,102,102,102,102,102,108,108,108,108,110,110,117,124,124,130,130,130,130,132,132,132,134,134,134,134,134,134,134,136,136,136,136],"card_choices":[{"not_picked":["Armaments","Impervious","Body Slam"],"picked":"Singing Bowl","floor":6.0},{"not_picked":["Wild Strike","Sword Boomerang"],"picked":"Inflame","floor":11.0},{"not_picked":["Pummel","Iron Wave","Fiend Fire"],"picked":"Singing Bowl","floor":13.0},{"not_picked":["Fiend Fire","Berserk","Immolate"],"picked":"Singing Bowl","floor":16.0},{"not_picked":["Body Slam+1","Reckless Charge","Thunderclap+1"],"picked":"Singing Bowl","floor":24.0},{"not_picked":["True Grit+1","Inflame+1","Impervious+1"],"picked":"Singing Bowl","floor":28.0},{"not_picked":["Demon Form+1","Reaper","Brutality+1"],"picked":"Singing Bowl","floor":33.0},{"not_picked":["Clothesline+1","Shrug It Off+1","Pommel Strike"],"picked":"Singing Bowl","floor":37},{"not_picked":["Headbutt+1","Intimidate+1","Iron Wave"],"picked":"Singing Bowl","floor":40},{"not_picked":["Reckless Charge","Second Wind+1","Flame Barrier+1"],"picked":"Singing Bowl","floor":47}],"player_experience":1184266,"relics_obtained":[{"floor":1.0,"key":"Bottled Flame"},{"floor":3.0,"key":"Pen Nib"},{"floor":5.0,"key":"Tiny Chest"},{"floor":6.0,"key":"Singing Bowl"},{"floor":7.0,"key":"MawBank"},{"floor":8.0,"key":"StoneCalendar"},{"floor":11.0,"key":"Bag of Preparation"},{"floor":13.0,"key":"Torii"},{"floor":14.0,"key":"PreservedInsect"},{"floor":18.0,"key":"Bronze Scales"},{"floor":20.0,"key":"Juzu Bracelet"},{"floor":21.0,"key":"Ornamental Fan"},{"floor":22.0,"key":"Paper Frog"},{"floor":24.0,"key":"Frozen Egg 2"},{"floor":24.0,"key":"MealTicket"},{"floor":26.0,"key":"Art of War"},{"floor":28.0,"key":"Toxic Egg 2"},{"floor":28.0,"key":"Mummified Hand"},{"floor":29.0,"key":"Mercury Hourglass"},{"floor":31.0,"key":"Strawberry"},{"floor":35,"key":"Regal Pillow"},{"floor":37,"key":"Charon\u0027s Ashes"},{"floor":40,"key":"Meat on the Bone"},{"floor":40,"key":"Omamori"},{"floor":41,"key":"Orichalcum"},{"floor":43,"key":"Centennial Puzzle"},{"floor":44,"key":"Bottled Lightning"},{"floor":46,"key":"Prayer Wheel"},{"floor":47,"key":"War Paint"},{"floor":47,"key":"Vajra"}],"event_choices":[{"damage_healed":0.0,"max_hp_gain":0.0,"max_hp_loss":0.0,"gold_gain":0.0,"event_name":"FaceTrader","player_choice":"Trade","floor":2.0,"gold_loss":0.0,"damage_taken":0.0,"relics_obtained":["NlothsMask"]},{"cards_removed":["Juggernaut"],"damage_healed":0.0,"max_hp_gain":0.0,"max_hp_loss":0.0,"gold_gain":0.0,"event_name":"Purifier","player_choice":"Purged","floor":12.0,"gold_loss":0.0,"damage_taken":0.0},{"damage_healed":0,"gold_gain":0,"player_choice":"Fight","damage_taken":0,"max_hp_gain":0,"max_hp_loss":0,"event_name":"MindBloom","floor":37,"gold_loss":0},{"damage_healed":33,"gold_gain":0,"player_choice":"Writhe","damage_taken":0,"max_hp_gain":0,"max_hp_loss":0,"event_name":"Winding Halls","floor":39,"gold_loss":0,"cards_obtained":["Writhe"]},{"cards_removed":["Feed"],"damage_healed":0,"gold_gain":0,"player_choice":"Removed Attack","damage_taken":0,"max_hp_gain":0,"max_hp_loss":0,"event_name":"Falling","floor":42,"gold_loss":0},{"damage_healed":0,"gold_gain":0,"player_choice":"Damaged","damage_taken":13,"max_hp_gain":0,"max_hp_loss":0,"event_name":"Wheel of Change","floor":45,"gold_loss":0}],"is_beta":false,"boss_relics":[{"not_picked":["Calling Bell","Runic Dome"],"picked":"Black Star"},{"not_picked":["Astrolabe","Runic Pyramid"],"picked":"Philosopher\u0027s Stone"}],"items_purged_floors":[],"is_endless":false,"potions_floor_spawned":[1,3,8,11,13,18,20,24,31,40,46],"ascension_level":0}}