{"host":"Alvar","time":1608537373,"event":{"mods":["AchievementEnabler","BaseMod","Minty Spire (QoL Compilation)","StSLib"],"gold_per_floor":[116,116,131,56,131,164,174,200,226,246,265,297,97,125,125,202,202,217,217,217,92,105,105,131,131,157,183,183,208,227,227,227,227,227],"floor_reached":33,"playtime":1006,"items_purged":["Strike_R","Strike_R+1"],"score":787,"play_id":"bd87188e-cb00-42df-8c38-ab58a486fd78","local_time":"20201221145613","is_ascension_mode":true,"campfire_choices":[{"data":"Immolate","floor":15.0,"key":"SMITH"},{"data":"Feed","floor":23.0,"key":"SMITH"},{"data":"Shockwave","floor":25.0,"key":"SMITH"},{"data":"Inflame","floor":28.0,"key":"SMITH"},{"floor":32,"key":"DIG"}],"circlet_count":0,"master_deck":["AscendersBane","Strike_R+1","Strike_R+1","Defend_R+1","Defend_R+1","Defend_R+1","Defend_R+1","Bash","Inflame+1","Twin Strike","Uppercut+1","Shockwave+1","Pummel+1","Immolate+1","Reaper","Flame Barrier+1","Feed+1","True Grit","Headbutt+1","Metallicize"],"relics":["Black Blood","NeowsBlessing","Tiny Chest","Akabeko","Vajra","Mercury Hourglass","Membership Card","Nunchaku","Whetstone","Strawberry","TungstenRod","Shovel","Question Card"],"acts_visited":["Exordium","TheCity"],"potions_floor_usage":[],"damage_taken":[{"damage":0.0,"enemies":"Small Slimes","floor":1.0,"turns":1.0},{"damage":0.0,"enemies":"Jaw Worm","floor":3.0,"turns":1.0},{"damage":0.0,"enemies":"3 Sentries","floor":6.0,"turns":2.0},{"damage":8.0,"enemies":"2 Louse","floor":7.0,"turns":4.0},{"damage":24.0,"enemies":"Gremlin Nob","floor":8.0,"turns":4.0},{"damage":4.0,"enemies":"Looter","floor":10.0,"turns":3.0},{"damage":14.0,"enemies":"3 Louse","floor":11.0,"turns":4.0},{"damage":20.0,"enemies":"Lagavulin","floor":12.0,"turns":5.0},{"damage":0.0,"enemies":"Gremlin Nob","floor":14.0,"turns":2.0},{"damage":16.0,"enemies":"Slime Boss","floor":16.0,"turns":7.0},{"damage":11.0,"enemies":"2 Thieves","floor":18.0,"turns":2.0},{"damage":13.0,"enemies":"Spheric Guardian","floor":22.0,"turns":4.0},{"damage":9.0,"enemies":"Book of Stabbing","floor":24.0,"turns":5.0},{"damage":19.0,"enemies":"Gremlin Leader","floor":27.0,"turns":5.0},{"damage":34.0,"enemies":"Book of Stabbing","floor":29.0,"turns":6.0},{"damage":0,"enemies":"Chosen and Byrds","floor":30,"turns":3},{"damage":94,"enemies":"Automaton","floor":33,"turns":6}],"seed_played":"-5695167442399791064","potions_obtained":[{"floor":1.0,"key":"Strength Potion"},{"floor":7.0,"key":"PowerPotion"},{"floor":10.0,"key":"HeartOfIron"},{"floor":16.0,"key":"Regen Potion"},{"floor":18.0,"key":"DistilledChaos"},{"floor":24.0,"key":"Block Potion"},{"floor":27.0,"key":"Energy Potion"}],"is_trial":false,"path_per_floor":["M","?","M","?","?","E","M","E","T","M","M","E","$","E","R","B",null,"M","?","?","$","M","R","E","R","T","E","R","E","M","?","R","B"],"character_chosen":"IRONCLAD","items_purchased":["Membership Card","Feed"],"campfire_rested":0,"item_purchase_floors":[13,21],"current_hp_per_floor":[74,74,75,75,64,70,68,50,50,52,44,30,30,36,36,26,63,64,64,43,43,45,45,55,55,62,59,59,37,53,53,53,0,0],"gold":227,"neow_bonus":"THREE_ENEMY_KILL","is_daily":false,"chose_seed":false,"campfire_upgraded":4,"win_rate":0.0,"timestamp":1608537373,"path_taken":["M","?","M","?","?","E","M","E","T","M","M","E","$","E","R","BOSS","M","?","?","$","M","R","E","R","T","E","R","E","M","?","R","BOSS"],"items_purchased_type":["Relic","Card"],"build_version":"2020-12-18","purchased_purges":2,"victory":false,"max_hp_per_floor":[75,75,75,75,75,75,75,75,75,75,75,75,75,75,75,75,75,75,75,80,80,83,83,83,83,90,94,94,94,98,98,98,98,98],"card_choices":[{"not_picked":["Sentinel","Thunderclap"],"picked":"Inflame","floor":1.0},{"not_picked":["Power Through","Burning Pact"],"picked":"Twin Strike","floor":3.0},{"not_picked":["Body Slam","Warcry","Shrug It Off"],"picked":"SKIP","floor":6.0},{"not_picked":["Body Slam","Warcry","Shrug It Off"],"picked":"SKIP","floor":6.0},{"not_picked":["Armaments","Reckless Charge"],"picked":"Uppercut","floor":7.0},{"not_picked":["Havoc","Body Slam"],"picked":"Shockwave","floor":8.0},{"not_picked":["Flex","Rage","Warcry"],"picked":"SKIP","floor":10.0},{"not_picked":["Body Slam","Spot Weakness"],"picked":"Pummel","floor":11.0},{"not_picked":["Disarm","Iron Wave"],"picked":"Immolate","floor":12.0},{"not_picked":["Shockwave","Immolate","Flex"],"picked":"SKIP","floor":14.0},{"not_picked":["Fiend Fire","Brutality"],"picked":"Reaper","floor":16.0},{"not_picked":["Clash","Heavy Blade"],"picked":"Flame Barrier+1","floor":18.0},{"not_picked":["Sword Boomerang","Anger"],"picked":"True Grit","floor":22.0},{"not_picked":["Armaments","Havoc"],"picked":"Headbutt+1","floor":24.0},{"not_picked":["Dark Embrace","Clothesline","Rage"],"picked":"SKIP","floor":27.0},{"not_picked":["Heavy Blade","Reckless Charge","Warcry+1"],"picked":"SKIP","floor":29.0},{"not_picked":["Thunderclap","Shockwave","Barricade"],"picked":"SKIP","floor":30}],"player_experience":738029,"relics_obtained":[{"floor":6.0,"key":"Tiny Chest"},{"floor":8.0,"key":"Akabeko"},{"floor":9.0,"key":"Vajra"},{"floor":12.0,"key":"Mercury Hourglass"},{"floor":14.0,"key":"Nunchaku"},{"floor":24.0,"key":"Whetstone"},{"floor":26.0,"key":"Strawberry"},{"floor":27.0,"key":"TungstenRod"},{"floor":29.0,"key":"Shovel"},{"floor":32,"key":"Question Card"}],"event_choices":[{"damage_healed":0.0,"max_hp_gain":0.0,"max_hp_loss":0.0,"gold_gain":0.0,"event_name":"Liars Game","player_choice":"Ignored","floor":2.0,"gold_loss":0.0,"damage_taken":0.0},{"cards_removed":["Strike_R"],"damage_healed":0.0,"max_hp_gain":0.0,"max_hp_loss":0.0,"gold_gain":0.0,"event_name":"The Cleric","player_choice":"Card Removal","floor":4.0,"gold_loss":75.0,"damage_taken":0.0},{"damage_healed":0.0,"max_hp_gain":0.0,"max_hp_loss":0.0,"gold_gain":75.0,"event_name":"World of Goop","player_choice":"Gather Gold","floor":5.0,"gold_loss":0.0,"damage_taken":11.0},{"damage_healed":0.0,"max_hp_gain":0.0,"max_hp_loss":0.0,"gold_gain":0.0,"event_name":"Back to Basics","player_choice":"Simplicity","floor":19.0,"gold_loss":0.0,"damage_taken":0.0,"cards_upgraded":["Strike_R","Strike_R","Strike_R","Defend_R","Defend_R","Defend_R","Defend_R"]},{"damage_healed":0.0,"max_hp_gain":5.0,"max_hp_loss":0.0,"gold_gain":0.0,"event_name":"Forgotten Altar","player_choice":"Shed Blood","floor":20.0,"gold_loss":0.0,"damage_taken":26.0},{"damage_healed":0,"gold_gain":0,"player_choice":"Read","damage_taken":0,"max_hp_gain":0,"max_hp_loss":0,"event_name":"The Library","floor":31,"gold_loss":0,"cards_obtained":["Metallicize"]}],"is_beta":true,"boss_relics":[{"not_picked":["Black Star","Philosopher\u0027s Stone"],"picked":"Black Blood"}],"items_purged_floors":[13,21],"is_endless":false,"potions_floor_spawned":[1,7,10,11,16,18,24,27],"killed_by":"Automaton","ascension_level":20}}