{"host":"Krakhan","time":1608549695,"event":{"mods":["AchievementEnabler","BaseMod","Colored Map","Colored Powertips","Faster Ascension Climbing","Highlight Path","Minty Spire (QoL Compilation)","Rare Cards Sparkle","Relic Stats","StSLib"],"gold_per_floor":[110,122,122,122,138,173,187,187,187],"floor_reached":8,"playtime":442,"items_purged":[],"score":116,"play_id":"f46c1bbd-f62d-46bb-9e51-794eeb3cd2c7","local_time":"20201221062135","is_ascension_mode":true,"campfire_choices":[],"circlet_count":0,"master_deck":["AscendersBane","Strike_G","Strike_G","Strike_G","Strike_G","Strike_G","Defend_G","Defend_G","Defend_G","Defend_G","Defend_G","Survivor","Neutralize","Dagger Spray","Dagger Throw","Pain","Sucker Punch","Dodge and Roll","Flying Knee"],"relics":["Cursed Key","WarpedTongs","Omamori"],"acts_visited":["Exordium"],"potions_floor_usage":[8],"damage_taken":[{"damage":3,"enemies":"Cultist","floor":1,"turns":5},{"damage":2,"enemies":"2 Louse","floor":2,"turns":3},{"damage":10,"enemies":"Jaw Worm","floor":5,"turns":2},{"damage":26,"enemies":"3 Sentries","floor":6,"turns":6},{"damage":17,"enemies":"Exordium Thugs","floor":7,"turns":5},{"damage":1,"enemies":"Lagavulin","floor":8,"turns":5}],"seed_played":"6831760543957867070","potions_obtained":[{"floor":7,"key":"Block Potion"}],"is_trial":false,"path_per_floor":["M","M","?","?","M","E","M","E"],"character_chosen":"THE_SILENT","items_purchased":[],"campfire_rested":0,"item_purchase_floors":[],"current_hp_per_floor":[56,54,54,54,44,18,1,0,0],"gold":187,"neow_bonus":"BOSS_RELIC","is_daily":false,"chose_seed":false,"campfire_upgraded":0,"win_rate":0.0,"timestamp":1608549695,"path_taken":["M","?","?","?","M","E","M","E"],"items_purchased_type":[],"build_version":"2020-12-18","purchased_purges":0,"victory":false,"max_hp_per_floor":[66,66,66,66,66,66,66,66,66],"relic_stats":{"counters":[6,26],"Cursed Key":0,"obtain_stats":[{"Omamori":6,"Cursed Key":0,"Ring of the Snake":0,"WarpedTongs":4},{"Omamori":4,"Cursed Key":0,"Ring of the Snake":0,"WarpedTongs":2},{"Omamori":16,"Cursed Key":0,"Ring of the Snake":0,"WarpedTongs":8}],"WarpedTongs":[18]},"card_choices":[{"not_picked":["Acrobatics","Flying Knee"],"picked":"Dagger Spray","floor":1},{"not_picked":["Tactician","Caltrops"],"picked":"Dagger Throw","floor":2},{"not_picked":["Slice","Reflex"],"picked":"Sucker Punch","floor":5},{"not_picked":["Acrobatics","Grand Finale"],"picked":"Dodge and Roll","floor":6},{"not_picked":["Accuracy","Prepared"],"picked":"Flying Knee","floor":7}],"player_experience":1218574,"relics_obtained":[{"floor":6,"key":"Omamori"}],"event_choices":[{"damage_healed":0,"gold_gain":0,"player_choice":"Ignored","damage_taken":0,"max_hp_gain":0,"max_hp_loss":0,"event_name":"Shining Light","floor":3,"gold_loss":0},{"damage_healed":0,"gold_gain":0,"player_choice":"Rummage","damage_taken":0,"relics_obtained":["WarpedTongs"],"max_hp_gain":0,"max_hp_loss":0,"event_name":"Accursed Blacksmith","floor":4,"gold_loss":0,"cards_obtained":["Pain"]}],"is_beta":true,"boss_relics":[],"items_purged_floors":[],"is_endless":false,"potions_floor_spawned":[7],"killed_by":"Lagavulin","ascension_level":20}}