{"host":"7pe9xwx78c6nlay8","time":1608554349,"event":{"mods":["BaseMod","Minty Spire (QoL Compilation)"],"gold_per_floor":[118,193,207,207,61,86,98,98,123,123,200,225,242,257,257,358,358,377,72,98,13,35,35,69,69,69,110,110,129,66,99,99,99,99],"floor_reached":33,"playtime":1570,"items_purged":["Defend_P","Strike_P","Strike_P"],"score":588,"play_id":"95e28705-0aa6-4f43-8221-eaabdc04626f","local_time":"20201221203909","is_ascension_mode":true,"campfire_choices":[{"data":"Eruption","floor":8,"key":"SMITH"},{"data":"Wallop","floor":10,"key":"SMITH"},{"data":"Vigilance","floor":15,"key":"SMITH"},{"data":"ReachHeaven","floor":23,"key":"SMITH"},{"floor":25,"key":"REST"},{"floor":32,"key":"REST"}],"circlet_count":0,"master_deck":["AscendersBane","Strike_P","Defend_P","Defend_P","Eruption+1","Vigilance+1","Judgement+1","SpiritShield","JustLucky","ReachHeaven+1","Wallop+1","Study","JustLucky","JustLucky","DeusExMachina+1","ThirdEye+1","Perseverance+1","PathToVictory+1","JustLucky","ThirdEye+1","CutThroughFate"],"relics":["PureWater","Potion Belt","Juzu Bracelet","Toxic Egg 2","Gremlin Horn","Black Star","Membership Card","CeramicFish","Bird Faced Urn","Nunchaku","Bottled Flame","Calipers","Ancient Tea Set","Mummified Hand","CloakClasp","Omamori","Regal Pillow"],"acts_visited":["Exordium","TheCity"],"potions_floor_usage":[12,16,22,31,33,33],"damage_taken":[{"damage":0.0,"enemies":"Jaw Worm","floor":1.0,"turns":6.0},{"damage":0,"enemies":"Cultist","floor":3,"turns":4},{"damage":4,"enemies":"3 Sentries","floor":6,"turns":5},{"damage":0,"enemies":"Small Slimes","floor":7,"turns":1},{"damage":0,"enemies":"Gremlin Nob","floor":12,"turns":2},{"damage":0,"enemies":"Exordium Thugs","floor":13,"turns":4},{"damage":2,"enemies":"Looter","floor":14,"turns":3},{"damage":49,"enemies":"Hexaghost","floor":16,"turns":12},{"damage":14,"enemies":"Shell Parasite","floor":18,"turns":4},{"damage":0,"enemies":"3 Byrds","floor":20,"turns":4},{"damage":0,"enemies":"3 Cultists","floor":22,"turns":4},{"damage":28,"enemies":"Book of Stabbing","floor":24,"turns":5},{"damage":0,"enemies":"Gremlin Leader","floor":27,"turns":6},{"damage":0,"enemies":"Centurion and Healer","floor":29,"turns":6},{"damage":19,"enemies":"Slavers","floor":31,"turns":5},{"damage":84,"enemies":"Champ","floor":33,"turns":16}],"seed_played":"-7757104901880561199","potions_obtained":[{"floor":3,"key":"ColorlessPotion"},{"floor":7,"key":"Fire Potion"},{"floor":13,"key":"EssenceOfSteel"},{"floor":20,"key":"Ancient Potion"},{"floor":24,"key":"StancePotion"},{"floor":31,"key":"Dexterity Potion"}],"is_trial":false,"path_per_floor":["M","?","M","?","$","E","M","R","T","R","T","E","M","M","R","B",null,"M","$","M","?","M","R","E","R","T","E","T","M","$","E","R","B"],"character_chosen":"WATCHER","items_purchased":["Wallop","Membership Card","CeramicFish","Perseverance+1"],"campfire_rested":2,"item_purchase_floors":[5,19,19,19],"current_hp_per_floor":[65,59,59,59,59,55,55,55,55,55,55,55,55,53,53,4,50,36,36,36,36,36,36,10,29,29,31,31,33,33,16,50,0,0],"gold":99,"neow_bonus":"TRANSFORM_TWO_CARDS","is_daily":false,"chose_seed":false,"campfire_upgraded":4,"win_rate":0.0,"timestamp":1608554349,"path_taken":["M","?","?","?","?","E","?","R","T","R","?","E","M","M","R","BOSS","M","$","M","?","M","R","E","R","T","E","?","M","$","E","R","BOSS"],"items_purchased_type":["Card","Relic","Relic","Card"],"build_version":"2020-12-13","purchased_purges":3,"victory":false,"max_hp_per_floor":[65,65,65,65,65,65,65,65,65,65,65,65,65,65,65,65,65,65,65,65,65,65,65,65,65,65,65,65,65,65,65,65,65,65],"card_choices":[{"not_picked":["WreathOfFlame","FearNoEvil"],"picked":"JustLucky","floor":1.0},{"not_picked":["Pray","Halt"],"picked":"ReachHeaven","floor":3},{"not_picked":["SandsOfTime","SashWhip"],"picked":"Study","floor":6},{"not_picked":["EmptyFist","Meditate"],"picked":"JustLucky","floor":7},{"not_picked":["CrushJoints","EmptyFist"],"picked":"JustLucky","floor":12},{"not_picked":["SignatureMove","Crescendo+1","Protect+1"],"picked":"SKIP","floor":13},{"not_picked":["Swivel+1","Conclude","Halt+1"],"picked":"SKIP","floor":14},{"not_picked":["Alpha+1","Brilliance"],"picked":"DeusExMachina+1","floor":16},{"not_picked":["WindmillStrike","Adaptation"],"picked":"ThirdEye+1","floor":18},{"not_picked":["Study+1","Crescendo+1"],"picked":"PathToVictory+1","floor":20},{"not_picked":["Pray+1","Crescendo+1"],"picked":"JustLucky","floor":22},{"not_picked":["CarveReality","WheelKick"],"picked":"ThirdEye+1","floor":24},{"not_picked":["Evaluate+1","JustLucky"],"picked":"CutThroughFate","floor":27},{"not_picked":["Blasphemy+1","Swivel+1","Consecrate+1"],"picked":"SKIP","floor":29},{"not_picked":["CrushJoints","ClearTheMind+1","FlurryOfBlows"],"picked":"SKIP","floor":31}],"player_experience":1550094,"relics_obtained":[{"floor":6,"key":"Potion Belt"},{"floor":9,"key":"Juzu Bracelet"},{"floor":11,"key":"Toxic Egg 2"},{"floor":12,"key":"Gremlin Horn"},{"floor":24,"key":"Nunchaku"},{"floor":24,"key":"Bottled Flame"},{"floor":26,"key":"Calipers"},{"floor":27,"key":"Ancient Tea Set"},{"floor":27,"key":"Mummified Hand"},{"floor":28,"key":"CloakClasp"},{"floor":31,"key":"Omamori"},{"floor":31,"key":"Regal Pillow"}],"event_choices":[{"damage_healed":0,"gold_gain":75,"player_choice":"Touch","damage_taken":6,"max_hp_gain":0,"max_hp_loss":0,"event_name":"FaceTrader","floor":2,"gold_loss":0},{"damage_healed":0,"gold_gain":0,"player_choice":"Grow","damage_taken":0,"max_hp_gain":0,"max_hp_loss":0,"event_name":"Living Wall","floor":4,"gold_loss":0,"cards_upgraded":["Judgement"]},{"damage_healed":0,"gold_gain":0,"player_choice":"Obtained Relic","damage_taken":0,"relics_obtained":["Bird Faced Urn"],"max_hp_gain":0,"max_hp_loss":0,"event_name":"Addict","floor":21,"gold_loss":85}],"is_beta":false,"boss_relics":[{"not_picked":["Runic Dome","Cursed Key"],"picked":"Black Star"}],"items_purged_floors":[5,19,30],"is_endless":false,"potions_floor_spawned":[3,7,13,20,24,31],"killed_by":"Champ","ascension_level":11}}