{"host":"xyexbe31ku0ov20l","time":1608532517,"event":{"mods":["AchievementEnabler","AlwaysNeverKeys","BaseMod","Bestiary","Block Reminder","Colored Map","Colored Powertips","Curses Come First","Displayed Cursed Tome","Minty Spire (QoL Compilation)","Permanent Neow","Quick Restart","Random Character Button","Rare Cards Sparkle","Relic Stats","StSLib"],"gold_per_floor":[115,129,139,152,171,171,171],"floor_reached":6,"playtime":3017,"items_purged":[],"score":80,"play_id":"b28cd2be-df54-481d-9cdf-091e595b78e6","local_time":"20201220223517","is_ascension_mode":true,"campfire_choices":[],"circlet_count":0,"master_deck":["AscendersBane","Strike_G","Strike_G","Strike_G","Strike_G","Strike_G","Defend_G","Defend_G","Defend_G","Defend_G","Defend_G","Survivor","Neutralize","Deadly Poison","Heel Hook","Noxious Fumes","Acrobatics","Noxious Fumes"],"relics":["Velvet Choker"],"acts_visited":["Exordium"],"potions_floor_usage":[6],"damage_taken":[{"damage":0.0,"enemies":"Jaw Worm","floor":1.0,"turns":4.0},{"damage":1.0,"enemies":"Small Slimes","floor":2.0,"turns":4.0},{"damage":1.0,"enemies":"Cultist","floor":3.0,"turns":4.0},{"damage":5.0,"enemies":"Lots of Slimes","floor":4.0,"turns":4.0},{"damage":10.0,"enemies":"Large Slime","floor":5.0,"turns":6.0},{"damage":56,"enemies":"Gremlin Nob","floor":6,"turns":4}],"seed_played":"-751421009650376967","potions_obtained":[{"floor":4.0,"key":"LiquidBronze"},{"floor":5.0,"key":"SpeedPotion"}],"is_trial":false,"path_per_floor":["M","M","M","M","M","E"],"character_chosen":"THE_SILENT","items_purchased":[],"campfire_rested":0,"item_purchase_floors":[],"current_hp_per_floor":[59,58,57,52,42,0,0],"gold":171,"neow_bonus":"BOSS_RELIC","is_daily":false,"chose_seed":false,"campfire_upgraded":0,"win_rate":0.0,"timestamp":1608532517,"path_taken":["M","M","M","M","M","E"],"items_purchased_type":[],"build_version":"2020-12-13","purchased_purges":0,"victory":false,"max_hp_per_floor":[66,66,66,66,66,66,66],"relic_stats":{"counters":[6,26],"obtain_stats":[{"Velvet Choker":0,"Ring of the Snake":0},{"Velvet Choker":0,"Ring of the Snake":0},{"Velvet Choker":0,"Ring of the Snake":0}]},"card_choices":[{"not_picked":["Slice","Dagger Throw"],"picked":"Deadly Poison","floor":1.0},{"not_picked":["Concentrate","Prepared"],"picked":"Heel Hook","floor":2.0},{"not_picked":["Poisoned Stab","Backflip"],"picked":"Noxious Fumes","floor":3.0},{"not_picked":["Endless Agony","Tactician"],"picked":"Acrobatics","floor":4.0},{"not_picked":["Masterful Stab","Dagger Spray"],"picked":"Noxious Fumes","floor":5.0}],"player_experience":2254846,"relics_obtained":[],"event_choices":[],"is_beta":false,"boss_relics":[],"items_purged_floors":[],"is_endless":false,"potions_floor_spawned":[4,5],"killed_by":"Gremlin Nob","ascension_level":20}}