{"host":"df9o10zwd5ba1nc2","time":1608563437,"event":{"mods":["Aspiration","Bard","BaseMod","Beaked The Cultist","Better Altar","Better Match","Better Note","Better Sensory Stone","Better Skull","Better Third Choice","BetterRewards","CCEM","Clawfect","Colored Map","Conspire","Downfall","GifTheSpireLib","Googly Eyes","Halation","Hermit","Highlight Path","Hubris","Hunter ??","Infinite Spire","Jedi Mod","Jorbs\u0027s Wanderer Trilogy","Mad Scientist","Marisa????????","Minty Spire (QoL Compilation)","Permanent Neow","Replay The Spire","Shade Mod","Shop Mod","Spicy Shops","StSLib","Stuff the Spire","The Administrix","The Animator","The Blackbeard","The Construct","The Cursed","The Disciple","The Gatherer","The Hierophant","The Mystic","The Necromancer","The Problem Sleuth","The Servant 0.9.4","The Spell Scribe","The Witch","Unceasing Turn Reminder","everything is the same but u backflip on backflip","slay the spire mod where everything is the same but ironclad has a cowboy hat"],"gold_per_floor":[99,124,139,154,196,646,716,742,769,694,706,706,722,738,749,749,749],"floor_reached":16,"playtime":1015,"items_purged":[],"score":128,"play_id":"02442241-2ec6-402b-b1cd-275285a20530","local_time":"20201221101036","is_ascension_mode":false,"campfire_choices":[{"data":"animator:Gillette","floor":10,"key":"SMITH"}],"circlet_count":0,"master_deck":["animator:Strike_Konosuba","animator:Defend_Konosuba","animator:Strike","animator:Strike","animator:Defend","animator:Defend","animator:Defend","animator:Kazuma","animator:Aqua","animator:Tyuule","animator:Souei","animator:Shigure","animator:SakuraMatou","animator:OrikoMikuni","animator:Gillette+1","Slimebound:Icky","Slimebound:Icky","animator:Viivi","animator:Shalltear","animator:IrohaTamaki","animator:Lu","animator:Aqua"],"relics":["animator:LivingPicture","animator:TheMissingPiece","animator:PurgingStone","StuffTheSpire:CocoNut","infinitespire:Golems Mask","downfall:HeartBlessingBlue","Spirit Poop"],"acts_visited":["Exordium"],"potions_floor_usage":[8,8,16,16,16],"damage_taken":[{"damage":6,"enemies":"Cultist","floor":2,"turns":4},{"damage":3,"enemies":"Jaw Worm","floor":3,"turns":4},{"damage":3,"enemies":"conspire:RoseBush","floor":4,"turns":2},{"damage":31,"enemies":"Gremlin Nob","floor":8,"turns":5},{"damage":13,"enemies":"Blue Slaver","floor":11,"turns":4},{"damage":12,"enemies":"2 Fungi Beasts","floor":13,"turns":3},{"damage":10,"enemies":"Exordium Thugs","floor":14,"turns":4},{"damage":0,"enemies":"3 Louse","floor":15,"turns":2},{"damage":7,"enemies":"downfall:Ironclad","floor":16,"turns":3}],"seed_played":"9132649054513008882","potions_obtained":[{"floor":2,"key":"Weak Potion"},{"floor":4,"key":"Reflective Coating"},{"floor":5,"key":"jedi:tentaclejuice"},{"floor":13,"key":"Block Potion"},{"floor":14,"key":"jedi:StrikingPotion"}],"is_trial":false,"path_per_floor":["R_BF","M","M","M","?","?","T","E","T","R","M","?","M","M","M","B"],"character_chosen":"THE_ANIMATOR","items_purchased":[],"campfire_rested":0,"item_purchase_floors":[],"current_hp_per_floor":[66,62,61,60,44,44,51,20,20,30,19,19,9,1,1,0,0],"gold":749,"neow_bonus":"THREE_CARDS","is_daily":false,"chose_seed":false,"campfire_upgraded":1,"win_rate":0.0,"timestamp":1608563436,"path_taken":["R_BF","M","M","M","?","?","T","E","?","R","M","?","M","?","M","BOSS"],"items_purchased_type":[],"build_version":"2020-12-13","purchased_purges":0,"victory":false,"max_hp_per_floor":[66,66,66,66,66,66,73,73,73,83,83,83,83,83,83,83,83],"card_choices":[{"not_picked":["animator:LeleiLaLalena","animator:ShinjiMatou"],"picked":"animator:Tyuule","floor":0},{"not_picked":["animator:Verdia","animator:PandorasActor"],"picked":"animator:Shigure","floor":2},{"not_picked":["animator:Emonzaemon","animator:ZankiKiguchi"],"picked":"animator:SakuraMatou","floor":3},{"not_picked":["animator:AcuraAkari","animator:Demiurge"],"picked":"animator:OrikoMikuni","floor":4},{"not_picked":["animator:Hakurou","animator:Witch"],"picked":"animator:Gillette","floor":5},{"not_picked":["animator:Fredrika","animator:Guy"],"picked":"animator:Viivi","floor":8},{"not_picked":["animator:YuiTsuruno","animator:SakuraMatou"],"picked":"animator:Shalltear","floor":11},{"not_picked":["animator:Kuribayashi","animator:RoyMustang"],"picked":"animator:IrohaTamaki","floor":13},{"not_picked":["animator:Yoichi","animator:Chris"],"picked":"animator:Lu","floor":14},{"not_picked":["animator:Vanir","animator:Verdia"],"picked":"animator:Aqua","floor":15}],"player_experience":47078,"relics_obtained":[{"floor":7,"key":"StuffTheSpire:CocoNut"},{"floor":8,"key":"infinitespire:Golems Mask"}],"event_choices":[{"cards_removed":["Slimebound:Icky"],"damage_healed":0,"gold_gain":0,"player_choice":"Offered Curse","damage_taken":0,"relics_obtained":["Spirit Poop"],"max_hp_gain":0,"max_hp_loss":0,"event_name":"Bonfire Elementals","floor":12,"gold_loss":0}],"is_beta":false,"boss_relics":[],"items_purged_floors":[],"is_endless":false,"potions_floor_spawned":[2,4,13,14],"killed_by":"downfall:Ironclad","ascension_level":0}}