{"host":"c59zqhrgluvxuu0k","time":1608541808,"event":{"mods":["BaseMod","Better Altar","Better Third Choice","BetterRewards","Colored Map","Colored Powertips","Curses Come First","Downfall","Duelist Mod","Friendly Minions","Hermit","Minty Spire (QoL Compilation)","Replay The Spire","Shop Mod","Spicy Shops","StSLib","The Administrix","The Blackbeard","The Cursed","The Death Knight","The Dragon Tamer","The Druid","The Jungle","The Runesmith","The Wild Card"],"gold_per_floor":[99,114,35,35,35,35,59,73,106,106,118,131,159,184,194,295,295,295,295,295,220,253,253,305,81,92,92,92,108,33,44,71,71,71,71],"floor_reached":33,"playtime":3870,"items_purged":["CommonCold"],"score":263,"play_id":"66c5fce8-48c1-4d72-86bc-1a96b3aac22d","local_time":"20201221021008","is_ascension_mode":false,"campfire_choices":[{"floor":1,"key":"DIG"},{"data":"champ:CalledShot","floor":4,"key":"SMITH"},{"data":"Midas Touch","floor":6,"key":"SMITH"},{"data":"champ:Taunt","floor":10,"key":"SMITH"},{"floor":18,"key":"RECALL"},{"data":"champ:HoldFirm","floor":21,"key":"SMITH"},{"floor":27,"key":"REST"}],"circlet_count":0,"master_deck":["champ:Strike","champ:Strike","champ:Strike","champ:Defend","champ:Defend","champ:Defend","champ:Defend","champ:Execute","champ:Taunt+1","Midas Touch+1","champ:BerserkerStyle","champ:AdrenalArmor","champ:CalledShot+1","champ:Haymaker+1","champ:Control","champ:Devastate","champ:StanceDance","champ:DefensiveStyle","champ:HoldFirm+1","CurseOfTheBell","champ:GutPunch","champ:StanceDance+1","champ:RapidStrikes+1","RitualDagger","champ:Balance+1","champ:SkillfulDodge"],"relics":["champ:ChampionCrown","Blue Doll","Pen Nib","ReplayTheSpireMod:Lightbulb","Odd Mushroom","hexamod:BolsterEngine","Calling Bell","Regal Pillow","Replay:Bottled Steam","champ:GladiatorsBookOfMartialProwess","ReplayTheSpireMod:Ring of Collecting","downfall:HeartBlessingRed","Red Mask","ReplayTheSpireMod:Ring of Challenge","Anchor","Nunchaku","ClockworkSouvenir"],"acts_visited":["Exordium","TheCity"],"potions_floor_usage":[12,13,16,22,23,33,33],"damage_taken":[{"damage":6,"enemies":"Cultist","floor":2,"turns":3},{"damage":10,"enemies":"downfall:FleeingMerchant","floor":3,"turns":5},{"damage":16,"enemies":"Small Slimes","floor":8,"turns":4},{"damage":27,"enemies":"Lagavulin","floor":9,"turns":6},{"damage":3,"enemies":"Jaw Worm","floor":11,"turns":2},{"damage":0,"enemies":"2 Fungi Beasts","floor":12,"turns":2},{"damage":10,"enemies":"The Mushroom Lair","floor":13,"turns":4},{"damage":16,"enemies":"3 Louse","floor":15,"turns":4},{"damage":18,"enemies":"downfall:Watcher","floor":16,"turns":8},{"damage":80,"enemies":"Masked Bandits","floor":22,"turns":9},{"damage":15,"enemies":"Slavers","floor":23,"turns":3},{"damage":11,"enemies":"downfall:FleeingMerchant","floor":25,"turns":4},{"damage":5,"enemies":"Spheric Guardian","floor":26,"turns":3},{"damage":14,"enemies":"Snake Plant","floor":29,"turns":4},{"damage":19,"enemies":"downfall:FleeingMerchant","floor":30,"turns":4},{"damage":10,"enemies":"Snecko","floor":31,"turns":5},{"damage":28,"enemies":"Sentry and Sphere","floor":32,"turns":4},{"damage":17,"enemies":"downfall:Defect","floor":33,"turns":9}],"seed_played":"-4577813590805696239","potions_obtained":[{"floor":2,"key":"Explosive Potion"},{"floor":9,"key":"LifebloodPotion"},{"floor":11,"key":"SteroidPotion"},{"floor":12,"key":"SmokeBomb"},{"floor":15,"key":"champ:TechniquePotion"},{"floor":26,"key":"Strength Potion"},{"floor":31,"key":"Explosive Potion"}],"is_trial":false,"path_per_floor":["R_BF","M","$","R","?","R","T","M","E","R","M","M","?","T","M","B",null,"R","?","?","R","?","E","T","$","M","R","?","M","$","M","M","B"],"character_chosen":"THE_CHAMP","items_purchased":["champ:CalledShot","champ:Haymaker+1","Nunchaku","ClockworkSouvenir"],"campfire_rested":1,"item_purchase_floors":[3,3,25,25],"current_hp_per_floor":[81,80,80,80,80,80,80,80,71,71,68,68,71,71,71,66,81,81,81,81,81,30,18,18,13,13,52,46,46,37,36,13,0,0,0],"gold":71,"neow_bonus":"RANDOM_COLORLESS_2","is_daily":false,"chose_seed":false,"campfire_upgraded":4,"win_rate":0.0,"timestamp":1608541808,"path_taken":["R_BF","M","$","R","?","R","T","M","E","R","M","?","?","?","M","BOSS","R","?","?","R","?","E","T","$","M","R","?","?","$","M","M","BOSS"],"items_purchased_type":["Card","Card","Relic","Relic"],"build_version":"2020-12-13","purchased_purges":1,"victory":false,"max_hp_per_floor":[81,81,81,81,81,81,81,81,81,81,81,81,81,81,81,81,81,81,81,81,81,81,81,81,81,81,81,81,81,81,81,81,81,81,81],"card_choices":[{"not_picked":["Secret Technique","ReplayTheSpireMod:Brewmster"],"picked":"Midas Touch","floor":0},{"not_picked":["champ:PreciseThrust","champ:FlashCut"],"picked":"champ:BerserkerStyle","floor":2},{"not_picked":["champ:CrookedStrike","champ:Backstep"],"picked":"champ:AdrenalArmor","floor":3},{"not_picked":["champ:Lariat","champ:FlashCut"],"picked":"champ:Control","floor":8},{"not_picked":["champ:BladeFlurry","champ:BringItOn","champ:TornadoPunch"],"picked":"SKIP","floor":9},{"not_picked":["champ:DefensiveShout","champ:GladiatorStyle"],"picked":"champ:Devastate","floor":11},{"not_picked":["champ:FlashCut","champ:FocusedGladiator"],"picked":"champ:StanceDance","floor":12},{"not_picked":["champ:Haymaker","champ:GladiatorsShout"],"picked":"champ:DefensiveStyle","floor":15},{"not_picked":["champ:CheapShot","champ:DancingMaster"],"picked":"champ:HoldFirm","floor":16},{"not_picked":["champ:RecklessLeap","champ:DeathBlow+1"],"picked":"champ:GutPunch","floor":22},{"not_picked":["champ:EnragedBash","champ:Backstep"],"picked":"champ:StanceDance+1","floor":25},{"not_picked":["champ:FanOfKnives","champ:CrookedStrike"],"picked":"champ:RapidStrikes+1","floor":26},{"not_picked":["champ:StanceDance","champ:TornadoPunch","champ:FlashCut"],"picked":"SKIP","floor":29},{"not_picked":["champ:Haymaker","champ:FanOfKnives"],"picked":"champ:Balance+1","floor":30},{"not_picked":["champ:EnragedBash","champ:BladeFlurry"],"picked":"champ:SkillfulDodge","floor":31},{"not_picked":["champ:BladeFlurry","champ:Haymaker+1","champ:StanceDance"],"picked":"SKIP","floor":32}],"player_experience":2114930,"relics_obtained":[{"floor":1,"key":"Blue Doll"},{"floor":7,"key":"Pen Nib"},{"floor":9,"key":"ReplayTheSpireMod:Lightbulb"},{"floor":13,"key":"Odd Mushroom"},{"floor":14,"key":"hexamod:BolsterEngine"},{"floor":17,"key":"Regal Pillow"},{"floor":17,"key":"Replay:Bottled Steam"},{"floor":17,"key":"champ:GladiatorsBookOfMartialProwess"},{"floor":20,"key":"ReplayTheSpireMod:Ring of Collecting"},{"floor":22,"key":"Red Mask"},{"floor":24,"key":"ReplayTheSpireMod:Ring of Challenge"},{"floor":24,"key":"Anchor"}],"event_choices":[{"cards_removed":["champ:Strike"],"damage_healed":0,"gold_gain":0,"player_choice":"Offered Basic","damage_taken":0,"max_hp_gain":0,"max_hp_loss":0,"event_name":"Bonfire Elementals","floor":5,"gold_loss":0},{"damage_healed":0,"gold_gain":0,"player_choice":"Fought Mushrooms","damage_taken":0,"max_hp_gain":0,"max_hp_loss":0,"event_name":"Mushrooms","floor":13,"gold_loss":0},{"damage_healed":0,"gold_gain":0,"player_choice":"Fought Bandits","damage_taken":0,"max_hp_gain":0,"max_hp_loss":0,"event_name":"Masked Bandits","floor":22,"gold_loss":0}],"is_beta":false,"boss_relics":[{"not_picked":["Replay:Drink Me","Velvet Choker"],"picked":"Calling Bell"}],"items_purged_floors":[30],"is_endless":false,"potions_floor_spawned":[2,9,11,12,15,23,26,31],"killed_by":"downfall:Defect","ascension_level":0}}