{"host":"6gzy6nvr8uokwcne","time":1608593851,"event":{"mods":["2.2 Compatiblity","AchievementEnabler","Act Like it!","BaseMod","Hallownest","Marisa????????","Minty Spire (QoL Compilation)","Quick Restart","StSLib","The Alterego","The Cursed","The Disciple","The Dragon Tamer","The Necromancer","The Servant 0.9.4"],"gold_per_floor":[119,136,155,168,20,45,45,60,60,75,93,268,268,283,283,388,388,360,111,123,123,133,133,163,163,163,163,28,60,72,72,72,176,176,205,215,215,262,262,297,297,297,297,307,307,357,357,371,371,371,371],"floor_reached":50,"playtime":9341,"items_purged":[],"score":564,"play_id":"7307a429-0594-42fa-9478-ceca87e03717","local_time":"20201221163731","daily_mods":["Heirloom"],"is_ascension_mode":false,"campfire_choices":[{"floor":7,"key":"RECALL"},{"floor":13,"key":"REST"},{"data":"LockedAnchor","floor":15,"key":"SMITH"},{"floor":23,"key":"REST"},{"floor":25,"key":"REST"},{"floor":27,"key":"REST"},{"floor":32,"key":"REST"},{"data":"LockedCalendar","floor":41,"key":"SMITH"},{"floor":49,"key":"REST"}],"circlet_count":0,"master_deck":["Strike_Br","Strike_Br","Strike_Br","Strike_Br","Defend_Br","Defend_Br","Defend_Br","Defend_Br","SecondHand","PatternShift","LockedBlood","HandsUpC","Engulf","LockedTurtyl+1","LockedScales","TickedOff","LockedAnchor+1","Doubt","LockedMercury","LockedAstrolabe","LockedScales","BlueShift","LockedScales","ExoVibe","ReapSow","LockedPlans","LockedTornado","Allargando+1","OldTimer","LockedCalendar+1","Accelerando+1","Writhe","LockedScales+1","Decay","LockedUrn","Madness","Madness","Goo+2"],"relics":["Chronograph","Torii","SpringShield","Art of War","Pen Nib","Dream Catcher","Cursed Key","StoneCalendar","Eternal Feather","The Courier","Shuriken","Ginger"],"acts_visited":["Exordium","TheCity","TheBeyond"],"potions_floor_usage":[2,4,6,14,16,16,18,22,24,29,29,31,38,40],"damage_taken":[{"damage":1,"enemies":"2 Louse","floor":1,"turns":4},{"damage":1,"enemies":"Cultist","floor":2,"turns":5},{"damage":2,"enemies":"Jaw Worm","floor":3,"turns":5},{"damage":3,"enemies":"Blue Slaver","floor":4,"turns":5},{"damage":29,"enemies":"3 Sentries","floor":6,"turns":8},{"damage":8,"enemies":"2 Fungi Beasts","floor":8,"turns":4},{"damage":2,"enemies":"Exordium Thugs","floor":10,"turns":5},{"damage":2,"enemies":"Large Slime","floor":11,"turns":8},{"damage":7,"enemies":"2 Fungi Beasts","floor":14,"turns":6},{"damage":41,"enemies":"The Guardian","floor":16,"turns":16},{"damage":28,"enemies":"2 Thieves","floor":18,"turns":5},{"damage":40,"enemies":"Spheric Guardian","floor":20,"turns":7},{"damage":26,"enemies":"Shelled Parasite and Fungi","floor":22,"turns":8},{"damage":39,"enemies":"Book of Stabbing","floor":24,"turns":7},{"damage":45,"enemies":"Cultist and Chosen","floor":29,"turns":8},{"damage":2,"enemies":"Snake Plant","floor":30,"turns":6},{"damage":21,"enemies":"Slavers","floor":31,"turns":2},{"damage":145,"enemies":"Champ","floor":33,"turns":24},{"damage":22,"enemies":"Orb Walker","floor":35,"turns":6},{"damage":22,"enemies":"3 Shapes","floor":36,"turns":7},{"damage":166,"enemies":"2 Orb Walkers","floor":38,"turns":7},{"damage":91,"enemies":"Nemesis","floor":40,"turns":11},{"damage":63,"enemies":"Sphere and 2 Shapes","floor":44,"turns":5},{"damage":12,"enemies":"Mind Bloom Boss Battle","floor":46,"turns":5},{"damage":92,"enemies":"Transient","floor":48,"turns":5},{"damage":76,"enemies":"Donu and Deca","floor":50,"turns":6}],"seed_played":"-3599868042128691438","potions_obtained":[{"floor":1,"key":"ColorlessPotion"},{"floor":2,"key":"Swift Potion"},{"floor":8,"key":"HastePotion"},{"floor":11,"key":"WardPotion"},{"floor":14,"key":"Strength Potion"},{"floor":16,"key":"SkillPotion"},{"floor":20,"key":"SkillPotion"},{"floor":22,"key":"Explosive Potion"},{"floor":30,"key":"SmokeBomb"},{"floor":35,"key":"SkillPotion"},{"floor":38,"key":"Weak Potion"}],"is_trial":true,"path_per_floor":["M","M","M","M","$","E","R","M","T","M","M","?","R","M","R","B",null,"M","$","M","?","M","R","E","R","T","R","$","M","M","E","R","B",null,"M","M","?","?","T","E","R","?","T","M","?","?","?","M","R","B"],"character_chosen":"CHRONO_CLASS","items_purchased":["LockedScales","CultistPotion","Pen Nib","FairyPotion","LockedTornado","PowerPotion","WardPotion"],"campfire_rested":6,"item_purchase_floors":[5,5,19,19,28,28,28],"current_hp_per_floor":[64,65,65,64,64,41,41,35,35,33,37,37,56,55,55,20,65,39,39,5,5,35,54,15,34,34,53,53,14,12,19,38,44,65,43,36,36,21,21,36,54,54,54,41,41,29,21,29,65,0,0],"gold":371,"neow_bonus":"","is_daily":false,"chose_seed":false,"campfire_upgraded":2,"win_rate":0.0,"timestamp":1608593851,"path_taken":["M","M","M","M","$","E","R","M","T","M","M","?","R","M","R","BOSS","M","$","M","?","?","R","E","R","T","R","$","M","M","E","R","BOSS","M","M","?","?","?","E","R","?","T","?","?","?","?","M","R","BOSS"],"items_purchased_type":["Card","Potion","Relic","Potion","Card","Potion","Potion"],"build_version":"2020-12-13","purchased_purges":0,"victory":false,"max_hp_per_floor":[65,65,65,65,65,65,65,65,65,65,65,65,65,65,65,65,65,65,65,65,65,65,65,65,65,65,65,65,65,65,65,65,65,65,65,65,65,65,65,65,65,65,65,65,65,65,65,65,65,65,65],"card_choices":[{"not_picked":["Analog","ShortSighted"],"picked":"LockedBlood","floor":1},{"not_picked":["EscortCommand","ResonantCall"],"picked":"HandsUpC","floor":2},{"not_picked":["CrunchTime","WindUp"],"picked":"Engulf","floor":3},{"not_picked":["PrimeTime","Echoward"],"picked":"LockedTurtyl","floor":4},{"not_picked":["CrunchTime","Break","WindUp"],"picked":"SKIP","floor":6},{"not_picked":["DaylightSavings","LockedMawBank"],"picked":"ExoVibe","floor":8},{"not_picked":["LockedBlood","BiteCommand"],"picked":"TickedOff","floor":10},{"not_picked":["Fragmentalize","PrimeTime"],"picked":"LockedAnchor","floor":11},{"not_picked":["PrimeTime","HandsUpC"],"picked":"LockedMercury","floor":14},{"not_picked":["OldTimer","Fragmentalize"],"picked":"LockedAstrolabe","floor":16},{"not_picked":["Engulf","ExoVibe"],"picked":"LockedScales","floor":18},{"not_picked":["Cuckoo+1","Analog"],"picked":"BlueShift","floor":20},{"not_picked":["AlternateTimeline","HandsUpB"],"picked":"LockedScales","floor":22},{"not_picked":["BlueShift","WakeUpCall+1"],"picked":"ExoVibe","floor":24},{"not_picked":["LockedAnchor","WakeUpCall"],"picked":"ReapSow","floor":25},{"not_picked":["Tempo+1","EscortCommand+1"],"picked":"LockedPlans","floor":27},{"not_picked":["LockedMawBank","PrimeTime+1","Stagnate"],"picked":"SKIP","floor":29},{"not_picked":["Break","AlternateTimeline"],"picked":"OldTimer","floor":30},{"not_picked":["MasterKey","LockedAstrolabe"],"picked":"LockedCalendar","floor":33},{"not_picked":["SlimeSpray","LockedMedicine","Parity"],"picked":"SKIP","floor":35},{"not_picked":["FormalWear","BlueShift+1","LockedTurtyl+1"],"picked":"SKIP","floor":36},{"not_picked":["WindUp","Analog"],"picked":"LockedScales+1","floor":40},{"not_picked":["WindUp","Tempo","Facsimile"],"picked":"SKIP","floor":44},{"not_picked":["BiteCommand+1","LockedScales+1"],"picked":"LockedUrn","floor":46},{"not_picked":["DaylightSavings","ReapSow","Echoward"],"picked":"SKIP","floor":48},{"not_picked":["FormalWear+1","ReapSow"],"picked":"Goo+1","floor":49}],"player_experience":465057,"relics_obtained":[{"floor":6,"key":"SpringShield"},{"floor":9,"key":"Art of War"},{"floor":24,"key":"Dream Catcher"},{"floor":38,"key":"StoneCalendar"},{"floor":39,"key":"Eternal Feather"},{"floor":40,"key":"The Courier"},{"floor":43,"key":"Shuriken"},{"floor":46,"key":"Ginger"}],"event_choices":[{"damage_healed":0,"gold_gain":175,"player_choice":"AGREE","damage_taken":0,"max_hp_gain":0,"max_hp_loss":0,"event_name":"Liars Game","floor":12,"gold_loss":0,"cards_obtained":["Doubt"]},{"damage_healed":0,"gold_gain":0,"player_choice":"Ignored","damage_taken":0,"max_hp_gain":0,"max_hp_loss":0,"event_name":"Transmorgrifier","floor":21,"gold_loss":0},{"damage_healed":0,"gold_gain":0,"player_choice":"Memory 1","damage_taken":0,"max_hp_gain":0,"max_hp_loss":0,"event_name":"SensoryStone","floor":37,"gold_loss":0},{"damage_healed":0,"gold_gain":0,"player_choice":"Fight","damage_taken":0,"max_hp_gain":0,"max_hp_loss":0,"event_name":"Mysterious Sphere","floor":38,"gold_loss":0},{"damage_healed":0,"gold_gain":0,"player_choice":"Forge","damage_taken":0,"max_hp_gain":0,"max_hp_loss":0,"event_name":"Accursed Blacksmith","floor":42,"gold_loss":0,"cards_upgraded":["LockedTurtyl"]},{"cards_removed":["ExoVibe"],"damage_healed":0,"gold_gain":0,"player_choice":"Removed Skill","damage_taken":0,"max_hp_gain":0,"max_hp_loss":0,"event_name":"Falling","floor":45,"gold_loss":0},{"damage_healed":0,"gold_gain":0,"player_choice":"Fight","damage_taken":0,"max_hp_gain":0,"max_hp_loss":0,"event_name":"MindBloom","floor":46,"gold_loss":0},{"damage_healed":0,"gold_gain":0,"player_choice":"Embrace Madness","damage_taken":8,"max_hp_gain":0,"max_hp_loss":0,"event_name":"Winding Halls","floor":47,"gold_loss":0,"cards_obtained":["Madness","Madness"]}],"is_beta":false,"boss_relics":[{"not_picked":["Runic Dome","Calling Bell"],"picked":"Chronograph"},{"not_picked":["Runic Pyramid","Philosopher\u0027s Stone"],"picked":"Cursed Key"}],"items_purged_floors":[],"is_endless":false,"potions_floor_spawned":[1,2,8,11,14,16,20,22,30,35,38],"killed_by":"Donu and Deca","ascension_level":0}}