{"host":"qhn6g0owdgjb77rz","time":1608552785,"event":{"mods":["BaseMod","BetterRewards","Colored Map","Minty Spire (QoL Compilation)","Relic Sorter","StSLib","The Construct"],"gold_per_floor":[116,116,129,129,142,167,167,198,272,284,88,102,102,116,116,116,116],"floor_reached":16,"playtime":854,"items_purged":["Pain"],"score":264,"play_id":"05fab8de-2e81-4aa9-b242-3e5c5952cb2d","local_time":"20201221211305","is_ascension_mode":true,"campfire_choices":[{"data":"construct:Autoturret","floor":7,"key":"SMITH"},{"data":"construct:Autoturret+1","floor":10,"key":"SMITH"},{"data":"construct:QuickAttack+1","floor":13,"key":"SMITH"},{"data":"construct:GuardCore","floor":15,"key":"SMITH"}],"circlet_count":0,"master_deck":["AscendersBane","construct:Strike_Gold","construct:Strike_Gold","construct:Strike_Gold","construct:Strike_Gold","construct:Strike_Gold","construct:Defend_Gold","construct:Defend_Gold","construct:Defend_Gold","construct:Defend_Gold","construct:AttackMode","construct:DefenseMode","construct:Autoturret+2","construct:FlameCore","construct:Autoturret","Master of Strategy","construct:Tumble","construct:GuardCore+1","construct:ScopeCore","construct:Autoturret","construct:QuickAttack+2"],"relics":["construct:ClockworkPhoenix","Matryoshka","CaptainsWheel","WarpedTongs","StoneCalendar","Pen Nib","MawBank","Molten Egg 2"],"acts_visited":["Exordium"],"potions_floor_usage":[16,16],"damage_taken":[{"damage":4,"enemies":"Small Slimes","floor":1,"turns":5},{"damage":0,"enemies":"Cultist","floor":3,"turns":4},{"damage":0,"enemies":"2 Louse","floor":5,"turns":2},{"damage":35,"enemies":"3 Sentries","floor":6,"turns":5},{"damage":19,"enemies":"Gremlin Nob","floor":8,"turns":3},{"damage":10,"enemies":"Exordium Wildlife","floor":12,"turns":3},{"damage":0,"enemies":"Blue Slaver","floor":14,"turns":3},{"damage":24,"enemies":"The Guardian","floor":16,"turns":2}],"seed_played":"-6427193604176351897","potions_obtained":[{"floor":1,"key":"GamblersBrew"},{"floor":12,"key":"PowerPotion"}],"is_trial":false,"path_per_floor":["M","?","M","?","M","E","R","E","T","R","$","M","R","M","R","B"],"character_chosen":"THE_CONSTRUCT_MOD","items_purchased":["construct:Autoturret","construct:FlameCore","Matryoshka","construct:Autoturret","Master of Strategy","construct:ScopeCore","construct:Autoturret"],"campfire_rested":0,"item_purchase_floors":[0,0,0,0,0,11,11],"current_hp_per_floor":[73,73,73,73,73,38,38,19,19,19,19,9,9,9,9,0,0],"gold":116,"neow_bonus":"","is_daily":false,"chose_seed":false,"campfire_upgraded":4,"win_rate":0.0,"timestamp":1608552785,"path_taken":["M","?","?","?","M","E","R","E","T","R","$","M","R","M","R","BOSS"],"items_purchased_type":["Card","Card","Relic","Card","Card","Card","Card"],"build_version":"2020-12-13","purchased_purges":1,"victory":false,"max_hp_per_floor":[85,85,85,85,85,85,85,85,85,85,85,85,85,85,85,85,85],"card_choices":[{"not_picked":["construct:Boost","construct:FocusedBeam","construct:SuppressiveFire"],"picked":"SKIP","floor":1},{"not_picked":["construct:Accumulate","construct:Analyze"],"picked":"construct:Tumble","floor":3},{"not_picked":["construct:Backfire","construct:HardReboot","construct:QuickAttack"],"picked":"SKIP","floor":5},{"not_picked":["construct:SyphonStrike","construct:Backfire","construct:OneWayMirror"],"picked":"SKIP","floor":6},{"not_picked":["construct:Boost","construct:FierceBash"],"picked":"construct:GuardCore","floor":8},{"not_picked":["construct:MetalShell","construct:Dampening"],"picked":"construct:QuickAttack+1","floor":12},{"not_picked":["construct:Isolate","construct:ElectricArmor","construct:Electrocute+1"],"picked":"SKIP","floor":14}],"player_experience":554877,"relics_obtained":[{"floor":6,"key":"StoneCalendar"},{"floor":8,"key":"Pen Nib"},{"floor":9,"key":"MawBank"},{"floor":9,"key":"Molten Egg 2"}],"event_choices":[{"cards_removed":["construct:Defend_Gold"],"damage_healed":0,"gold_gain":0,"player_choice":"Offered Basic","damage_taken":0,"max_hp_gain":0,"max_hp_loss":0,"event_name":"Bonfire Elementals","floor":2,"gold_loss":0},{"damage_healed":0,"gold_gain":0,"player_choice":"Rummage","damage_taken":0,"relics_obtained":["WarpedTongs"],"max_hp_gain":0,"max_hp_loss":0,"event_name":"Accursed Blacksmith","floor":4,"gold_loss":0,"cards_obtained":["Pain"]}],"is_beta":false,"boss_relics":[],"items_purged_floors":[11],"is_endless":false,"potions_floor_spawned":[1,12,14],"killed_by":"The Guardian","ascension_level":13}}