{"host":"j4nfyhit1dl35m08","time":1608586672,"event":{"mods":["BaseMod","Downfall","Highlight Path","Minty Spire (QoL Compilation)","StSLib"],"gold_per_floor":[99,99,124,124,124,150,150,250,277,277,277,297,308,334,350,454,504,504,530,530,561,571,597,623,623,641,674,63,76,76,134,192,291,291,291,351,421,473,531,531,531,531,531,601,594,594,684,230,290,330],"floor_reached":51,"playtime":6049,"items_purged":["Guardian:Strike_Guardian","Guardian:Defend_Guardian","Guardian:Defend_Guardian"],"score":939,"play_id":"0c6fbdca-c9fd-4916-a9ac-da528f5638b3","local_time":"20201221153752","is_ascension_mode":false,"campfire_choices":[{"data":"Guardian:TwinSlam","floor":1.0,"key":"SMITH"},{"data":"Guardian:CurlUp","floor":10.0,"key":"SMITH"},{"data":"Guardian:TimeSifter","floor":35,"key":"SMITH"},{"data":"Guardian:ExploitGems","floor":43,"key":"SMITH"}],"circlet_count":0,"master_deck":["Guardian:Defend_Guardian","Guardian:CurlUp+1","Guardian:TwinSlam+1","Guardian:ChargeCore+1","Guardian:FloatingOrbs","Guardian:ChargeUp+1","Guardian:ShieldCharger","Guardian:BronzeOrb","Guardian:Preprogram","Guardian:DecasProtection","Guardian:RevengeProtocol","Guardian:ExploitGems+1","Guardian:CrystalBeam","Guardian:ChargeUp","Guardian:Planning","Guardian:ChargeCore+1","Guardian:Preprogram+1","Guardian:WalkerClaw+1","Guardian:PolyBeam+1","Guardian:Clone","Guardian:BaubleBeam+1","Guardian:TimeSifter+1","Guardian:Gem_Red","Guardian:Gem_Green","Guardian:Gem_Synthetic","Guardian:TimeCapacitor+1","Guardian:PolyBeam+1","Guardian:RefractedBeam+1","Guardian:BronzeOrb+1","Guardian:EvasiveProtocol","Guardian:Gem_Orange","Guardian:CrystalBeam+1","Guardian:SentryBeam+1","Guardian:VentSteam","Guardian:Clone+1","Guardian:Suspension+1","Guardian:GuardianWhirl+1","Guardian:StasisField","Guardian:Planning+1"],"relics":["Guardian:ModeShifter","downfall:HeartsMalice","Bag of Marbles","Darkstone Periapt","Bird Faced Urn","Shuriken","Ginger","Guardian:PickAxe","Lantern","Tiny House","Akabeko","Bag of Preparation","Oddly Smooth Stone","Nunchaku","Art of War","Mango","Membership Card","Molten Egg 2","Ice Cream","downfall:KnowingSkull","Coffee Dripper","CaptainsWheel","Bottled Tornado","Mummified Hand","HornCleat","Ornamental Fan","Toy Ornithopter","Torii","Pen Nib","White Beast Statue","Orrery"],"acts_visited":["Exordium","TheCity","TheBeyond"],"potions_floor_usage":[17,19,23,33,39,50],"damage_taken":[{"damage":0.0,"enemies":"Cultist","floor":2.0,"turns":1.0},{"damage":0.0,"enemies":"Lagavulin","floor":6.0,"turns":1.0},{"damage":0.0,"enemies":"downfall:Heads","floor":8.0,"turns":1.0},{"damage":27.0,"enemies":"3 Sentries","floor":9.0,"turns":8.0},{"damage":6.0,"enemies":"2 Louse","floor":12.0,"turns":3.0},{"damage":0.0,"enemies":"Small Slimes","floor":13.0,"turns":3.0},{"damage":0.0,"enemies":"3 Louse","floor":15.0,"turns":3.0},{"damage":4,"enemies":"downfall:Ironclad","floor":16,"turns":8},{"damage":21,"enemies":"Book of Stabbing","floor":19,"turns":5},{"damage":19,"enemies":"Gremlin Leader","floor":21,"turns":4},{"damage":3,"enemies":"Chosen","floor":22,"turns":3},{"damage":15,"enemies":"Slavers","floor":23,"turns":5},{"damage":10,"enemies":"3 Cultists","floor":26,"turns":5},{"damage":3,"enemies":"Book of Stabbing","floor":27,"turns":5},{"damage":1,"enemies":"downfall:FleeingMerchant","floor":28,"turns":4},{"damage":4,"enemies":"Cultist and Chosen","floor":29,"turns":4},{"damage":3,"enemies":"Snake Plant","floor":31,"turns":1},{"damage":3,"enemies":"Snecko","floor":32,"turns":3},{"damage":10,"enemies":"downfall:Defect","floor":33,"turns":6},{"damage":3,"enemies":"Orb Walker","floor":36,"turns":1},{"damage":12,"enemies":"Reptomancer","floor":37,"turns":4},{"damage":3,"enemies":"3 Darklings","floor":38,"turns":3},{"damage":4,"enemies":"4 Shapes","floor":39,"turns":4},{"damage":23,"enemies":"Nemesis","floor":44,"turns":5},{"damage":3,"enemies":"downfall:FleeingMerchant","floor":45,"turns":4},{"damage":3,"enemies":"Mind Bloom Boss Battle","floor":47,"turns":4},{"damage":3,"enemies":"Spire Growth","floor":49,"turns":3},{"damage":3,"enemies":"downfall:Watcher","floor":50,"turns":4}],"seed_played":"-2937147003533264295","potions_obtained":[{"floor":6.0,"key":"BlessingOfTheForge"},{"floor":15.0,"key":"SpeedPotion"},{"floor":16,"key":"Fruit Juice"},{"floor":17,"key":"EntropicBrew"},{"floor":21,"key":"SkillPotion"},{"floor":29,"key":"Strength Potion"},{"floor":38,"key":"Explosive Potion"},{"floor":44,"key":"Strength Potion"}],"is_trial":false,"path_per_floor":["R","M","T","?","?","E","T","?","E","R","?","M","M","T","M","B",null,"R","E","?","E","M","E","T","R","M","E","$","M","?","M","M","B",null,"R","M","E","M","M","R","T","?","R","E","$","?","?","$","M","B",null],"character_chosen":"GUARDIAN","items_purchased":["Membership Card","Molten Egg 2","Ice Cream","Guardian:WalkerClaw+1","Guardian:PolyBeam+1","Guardian:Clone","Guardian:Gem_Fragmented","Ornamental Fan","Toy Ornithopter","Guardian:RefractedBeam+1","Guardian:BronzeOrb+1","Guardian:EvasiveProtocol","Pen Nib","White Beast Statue","Guardian:SentryBeam+1","Guardian:VentSteam","Orrery","CultistPotion"],"campfire_rested":0,"item_purchase_floors":[28,28,28,28,28,28,28,45,45,45,45,45,48,48,48,48,48,48],"current_hp_per_floor":[80,80,80,80,77,77,77,77,52,52,46,42,44,44,46,46,90,90,71,71,58,61,50,50,50,46,63,68,70,62,59,58,54,104,104,101,95,100,104,104,104,104,104,84,89,89,100,100,104,104],"gold":330,"neow_bonus":"THREE_ENEMY_KILL","is_daily":false,"chose_seed":false,"campfire_upgraded":4,"win_rate":0.0,"timestamp":1608586672,"path_taken":["R","M","?","?","?","E","T","?","E","R","?","M","M","?","M","BOSS","R","E","?","E","M","E","T","R","M","E","$","M","?","M","M","BOSS","R","M","E","?","M","R","T","?","R","E","$","?","?","$","M","BOSS"],"items_purchased_type":["Relic","Relic","Relic","Card","Card","Card","Card","Relic","Relic","Card","Card","Card","Relic","Relic","Card","Card","Relic","Potion"],"build_version":"2020-12-13","purchased_purges":3,"victory":true,"max_hp_per_floor":[80,80,80,80,80,80,80,80,80,80,80,80,80,80,80,80,90,90,90,90,90,90,90,90,90,90,104,104,104,104,104,104,104,104,104,104,104,104,104,104,104,104,104,104,104,104,104,104,104,104],"card_choices":[{"not_picked":["Guardian:TimeBomb","Guardian:Incinerate"],"picked":"Guardian:ChargeCore","floor":2.0},{"not_picked":["Guardian:CrystalBeam","Guardian:Incinerate"],"picked":"Guardian:FloatingOrbs","floor":6.0},{"not_picked":["Guardian:Recover","Guardian:PiercingHide"],"picked":"Guardian:ChargeUp","floor":8.0},{"not_picked":["Guardian:Gem_Cyan","Guardian:RefractedBeam"],"picked":"Guardian:ShieldCharger","floor":9.0},{"not_picked":["Guardian:Emergency","Guardian:Harden"],"picked":"Guardian:BronzeOrb","floor":12.0},{"not_picked":["Guardian:GuardianWhirl","Guardian:CrystalBeam"],"picked":"Guardian:Preprogram","floor":13.0},{"not_picked":["Guardian:Gem_Fragmented","Guardian:CrystalBeam"],"picked":"Guardian:DecasProtection","floor":15.0},{"not_picked":["Guardian:AncientConstruct","Guardian:HyperBeam_Guardian"],"picked":"Guardian:RevengeProtocol","floor":16},{"not_picked":["Guardian:TemporalShield","Guardian:Planning"],"picked":"Guardian:Gem_Purple","floor":17},{"not_picked":["Guardian:ChargeUp","Guardian:Gem_Lightblue"],"picked":"Guardian:ExploitGems","floor":19},{"not_picked":["Guardian:VentSteam","Guardian:Gem_White"],"picked":"Guardian:CrystalBeam","floor":21},{"not_picked":["Guardian:TemporalStrike","Guardian:WalkerClaw"],"picked":"Guardian:ChargeUp","floor":22},{"not_picked":["Guardian:PiercingHide","Guardian:CrystalBeam"],"picked":"Guardian:Planning","floor":23},{"not_picked":["Guardian:TemporalStrike","Guardian:ChargeCore","Guardian:TemporalShield"],"picked":"SKIP","floor":26},{"not_picked":["Guardian:TemporalStrike","Guardian:SpikerProtocol"],"picked":"Guardian:ChargeCore+1","floor":27},{"not_picked":["Guardian:ChargeCore","Guardian:PrimingBeam"],"picked":"Guardian:Preprogram+1","floor":28},{"not_picked":["Guardian:TimeBomb+1","Guardian:Gem_Cyan"],"picked":"Guardian:Gem_Purple","floor":29},{"not_picked":["Guardian:Gem_Lightblue","Guardian:PrismaticBarrier"],"picked":"Guardian:Gem_Red","floor":31},{"not_picked":["Guardian:Harden","Guardian:ChargeUp"],"picked":"Guardian:BaubleBeam+1","floor":32},{"not_picked":["Guardian:BaubleBeam+1","Guardian:StasisStrike+1"],"picked":"Guardian:TimeSifter","floor":33},{"not_picked":["Guardian:Gem_Cyan","Guardian:Reroute+1"],"picked":"Guardian:Gem_Red","floor":36},{"not_picked":["Guardian:Gem_Red","Guardian:DonusPower"],"picked":"Guardian:Gem_White","floor":37},{"not_picked":["Guardian:Suspension","Guardian:PiercingHide","Guardian:WalkerClaw+1"],"picked":"SKIP","floor":38},{"not_picked":["Guardian:Planning","Guardian:PrimingBeam+1"],"picked":"Guardian:Gem_Green","floor":39},{"not_picked":["Guardian:DonusPower","Guardian:PiercingHide"],"picked":"Guardian:TimeCapacitor+1","floor":44},{"not_picked":["Guardian:Gem_Purple","Guardian:ShieldCharger+1"],"picked":"Guardian:PolyBeam+1","floor":45},{"not_picked":["Guardian:TemporalStrike+1","Guardian:PiercingHide"],"picked":"Guardian:CrystalBeam+1","floor":47},{"not_picked":["Guardian:GuardianWhirl+1","Guardian:ConstructionForm"],"picked":"Guardian:Clone+1","floor":48},{"not_picked":["Guardian:Gem_Blue","Guardian:Recover+1"],"picked":"Guardian:Suspension+1","floor":48},{"not_picked":["Guardian:Gem_Purple","Guardian:HyperBeam_Guardian+1"],"picked":"Guardian:GuardianWhirl+1","floor":48},{"not_picked":["Guardian:Gem_Lightblue","Guardian:SpikerProtocol"],"picked":"Guardian:StasisField","floor":48},{"not_picked":["Guardian:PiercingHide+1","Guardian:RollAttack+1"],"picked":"Guardian:Planning+1","floor":49}],"player_experience":334630,"relics_obtained":[{"floor":3.0,"key":"Bag of Marbles"},{"floor":6.0,"key":"Bird Faced Urn"},{"floor":7.0,"key":"Shuriken"},{"floor":9.0,"key":"Ginger"},{"floor":14.0,"key":"Lantern"},{"floor":19,"key":"Akabeko"},{"floor":21,"key":"Oddly Smooth Stone"},{"floor":23,"key":"Nunchaku"},{"floor":24,"key":"Art of War"},{"floor":27,"key":"Mango"},{"floor":37,"key":"CaptainsWheel"},{"floor":41,"key":"Bottled Tornado"},{"floor":42,"key":"Mummified Hand"},{"floor":44,"key":"HornCleat"},{"floor":47,"key":"Torii"}],"event_choices":[{"cards_removed":["Guardian:Strike_Guardian"],"damage_healed":0.0,"max_hp_gain":0.0,"max_hp_loss":0.0,"gold_gain":0.0,"event_name":"The Cleric","player_choice":"Card Removal","floor":4.0,"gold_loss":0.0,"damage_taken":0.0},{"damage_healed":0.0,"max_hp_gain":0.0,"max_hp_loss":0.0,"gold_gain":0.0,"event_name":"Scrap Ooze","player_choice":"Success","floor":5.0,"gold_loss":0.0,"damage_taken":3.0,"relics_obtained":["Darkstone Periapt"]}],"is_beta":false,"boss_relics":[{"not_picked":["Empty Cage","Runic Pyramid"],"picked":"Tiny House"},{"not_picked":["Guardian:ModeShifterPlus","Guardian:StasisSlotReductionRelic"],"picked":"Coffee Dripper"}],"items_purged_floors":[28,45,48],"is_endless":false,"potions_floor_spawned":[6,15,16,21,22,29,32,38,44,47,49],"ascension_level":0}}