{"host":"y76clbnovzmw9ubx","time":1608523817,"event":{"mods":["AchievementEnabler","BaseMod","Minty Spire (QoL Compilation)","Permanent Neow","Relic Stats"],"gold_per_floor":[112,92,111,121,138,138,172,172,172,202,213,213,213,224,224,224,224],"floor_reached":16,"playtime":599,"items_purged":[],"score":224,"play_id":"78f278e6-adcf-4861-a383-b4e6d5ed97d6","local_time":"20201220231017","is_ascension_mode":true,"campfire_choices":[{"data":"Noxious Fumes","floor":6,"key":"SMITH"},{"floor":8,"key":"REST"},{"data":"Skewer","floor":13,"key":"SMITH"},{"floor":15,"key":"REST"}],"circlet_count":0,"master_deck":["AscendersBane","Strike_G","Strike_G","Strike_G","Strike_G","Strike_G","Defend_G","Defend_G","Defend_G","Defend_G","Defend_G","Survivor","Neutralize+1","Endless Agony","Noxious Fumes+1","Masterful Stab","Poisoned Stab","Skewer+1","Sucker Punch","Dagger Spray"],"relics":["Ring of the Snake","Peace Pipe","Tingsha"],"acts_visited":["Exordium"],"potions_floor_usage":[7,10,11,11],"damage_taken":[{"damage":1,"enemies":"2 Louse","floor":1,"turns":4},{"damage":0,"enemies":"Cultist","floor":3,"turns":4},{"damage":7,"enemies":"Small Slimes","floor":4,"turns":5},{"damage":1,"enemies":"Exordium Wildlife","floor":5,"turns":3},{"damage":44,"enemies":"Gremlin Nob","floor":7,"turns":5},{"damage":12,"enemies":"Lagavulin","floor":10,"turns":6},{"damage":6,"enemies":"Gremlin Gang","floor":11,"turns":6},{"damage":6,"enemies":"2 Fungi Beasts","floor":14,"turns":3},{"damage":36,"enemies":"Hexaghost","floor":16,"turns":9}],"seed_played":"7493771772869755553","potions_obtained":[{"floor":1,"key":"EssenceOfSteel"},{"floor":2,"key":"Regen Potion"},{"floor":7,"key":"Swift Potion"},{"floor":10,"key":"SpeedPotion"}],"is_trial":false,"path_per_floor":["M","?","M","M","M","R","E","R","T","E","M","?","R","M","R","B"],"character_chosen":"THE_SILENT","items_purchased":[],"campfire_rested":2,"item_purchase_floors":[],"current_hp_per_floor":[58,58,58,51,50,50,20,39,39,27,21,21,21,15,34,0,0],"gold":224,"neow_bonus":"UPGRADE_CARD","is_daily":false,"chose_seed":false,"campfire_upgraded":2,"win_rate":0.0,"timestamp":1608523817,"path_taken":["M","?","M","M","?","R","E","R","T","E","M","?","R","M","R","BOSS"],"items_purchased_type":[],"build_version":"2020-12-13","purchased_purges":0,"victory":false,"max_hp_per_floor":[66,66,66,66,66,66,66,66,66,66,66,66,66,66,66,66,66],"relic_stats":{"Peace Pipe":0,"counters":[9,45],"Tingsha":[9],"obtain_stats":[{"Peace Pipe":7,"Tingsha":10,"Ring of the Snake":0},{"Peace Pipe":5,"Tingsha":6,"Ring of the Snake":0},{"Peace Pipe":21,"Tingsha":27,"Ring of the Snake":0}],"Ring of the Snake":[19]},"card_choices":[{"not_picked":["Quick Slash","Expertise"],"picked":"Endless Agony","floor":1},{"not_picked":["Sucker Punch","Choke","Distraction"],"picked":"SKIP","floor":3},{"not_picked":["Infinite Blades","Bane"],"picked":"Noxious Fumes","floor":4},{"not_picked":["Noxious Fumes","Bane"],"picked":"Masterful Stab","floor":5},{"not_picked":["Underhanded Strike","Glass Knife"],"picked":"Poisoned Stab","floor":7},{"not_picked":["Expertise","Outmaneuver"],"picked":"Skewer","floor":10},{"not_picked":["Backflip","Outmaneuver"],"picked":"Sucker Punch","floor":11},{"not_picked":["Dodge and Roll","Slice"],"picked":"Dagger Spray","floor":14}],"player_experience":2930458,"relics_obtained":[{"floor":7,"key":"Peace Pipe"},{"floor":10,"key":"Tingsha"}],"event_choices":[{"damage_healed":0,"gold_gain":0,"player_choice":"Bought 1 Potion","damage_taken":0,"max_hp_gain":0,"max_hp_loss":0,"event_name":"The Woman in Blue","floor":2,"gold_loss":0},{"damage_healed":0,"gold_gain":0,"player_choice":"Fled","damage_taken":0,"max_hp_gain":0,"max_hp_loss":0,"event_name":"Scrap Ooze","floor":12,"gold_loss":0}],"is_beta":false,"boss_relics":[],"items_purged_floors":[],"is_endless":false,"potions_floor_spawned":[1,4,7,10],"killed_by":"Hexaghost","ascension_level":20}}