{"host":"2461dio7vetlq1z3","time":1608536521,"event":{"mods":["2.2 Compatiblity","AchievementEnabler","BaseMod","Better Third Choice","Hermit","Lobotomy","Minty Spire (QoL Compilation)","Relic Stats","Spicy Shops","StSLib","Waifu the Spire"],"gold_per_floor":[118,118,132,148,166,166,166],"floor_reached":6,"playtime":693,"items_purged":[],"score":38,"play_id":"f0e1d68b-43a9-45ea-8030-2f6b96c57d29","local_time":"20201221084201","is_ascension_mode":false,"campfire_choices":[],"circlet_count":0,"master_deck":["SpecialBullet","SpecialBullet","SpecialBullet","SpecialBullet","SpecialBullet","SpecialBullet","SpecialBullet","SpecialBullet","InformationCode","ExtractionCode","CentralCode","LittleHelper","CUTE+1","CherryBlossom+1","Funeral","VoidDream","WristCuter","Wingbeat"],"relics":["CogitoBucket","Smiling Mask"],"acts_visited":["Exordium"],"potions_floor_usage":[],"damage_taken":[{"damage":9,"enemies":"2 Louse","floor":1,"turns":3},{"damage":8,"enemies":"Small Slimes","floor":3,"turns":2},{"damage":9,"enemies":"Cultist","floor":4,"turns":4},{"damage":10,"enemies":"Looter","floor":5,"turns":3},{"damage":29,"enemies":"3 Sentries","floor":6,"turns":4}],"seed_played":"-7310007849737703325","potions_obtained":[],"is_trial":false,"path_per_floor":["M","?","M","M","M","E"],"character_chosen":"Angela","items_purchased":[],"campfire_rested":0,"item_purchase_floors":[],"current_hp_per_floor":[61,47,39,32,23,0,0],"gold":166,"neow_bonus":"RANDOM_COMMON_RELIC","is_daily":false,"chose_seed":false,"campfire_upgraded":0,"win_rate":0.0,"timestamp":1608536521,"path_taken":["M","?","M","M","M","E"],"items_purchased_type":[],"build_version":"2020-12-13","purchased_purges":0,"victory":false,"max_hp_per_floor":[70,70,70,70,70,70,70],"relic_stats":{"counters":[5,16],"Smiling Mask":0,"obtain_stats":[{"CogitoBucket":0,"Smiling Mask":0},{"CogitoBucket":0,"Smiling Mask":0},{"CogitoBucket":0,"Smiling Mask":0}]},"card_choices":[{"not_picked":["Scorched","CrumblingArmor"],"picked":"LittleHelper","floor":1},{"not_picked":["RapturousDream"],"picked":"CUTE","floor":1},{"not_picked":["Pleasure"],"picked":"CherryBlossom","floor":1},{"not_picked":["DreamingCurrent","Scorched"],"picked":"Funeral","floor":3},{"not_picked":["Lantern","CUTE"],"picked":"SKIP","floor":3},{"not_picked":["HappyTeddy","Woodsman"],"picked":"VoidDream","floor":4},{"not_picked":["Soda"],"picked":"WristCuter","floor":4},{"not_picked":["Loneliness","Beak"],"picked":"SKIP","floor":4},{"not_picked":["Wingbeat","Amita"],"picked":"SKIP","floor":5},{"not_picked":["Amita"],"picked":"Wingbeat","floor":5}],"player_experience":810592,"relics_obtained":[],"event_choices":[{"damage_healed":61,"gold_gain":0,"player_choice":"Upgrade","damage_taken":14,"max_hp_gain":0,"max_hp_loss":70,"event_name":"betterThird:BetterShining","floor":2,"gold_loss":0,"cards_upgraded":["CUTE","CherryBlossom"]}],"is_beta":false,"boss_relics":[],"items_purged_floors":[],"is_endless":false,"potions_floor_spawned":[],"killed_by":"3 Sentries","ascension_level":0}}