{"host":"m4hcknw9g39vw3hn","time":1608545942,"event":{"mods":["Act Like it!","BaseMod","Downfall","Hermit","KomeijiMod","Lobotomy","LobotomyExtend","Marisa（F雨　魔理沙）","Minty Spire (QoL Compilation)","Quick Restart","Remilia（蕾米莉亚）","RumiaBox-露米娅的神秘盒子","Shop Mod","Spicy Shops","StSLib","Yuri Mod","[IsaacMod]以撒尖塔"],"gold_per_floor":[211,211,222,78,112,187,234,259,259,288,288,302,302,355,355,414,414,449,449,449,488,488,523,523,555,602,634,667,667,707,739,739,864,864,900,900,932,987,1055,1075,1075],"floor_reached":40,"playtime":2406,"items_purged":[],"score":463,"play_id":"34afa1cd-7324-495b-ab00-a94a33031851","local_time":"20201221181902","is_ascension_mode":false,"campfire_choices":[{"data":"yuri:RecklessStrike","floor":11.0,"key":"SMITH"},{"data":"yuri:StealPen","floor":13.0,"key":"SMITH"},{"data":"yuri:NoEscape","floor":15.0,"key":"SMITH"},{"data":"yuri:MagneticKnives","floor":24.0,"key":"SMITH"},{"data":"yuri:NerfBat","floor":29.0,"key":"SMITH"},{"floor":32.0,"key":"REST"}],"circlet_count":0,"master_deck":["yuri:yuriStrike","yuri:yuriStrike","yuri:yuriStrike","yuri:yuriStrike","yuri:yuriStrike","yuri:yuriDefend","yuri:yuriDefend","yuri:yuriDefend","yuri:yuriDefend","yuri:yuriDefend","yuri:Oolong","yuri:yuriStab+1","yuri:NerfBat+1","yuri:StealPen+1","yuri:WickedSlash+1","yuri:RecklessStrike+1","yuri:GrowingInsanity","yuri:NoEscape+1","yuri:MagneticKnives+1","yuri:ReactiveMadness+1","yuri:BookPurple+1"],"relics":["yuri:yuriKnife","HushsDoor","MoneyPower","Baka","LetterFromLob","Blood Vial","Lantern","GodSword4","HornCleat","Busted Crown","Whetstone","Potion Belt","DeathBook","SoulBox","Du-Vu Doll","CatCart"],"acts_visited":["Exordium","TheCity","TheBeyond"],"potions_floor_usage":[],"damage_taken":[{"damage":5.0,"enemies":"Jaw Worm","floor":1.0,"turns":3.0},{"damage":3.0,"enemies":"Small Slimes","floor":3.0,"turns":4.0},{"damage":0.0,"enemies":"2 Louse","floor":5.0,"turns":2.0},{"damage":14.0,"enemies":"Gremlin Nob","floor":7.0,"turns":4.0},{"damage":9.0,"enemies":"Red Slaver","floor":8.0,"turns":3.0},{"damage":5.0,"enemies":"3 Louse","floor":10.0,"turns":2.0},{"damage":8.0,"enemies":"Looter","floor":12.0,"turns":2.0},{"damage":25.0,"enemies":"Lagavulin","floor":14.0,"turns":4.0},{"damage":35.0,"enemies":"The Guardian","floor":16.0,"turns":7.0},{"damage":0.0,"enemies":"Chosen","floor":18.0,"turns":3.0},{"damage":36.0,"enemies":"Shell Parasite","floor":21.0,"turns":4.0},{"damage":20.0,"enemies":"Book of Stabbing","floor":23.0,"turns":4.0},{"damage":10.0,"enemies":"Cultist and Chosen","floor":25.0,"turns":5.0},{"damage":22.0,"enemies":"Slavers","floor":27.0,"turns":4.0},{"damage":7.0,"enemies":"Shelled Parasite and Fungi","floor":28.0,"turns":4.0},{"damage":17.0,"enemies":"Centurion and Healer","floor":30.0,"turns":4.0},{"damage":5.0,"enemies":"Sentry and Sphere","floor":31.0,"turns":3.0},{"damage":27.0,"enemies":"Collector","floor":33.0,"turns":5.0},{"damage":7.0,"enemies":"Orb Walker","floor":35.0,"turns":3.0},{"damage":3.0,"enemies":"3 Darklings","floor":37.0,"turns":3.0},{"damage":26.0,"enemies":"2 Orb Walkers","floor":38.0,"turns":4.0},{"damage":33.0,"enemies":"Orin","floor":39.0,"turns":9.0},{"damage":59,"enemies":"Reptomancer","floor":40,"turns":5}],"seed_played":"-8466312942696439942","potions_obtained":[{"floor":3.0,"key":"Block Potion"},{"floor":5.0,"key":"Regen Potion"},{"floor":10.0,"key":"SkillPotion"},{"floor":14.0,"key":"ColorlessPotion"},{"floor":16.0,"key":"AttackPotion"},{"floor":21.0,"key":"FearPotion"},{"floor":23.0,"key":"Fire Potion"},{"floor":25.0,"key":"SteroidPotion"},{"floor":31.0,"key":"Regen Potion"},{"floor":38.0,"key":"Ancient Potion"}],"is_trial":false,"path_per_floor":["M","?","M","$","M","?","E","M","T","M","R","M","R","E","R","B",null,"M","?","?","M","?","E","R","M","T","E","M","R","M","M","R","B",null,"M","?","M","?","?","E"],"character_chosen":"YURI","items_purchased":["Lantern"],"campfire_rested":1,"item_purchase_floors":[4],"current_hp_per_floor":[79,76,78,78,80,69,61,58,58,55,55,53,53,28,28,14,80,80,80,65,35,35,21,21,17,17,22,21,21,10,11,35,28,80,73,90,87,63,39,0,0],"gold":1075,"neow_bonus":"HUNDRED_GOLD","is_daily":false,"chose_seed":false,"campfire_upgraded":5,"win_rate":0.0,"timestamp":1608545942,"path_taken":["M","?","M","$","M","?","E","M","T","?","R","M","R","E","R","BOSS","M","?","?","M","?","E","R","M","T","E","?","R","?","M","R","BOSS","M","?","M","?","?","E"],"items_purchased_type":["Card"],"build_version":"2020-12-13","purchased_purges":0,"victory":false,"max_hp_per_floor":[80,80,80,80,80,80,80,80,80,80,80,80,80,80,80,80,80,80,80,80,80,80,80,80,80,80,80,80,80,80,80,80,80,80,80,90,90,90,90,90,90],"card_choices":[{"not_picked":["yuri:WickedSlash","yuri:ThornRemove"],"picked":"yuri:NerfBat","floor":1.0},{"not_picked":["yuri:MPose","yuri:HeavierStrike"],"picked":"yuri:StealPen","floor":3.0},{"not_picked":["yuri:MultiDip","yuri:yuriQuickStrike","yuri:Stalk"],"picked":"SKIP","floor":5.0},{"not_picked":["yuri:ArmBrace","yuri:yuriHeavyStrike"],"picked":"yuri:WickedSlash","floor":7.0},{"not_picked":["yuri:HoldBack","yuri:Spin"],"picked":"yuri:RecklessStrike","floor":8.0},{"not_picked":["yuri:TPose","yuri:Stare"],"picked":"yuri:GrowingInsanity","floor":10.0},{"not_picked":["yuri:InsanityDefense","yuri:yuriQuickStrike","yuri:HeavierStrike"],"picked":"SKIP","floor":12.0},{"not_picked":["yuri:Spin","yuri:Skip"],"picked":"yuri:NoEscape","floor":14.0},{"not_picked":["yuri:JumpScare","yuri:NoEscape"],"picked":"yuri:MagneticKnives","floor":16.0},{"not_picked":[],"picked":"yuri:ReactiveMadness+1","floor":18.0},{"not_picked":["yuri:InsanityDefense"],"picked":"SKIP","floor":21.0},{"not_picked":["yuri:WickedSlash"],"picked":"SKIP","floor":23.0},{"not_picked":["yuri:yuriHeavyStrike"],"picked":"SKIP","floor":25.0},{"not_picked":["yuri:ThrowBook"],"picked":"SKIP","floor":27.0},{"not_picked":["yuri:Spin"],"picked":"SKIP","floor":28.0},{"not_picked":["yuri:TPose"],"picked":"SKIP","floor":30.0},{"not_picked":["yuri:TPose"],"picked":"SKIP","floor":31.0},{"not_picked":[],"picked":"yuri:JumpScare","floor":33.0},{"not_picked":["yuri:RecklessStrike+1"],"picked":"SKIP","floor":35.0},{"not_picked":[],"picked":"yuri:BookPurple+1","floor":37.0}],"player_experience":256054,"relics_obtained":[{"floor":1.0,"key":"Baka"},{"floor":1.0,"key":"LetterFromLob"},{"floor":7.0,"key":"GodSword4"},{"floor":14.0,"key":"HornCleat"},{"floor":23.0,"key":"Whetstone"},{"floor":26.0,"key":"Potion Belt"},{"floor":27.0,"key":"DeathBook"},{"floor":38.0,"key":"Du-Vu Doll"},{"floor":39.0,"key":"CatCart"}],"event_choices":[{"damage_healed":0.0,"max_hp_gain":0.0,"max_hp_loss":0.0,"gold_gain":0.0,"event_name":"Scrap Ooze","player_choice":"Success","floor":2.0,"gold_loss":0.0,"damage_taken":3.0,"relics_obtained":["Blood Vial"]},{"damage_healed":0.0,"max_hp_gain":0.0,"max_hp_loss":0.0,"gold_gain":75.0,"event_name":"World of Goop","player_choice":"Gather Gold","floor":6.0,"gold_loss":0.0,"damage_taken":11.0},{"damage_healed":0.0,"max_hp_gain":0.0,"max_hp_loss":0.0,"gold_gain":0.0,"event_name":"Beggar","player_choice":"Ignored","floor":19.0,"gold_loss":0.0,"damage_taken":0.0},{"cards_removed":["yuri:JumpScare"],"damage_healed":7.0,"max_hp_gain":10.0,"max_hp_loss":0.0,"gold_gain":0.0,"event_name":"Bonfire Elementals","player_choice":"Offered Rare","floor":36.0,"gold_loss":0.0,"damage_taken":0.0},{"damage_healed":0.0,"max_hp_gain":0.0,"max_hp_loss":0.0,"gold_gain":0.0,"event_name":"Mysterious Sphere","player_choice":"Fight","floor":38.0,"gold_loss":0.0,"damage_taken":0.0},{"damage_healed":0.0,"max_hp_gain":0.0,"max_hp_loss":0.0,"gold_gain":0.0,"event_name":"OrinTheCat","player_choice":"Fight","floor":39.0,"gold_loss":0.0,"damage_taken":0.0}],"is_beta":false,"boss_relics":[{"not_picked":["Fusion Hammer","Coffee Dripper"],"picked":"Busted Crown"},{"not_picked":[]},{"not_picked":["Velvet Choker","Calling Bell"],"picked":"SoulBox"},{"not_picked":[]}],"items_purged_floors":[],"is_endless":false,"potions_floor_spawned":[3,5,10,12,14,16,21,23,25,31,38],"killed_by":"Reptomancer","ascension_level":0}}