{"host":"chv1qanoipyt46jc","time":1608533056,"event":{"mods":["2.2 Compatiblity","AchievementEnabler","BaseMod","BetterRewards","CapriCore","Card Filter","Conspire","Gold Saver","Grow up Mod","Minty Spire (QoL Compilation)","Rare Cards Sparkle","Relic Filter","Remove Card Discount Mod","Reorder Act Four","StSLib","TheWitcher"],"gold_per_floor":[1801,1816,1831,1848,1848,1887,1887,1922,1945,1973,1973,1973,1984,2001,2001,2106,2106,2122,2118,2132,2150,2179,2204,2224,2240,2240,2240,2271,2281,2281,2331,2331,2428,2478,2496,2508,2516,2530,2544,2544,2538,2573,2573,2582,2582,2590,2605,2622,2622,2622,2622,2620,2620,2645,2645],"floor_reached":56,"playtime":2888,"items_purged":["SnafuTest:DefaultCommonAttack","SnafuTest:DefaultCommonAttack","SnafuTest:DefaultCommonAttack","SnafuTest:DefaultCommonSkill","SnafuTest:DefaultCommonSkill","SnafuTest:DefaultCommonSkill","SnafuTest:BountyHunt","SnafuTest:SpellChainLightning","SnafuTest:Shooting","SnafuTest:PowerAlwaysAWay+1","SnafuTest:PowerAlwaysOnRoads+1","SnafuTest:SignYrden+1"],"score":1322,"play_id":"f8de53ed-b62c-4f6e-a15f-37ba12346c8c","local_time":"20201221004416","is_ascension_mode":false,"campfire_choices":[{"floor":7,"key":"REST"},{"data":"SnafuTest:SpellIncendiaryShower","floor":11,"key":"SMITH"},{"data":"SnafuTest:PowerCrimsonRitual","floor":15,"key":"SMITH"},{"floor":30,"key":"RECALL"},{"data":"SnafuTest:PowerAlwaysAWay","floor":32,"key":"SMITH"},{"data":"SnafuTest:PayHappyHour","floor":40,"key":"SMITH"},{"floor":45,"key":"REST"},{"floor":49,"key":"REST"},{"floor":53,"key":"REST"}],"circlet_count":0,"master_deck":["SnafuTest:PowerCrimsonRitual+1","SnafuTest:SpellIncendiaryShower+1","SnafuTest:WorldMap+1","SnafuTest:ConciliatoryPresence+1","SnafuTest:PayHappyHour+1","SnafuTest:WorldMap+1"],"relics":["SnafuTest:PlaceholderRelic","Medical Kit","Membership Card","SnafuTest:IgniRelic","MealTicket","Orichalcum","Oddly Smooth Stone","Sozu","Red Mask","Bird Faced Urn","Mercury Hourglass","SnafuTest:AardRelic","Bronze Scales","Tiny House","Sundial","SnafuTest:WolfRelic","TungstenRod"],"acts_visited":["Exordium","TheCity","TheBeyond","TheEnding"],"potions_floor_usage":[55,55,55],"damage_taken":[{"damage":24,"enemies":"Cultist","floor":1,"turns":5},{"damage":0,"enemies":"Small Slimes","floor":2,"turns":2},{"damage":21,"enemies":"Jaw Worm","floor":3,"turns":4},{"damage":0,"enemies":"3 Louse","floor":4,"turns":1},{"damage":20,"enemies":"Gremlin Nob","floor":6,"turns":4},{"damage":27,"enemies":"3 Sentries","floor":8,"turns":4},{"damage":21,"enemies":"Gremlin Nob","floor":10,"turns":6},{"damage":14,"enemies":"conspire:2 RoseBushes","floor":13,"turns":4},{"damage":13,"enemies":"Large Slime","floor":14,"turns":6},{"damage":22,"enemies":"Hexaghost","floor":16,"turns":7},{"damage":9,"enemies":"conspire:FuzzyDice","floor":18,"turns":2},{"damage":16,"enemies":"Shell Parasite","floor":20,"turns":3},{"damage":30,"enemies":"Snake Plant","floor":21,"turns":3},{"damage":4,"enemies":"Masked Bandits","floor":22,"turns":2},{"damage":53,"enemies":"conspire:SneckoGhost","floor":23,"turns":8},{"damage":8,"enemies":"Snecko","floor":24,"turns":4},{"damage":20,"enemies":"conspire:HollyBat","floor":25,"turns":5},{"damage":2,"enemies":"conspire:Head Lice","floor":28,"turns":4},{"damage":13,"enemies":"Shelled Parasite and Fungi","floor":29,"turns":4},{"damage":30,"enemies":"conspire:MysteriousRune","floor":33,"turns":6},{"damage":19,"enemies":"3 Darklings","floor":35,"turns":3},{"damage":43,"enemies":"3 Shapes","floor":36,"turns":2},{"damage":0,"enemies":"Transient","floor":37,"turns":5},{"damage":0,"enemies":"3 Darklings","floor":38,"turns":2},{"damage":41,"enemies":"Writhing Mass","floor":39,"turns":5},{"damage":6,"enemies":"Nemesis","floor":42,"turns":6},{"damage":0,"enemies":"Spire Growth","floor":44,"turns":3},{"damage":0,"enemies":"Jaw Worm Horde","floor":46,"turns":2},{"damage":0,"enemies":"Transient","floor":47,"turns":4},{"damage":6,"enemies":"Spire Growth","floor":48,"turns":3},{"damage":6,"enemies":"Awakened One","floor":50,"turns":5},{"damage":0,"enemies":"Shield and Spear","floor":54,"turns":2},{"damage":26,"enemies":"The Heart","floor":55,"turns":4}],"seed_played":"-435693746106275641","potions_obtained":[{"floor":2,"key":"ColorlessPotion"},{"floor":3,"key":"Energy Potion"},{"floor":4,"key":"Block Potion"},{"floor":16,"key":"Fire Potion"}],"is_trial":false,"path_per_floor":["M","M","M","M","?","E","R","E","T","E","R","$","M","M","R","B",null,"M","$","M","M","?","E","M","M","T","?","E","M","R","T","R","B",null,"M","M","M","M","M","R","$","E","T","M","R","M","M","M","R","B",null,"$","R","E","B",null],"character_chosen":"THE_WITCHER","items_purchased":["Medical Kit","SnafuTest:SpellChainLightning","SnafuTest:PowerAlwaysAWay","Membership Card","SnafuTest:IgniRelic","SnafuTest:PowerAlwaysOnRoads","SnafuTest:PowerCrimsonRitual"],"campfire_rested":4,"item_purchase_floors":[0,0,0,0,0,0,0],"current_hp_per_floor":[36,46,35,45,30,20,73,56,66,55,65,90,86,83,93,81,255,256,275,269,249,255,212,218,214,224,234,248,251,261,271,281,267,430,421,394,410,422,397,407,432,438,448,460,540,550,560,564,580,584,600,610,620,630,614],"gold":2645,"neow_bonus":"","is_daily":false,"chose_seed":false,"campfire_upgraded":4,"win_rate":0.0,"timestamp":1608533056,"path_taken":["M","M","M","?","?","E","R","E","T","E","R","$","M","M","R","BOSS","M","$","M","M","?","E","M","M","T","?","E","M","R","?","R","BOSS","M","M","M","M","M","R","$","E","T","M","R","M","M","M","R","BOSS","$","R","E","BOSS"],"items_purchased_type":["Relic","Card","Card","Relic","Relic","Card","Card"],"build_version":"2020-12-13","purchased_purges":12,"victory":true,"max_hp_per_floor":[95,105,115,125,135,145,155,165,175,185,195,205,215,225,235,245,255,265,275,285,295,305,315,325,335,345,355,365,375,385,395,405,415,430,440,450,460,470,480,490,500,510,520,530,540,550,560,570,580,590,600,610,620,630,640],"card_choices":[{"not_picked":["SnafuTest:MCSuccubusSeduction","SnafuTest:PayHappyHour"],"picked":"SnafuTest:SpellIncendiaryShower","floor":1},{"not_picked":["SnafuTest:PowerFireDamnation","SnafuTest:UnpredictablePuncture","SnafuTest:FlashingEvasion"],"picked":"SKIP","floor":2},{"not_picked":["SnafuTest:SpellLivingArmor","SnafuTest:SwiftAssault","SnafuTest:PowerContactIsContract"],"picked":"SKIP","floor":3},{"not_picked":["SnafuTest:Offering","SnafuTest:Portal","SnafuTest:CareTaker"],"picked":"SKIP","floor":4},{"not_picked":["SnafuTest:SignAxii","SnafuTest:SignQuen","SnafuTest:SpellTortoise"],"picked":"SKIP","floor":6},{"not_picked":["SnafuTest:SpellButterflyIllusion","SnafuTest:AncestralRitual","SnafuTest:PowerAlwaysOnRoads"],"picked":"SKIP","floor":8},{"not_picked":["SnafuTest:SpellLifeDrain","SnafuTest:BlueWhale","SnafuTest:PowerFireDamnation"],"picked":"SKIP","floor":10},{"not_picked":["SnafuTest:PowerFireDamnation","SnafuTest:SignYrden","SnafuTest:ShieldUp"],"picked":"SKIP","floor":13},{"not_picked":["SnafuTest:PayWeaponSmith","SnafuTest:SpellButterflyIllusion","SnafuTest:PowerHangmenTree"],"picked":"SKIP","floor":14},{"not_picked":["SnafuTest:UnpredictablePuncture","SnafuTest:Offering","SnafuTest:PowerFireDamnation+1"],"picked":"SKIP","floor":18},{"not_picked":["SnafuTest:SpellChainLightning","SnafuTest:HermitsErudition","SnafuTest:Portal+1"],"picked":"SKIP","floor":20},{"not_picked":["SnafuTest:ArmoredSortie","SnafuTest:Kick"],"picked":"SnafuTest:WorldMap+1","floor":21},{"not_picked":["SnafuTest:BattleCry","SnafuTest:PowerTrialOfGrasses"],"picked":"SnafuTest:Shooting","floor":23},{"not_picked":["SnafuTest:SignQuen","SnafuTest:QueensGuard","SnafuTest:BlueWhale"],"picked":"SKIP","floor":24},{"not_picked":["SnafuTest:SmashingSlash","SnafuTest:WeddingDance+1","SnafuTest:SignYrden+1"],"picked":"SKIP","floor":25},{"not_picked":["SnafuTest:PayWeaponSmith","SnafuTest:BombDancingStar","SnafuTest:ArmoredSortie"],"picked":"SKIP","floor":28},{"not_picked":["SnafuTest:PaySmithWorkshop","SnafuTest:SpellDispellingPush","SnafuTest:SignIgni"],"picked":"SKIP","floor":29},{"not_picked":["SnafuTest:SmashingSlash","SnafuTest:SpellLifeDrain+1"],"picked":"SnafuTest:PayHappyHour","floor":35},{"not_picked":["SnafuTest:SignYrden+1","SnafuTest:AssassinOfKings","SnafuTest:BombMoonDust"],"picked":"SKIP","floor":36},{"not_picked":["SnafuTest:SpellChainLightning+1","SnafuTest:Meditation+1","SnafuTest:RecklessBlow+1"],"picked":"SKIP","floor":37},{"not_picked":["SnafuTest:Offering+1","SnafuTest:HermitsErudition+1","SnafuTest:Oriole+1"],"picked":"SKIP","floor":38},{"not_picked":["SnafuTest:CareTaker+1","SnafuTest:SpellBitingFrost+1","SnafuTest:SpellTortoise"],"picked":"SKIP","floor":39},{"not_picked":["SnafuTest:SpellTortoise+1","SnafuTest:PowerHangmenTree+1"],"picked":"SnafuTest:WorldMap+1","floor":42},{"not_picked":["SnafuTest:PayHappyHour","SnafuTest:SpellTelekinesis+1","SnafuTest:BombDancingStar+1"],"picked":"SKIP","floor":44},{"not_picked":["SnafuTest:BombDimeritium+1","SnafuTest:DesperateRemediation","SnafuTest:WorldMap+1"],"picked":"SKIP","floor":46},{"not_picked":["SnafuTest:PowerCounterAttack","SnafuTest:DecisiveOpportunity","SnafuTest:FirstAid"],"picked":"SKIP","floor":47},{"not_picked":["SnafuTest:PowerProbingFeint","SnafuTest:QueensGuard","SnafuTest:FlashingRaid+1"],"picked":"SKIP","floor":48},{"not_picked":["SnafuTest:NoPass+1","SnafuTest:PowerTrialOfGrasses+1","SnafuTest:Oriole"],"picked":"SKIP","floor":54}],"player_experience":272404,"relics_obtained":[{"floor":6,"key":"MealTicket"},{"floor":8,"key":"Orichalcum"},{"floor":10,"key":"Oddly Smooth Stone"},{"floor":22,"key":"Red Mask"},{"floor":23,"key":"Bird Faced Urn"},{"floor":26,"key":"Mercury Hourglass"},{"floor":28,"key":"SnafuTest:AardRelic"},{"floor":31,"key":"Bronze Scales"},{"floor":42,"key":"Sundial"},{"floor":43,"key":"SnafuTest:WolfRelic"},{"floor":54,"key":"TungstenRod"}],"event_choices":[{"damage_healed":0,"gold_gain":0,"player_choice":"Entered Light","damage_taken":25,"max_hp_gain":0,"max_hp_loss":0,"event_name":"Shining Light","floor":5,"gold_loss":0,"cards_upgraded":["SnafuTest:SignYrden","SnafuTest:PowerAlwaysOnRoads"]},{"damage_healed":0,"gold_gain":0,"player_choice":"Fought Bandits","damage_taken":0,"max_hp_gain":0,"max_hp_loss":0,"event_name":"Masked Bandits","floor":22,"gold_loss":0},{"damage_healed":0,"gold_gain":0,"player_choice":"Read","damage_taken":0,"max_hp_gain":0,"max_hp_loss":0,"event_name":"The Library","floor":27,"gold_loss":0,"cards_obtained":["SnafuTest:ConciliatoryPresence"]}],"is_beta":false,"boss_relics":[{"not_picked":["Runic Pyramid","conspire:SlowCooker"],"picked":"Sozu"},{"not_picked":["Empty Cage","conspire:RunicOctahedron"],"picked":"Tiny House"}],"items_purged_floors":[0,0,0,0,0,0,19,19,41,41,41,52],"is_endless":false,"potions_floor_spawned":[2,3,4,16,18,24,25,28,29,33,37,38,44,46,47,54],"ascension_level":0}}