{"host":"rvgqag7mtxu5qaaz","time":1608576251,"event":{"mods":["AchievementEnabler","BaseMod","Downfall","Hermit","Hubris","Minty Spire (QoL Compilation)","Replay The Spire","StSLib","SuperFastMode","The Animator","The Construct","The Cursed","The Disciple","The Necromancer"],"gold_per_floor":[117,117,128,138,158,158,170,201,273,273,273],"floor_reached":10,"playtime":769,"items_purged":[],"score":73,"play_id":"71624be3-3456-4fe1-a663-3cb833b6028c","local_time":"20201221134411","is_ascension_mode":true,"campfire_choices":[{"floor":6,"key":"RECALL"}],"circlet_count":0,"master_deck":["Strike_P","Strike_P","Strike_P","Strike_P","Defend_P","Defend_P","Defend_P","Defend_P","Eruption","Vigilance","ConjureBlade","WindmillStrike","Perseverance","Sanctity","Replay:ManipulateFuture"],"relics":["PureWater","Spirit Poop","Bronze Scales","Replay:Accelerometer"],"acts_visited":["Exordium"],"potions_floor_usage":[],"damage_taken":[{"damage":2,"enemies":"Jaw Worm","floor":1,"turns":4},{"damage":0,"enemies":"Cultist","floor":3,"turns":2},{"damage":3,"enemies":"2 Louse","floor":4,"turns":4},{"damage":4,"enemies":"Red Slaver","floor":5,"turns":9},{"damage":4,"enemies":"Exordium Wildlife","floor":7,"turns":5},{"damage":3,"enemies":"Lagavulin","floor":8,"turns":8},{"damage":83,"enemies":"Gremlin Nob","floor":10,"turns":5}],"seed_played":"3333425367028460588","potions_obtained":[{"floor":1,"key":"Guardian:BlockOnCardUsePotion"},{"floor":4,"key":"Venom Potion"}],"is_trial":false,"path_per_floor":["M","?","M","M","M","R","M","E","T","E"],"character_chosen":"WATCHER","items_purchased":[],"campfire_rested":0,"item_purchase_floors":[],"current_hp_per_floor":[70,70,70,67,63,63,59,56,56,0,0],"gold":273,"neow_bonus":"THREE_RARE_CARDS","is_daily":false,"chose_seed":false,"campfire_upgraded":0,"win_rate":0.0,"timestamp":1608576251,"path_taken":["M","?","?","M","?","R","M","E","T","E"],"items_purchased_type":[],"build_version":"2020-12-13","purchased_purges":0,"victory":false,"max_hp_per_floor":[72,72,72,72,72,72,72,72,72,72,72],"card_choices":[{"not_picked":["MasterReality","Replay:LoomingThreat"],"picked":"ConjureBlade","floor":0},{"not_picked":["BowlingBash","Crescendo"],"picked":"WindmillStrike","floor":1},{"not_picked":["ClearTheMind","Evaluate"],"picked":"Perseverance","floor":3},{"not_picked":["Crescendo","Conclude","Consecrate"],"picked":"SKIP","floor":4},{"not_picked":["Crescendo","Protect","Consecrate"],"picked":"SKIP","floor":5},{"not_picked":["JustLucky","Replay:AtTheReady"],"picked":"Sanctity","floor":7},{"not_picked":["Protect","SignatureMove"],"picked":"Replay:ManipulateFuture","floor":8}],"player_experience":285918,"relics_obtained":[{"floor":8,"key":"Bronze Scales"},{"floor":9,"key":"Replay:Accelerometer"}],"event_choices":[{"cards_removed":["Amnesia"],"damage_healed":0,"gold_gain":0,"player_choice":"Offered Curse","damage_taken":0,"relics_obtained":["Spirit Poop"],"max_hp_gain":0,"max_hp_loss":0,"event_name":"Bonfire Elementals","floor":2,"gold_loss":0}],"is_beta":false,"boss_relics":[],"items_purged_floors":[],"is_endless":false,"potions_floor_spawned":[1,4],"killed_by":"Gremlin Nob","ascension_level":1}}