{"host":"0rxdudjy6rylha1k","time":1608573605,"event":{"mods":["Aspiration","BaseMod","Colored Map","Colored Powertips","Downfall","Highlight Path","Hubris","Minty Spire (QoL Compilation)","StSLib"],"gold_per_floor":[99,127,127,146,178,103,103,103,137,137,149,11,26,83,94,197,197,197,208,221,221,221],"floor_reached":21,"playtime":2320,"items_purged":[],"score":278,"play_id":"6d73fcf2-043e-43f3-bf8e-202965f599a5","local_time":"20201221110005","is_ascension_mode":true,"campfire_choices":[{"floor":1,"key":"RECALL"},{"floor":6,"key":"REST"},{"data":"sneckomod:DefensiveFlair","floor":8,"key":"SMITH"},{"data":"sneckomod:PureSnecko","floor":10,"key":"SMITH"},{"data":"sneckomod:SerpentMind","floor":18,"key":"SMITH"}],"circlet_count":0,"master_deck":["sneckomod:Strike","sneckomod:Strike","sneckomod:Defend","sneckomod:Defend","sneckomod:Defend","sneckomod:TailWhip","sneckomod:SnekBite","sneckomod:Unknown","sneckomod:Unknown","sneckomod:ImprovisedGuard","sneckomod:DefensiveFlair+1","sneckomod:SerpentIdol","sneckomod:SerpentIdol","sneckomod:PureSnecko+1","sneckomod:ImprovisedAttack+1","sneckomod:UnknownRareSkill","sneckomod:DiceCrush+1","sneckomod:CheapStock","sneckomod:ImprovisedAttack+1","sneckomod:UnknownStrength","sneckomod:SlitherStrike+1","sneckomod:SerpentMind+1","sneckomod:WideSting+1","sneckomod:DiceBoulder+1"],"relics":["sneckomod:SuperSneckoSoul","hubris:BottledRain","hubris:PeanutButter","downfall:HeartBlessingRed","Matryoshka","Molten Egg 2","Ice Cream"],"acts_visited":["Exordium","TheCity"],"potions_floor_usage":[2,2,5,5,9,14,14,15,15],"damage_taken":[{"damage":22,"enemies":"3 Sentries","floor":2,"turns":6},{"damage":3,"enemies":"Jaw Worm","floor":4,"turns":3},{"damage":17,"enemies":"Gremlin Nob","floor":5,"turns":4},{"damage":0,"enemies":"Lagavulin","floor":9,"turns":8},{"damage":0,"enemies":"Cultist","floor":11,"turns":3},{"damage":0,"enemies":"downfall:FleeingMerchant","floor":12,"turns":4},{"damage":0,"enemies":"Small Slimes","floor":13,"turns":4},{"damage":0,"enemies":"3 Sentries","floor":14,"turns":3},{"damage":0,"enemies":"3 Louse","floor":15,"turns":2},{"damage":60,"enemies":"downfall:Ironclad","floor":16,"turns":7},{"damage":33,"enemies":"Spheric Guardian","floor":19,"turns":6},{"damage":4,"enemies":"Chosen","floor":20,"turns":3},{"damage":45,"enemies":"Gremlin Leader","floor":21,"turns":6}],"seed_played":"8136448040782743970","potions_obtained":[{"floor":0,"key":"sneckomod:CheatPotion"},{"floor":0,"key":"BlessingOfTheForge"},{"floor":0,"key":"LiquidMemories"},{"floor":2,"key":"LiquidMemories"},{"floor":5,"key":"Ancient Potion"},{"floor":9,"key":"SkillPotion"},{"floor":11,"key":"sneckomod:DiceRollPotion"},{"floor":13,"key":"FearPotion"},{"floor":14,"key":"SteroidPotion"},{"floor":19,"key":"SpeedPotion"}],"is_trial":false,"path_per_floor":["R","E","?","M","E","R","T","R","E","R","M","$","M","?","M","B",null,"R","M","M","E"],"character_chosen":"THE_SNECKO","items_purchased":["sneckomod:DiceCrush+1","sneckomod:CheapStock"],"campfire_rested":1,"item_purchase_floors":[12,12],"current_hp_per_floor":[90,68,68,65,48,75,75,75,75,75,75,76,76,77,77,17,81,81,48,44,0,0],"gold":221,"neow_bonus":"THREE_SMALL_POTIONS","is_daily":false,"chose_seed":false,"campfire_upgraded":3,"win_rate":0.0,"timestamp":1608573605,"path_taken":["R","E","?","M","E","R","T","R","E","R","M","$","?","?","M","BOSS","R","M","M","E"],"items_purchased_type":["Card","Card"],"build_version":"2020-12-13","purchased_purges":0,"victory":false,"max_hp_per_floor":[90,90,90,90,90,90,90,90,90,90,90,91,91,92,92,92,100,100,100,100,100,100],"card_choices":[{"not_picked":["sneckomod:QuickMove","sneckomod:UnknownExhaust"],"picked":"sneckomod:ImprovisedGuard","floor":2},{"not_picked":["sneckomod:MasterEye","sneckomod:SoulDraw"],"picked":"sneckomod:SerpentIdol","floor":4},{"not_picked":["sneckomod:UnknownClassGREEN","sneckomod:MasterEye"],"picked":"sneckomod:SerpentIdol","floor":5},{"not_picked":["sneckomod:UnknownClassGREEN","sneckomod:UnknownCommonSkill"],"picked":"sneckomod:PureSnecko","floor":9},{"not_picked":["sneckomod:IronFang+1","sneckomod:Nope"],"picked":"sneckomod:ImprovisedAttack+1","floor":11},{"not_picked":["sneckomod:Unknown1Cost","sneckomod:UnknownClassGREEN"],"picked":"sneckomod:UnknownRareSkill","floor":12},{"not_picked":["sneckomod:DiceCrush+1","sneckomod:UnknownBlock"],"picked":"sneckomod:ImprovisedAttack+1","floor":13},{"not_picked":["sneckomod:UnknownX","sneckomod:CheapStock"],"picked":"sneckomod:UnknownStrength","floor":14},{"not_picked":["sneckomod:UnknownClassBLUE","sneckomod:UnknownExhaust"],"picked":"sneckomod:SlitherStrike+1","floor":15},{"not_picked":["sneckomod:Mudshield","sneckomod:DangerNoodle+1"],"picked":"sneckomod:SerpentMind","floor":16},{"not_picked":["sneckomod:DiceBlock","sneckomod:DiceCrush+1"],"picked":"sneckomod:WideSting+1","floor":19},{"not_picked":["sneckomod:ImprovisedGuard","sneckomod:DiceCrush+1"],"picked":"sneckomod:DiceBoulder+1","floor":20}],"player_experience":2326634,"relics_obtained":[{"floor":2,"key":"hubris:BottledRain"},{"floor":5,"key":"hubris:PeanutButter"},{"floor":7,"key":"Matryoshka"},{"floor":9,"key":"Molten Egg 2"},{"floor":14,"key":"Ice Cream"}],"event_choices":[{"damage_healed":0,"gold_gain":0,"cards_transformed":["sneckomod:Strike"],"player_choice":"Transformed","damage_taken":0,"max_hp_gain":0,"max_hp_loss":0,"event_name":"Transmorgrifier","floor":3,"gold_loss":0,"cards_obtained":["sneckomod:DefensiveFlair"]}],"is_beta":false,"boss_relics":[{"not_picked":["aspiration:SilentSkillbook","Velvet Choker"],"picked":"sneckomod:SuperSneckoSoul"}],"items_purged_floors":[],"is_endless":false,"potions_floor_spawned":[2,9,11,13,14,19],"killed_by":"Gremlin Leader","ascension_level":5}}