{"host":"kstmajdnxm8lto3o","time":1608583138,"event":{"mods":["Aspiration","BaseMod","Better Third Choice","BetterRewards","CCEM","Conspire","Downfall","Gremlin Skip","Highlight Path","Hubris","Minty Spire (QoL Compilation)","Replay The Spire","Shop Mod","Spicy Shops","StSLib"],"gold_per_floor":[110,110,124,124,148,181,221,221,296,315,348,372,372,128,128,248,248,262,283,283,283,283,283,321,321,346,371,402,420,451,366,366,366,366],"floor_reached":33,"playtime":2555,"items_purged":["Crystallizer"],"score":339,"play_id":"d3255955-fa28-4164-aa5b-58ff32f51213","local_time":"20201221153858","is_ascension_mode":true,"campfire_choices":[{"data":"Zap","floor":8,"key":"SMITH"},{"data":"Dualcast","floor":13,"key":"SMITH"},{"floor":15,"key":"REST"},{"data":"Reboot","floor":23,"key":"SMITH"},{"data":"Streamline","floor":25,"key":"SMITH"},{"floor":32,"key":"REST"}],"circlet_count":0,"master_deck":["Strike_B","Strike_B","Strike_B","Defend_B","Defend_B","Defend_B","Defend_B","Zap+1","Dualcast+1","Reboot+1","Conserve Battery","Streamline+1","Auto Shields","Ball Lightning","Coolheaded+1","Doom and Gloom","Redo+1","Fusion+1","Electrodynamics","Darkness+1","Leap+1","Mirror Shield+1","ReplayTheSpireMod:Calculation Training+1","Sweeping Beam+1","FIFO Queue+1"],"relics":["Cracked Core","Golden Idol","WingedGreaves","Centennial Puzzle","Smiling Mask","Toxic Egg 2","Happy Flower","Lantern","Replay:Bronze Core","Regal Pillow","Vajra","Bottled Tornado","aspiration:EnhancedActuators","Geode"],"acts_visited":["Exordium","TheCity"],"potions_floor_usage":[7,12,24,28,29,33],"damage_taken":[{"damage":0,"enemies":"Small Slimes","floor":1,"turns":3},{"damage":1,"enemies":"Jaw Worm","floor":3,"turns":3},{"damage":0,"enemies":"2 Louse","floor":5,"turns":3},{"damage":6,"enemies":"Replay:BlueRogue","floor":6,"turns":5},{"damage":11,"enemies":"Gremlin Nob","floor":7,"turns":4},{"damage":6,"enemies":"Large Slime","floor":10,"turns":5},{"damage":4,"enemies":"Replay:BlueRogue","floor":11,"turns":6},{"damage":0,"enemies":"Gremlin Gang","floor":12,"turns":2},{"damage":41,"enemies":"Hexaghost","floor":16,"turns":10},{"damage":15,"enemies":"Spheric Guardian","floor":18,"turns":4},{"damage":0,"enemies":"3 Byrds","floor":19,"turns":2},{"damage":8,"enemies":"conspire:SneckoGhost","floor":24,"turns":7},{"damage":4,"enemies":"Centurion and Healer","floor":27,"turns":3},{"damage":14,"enemies":"Book of Stabbing","floor":28,"turns":5},{"damage":14,"enemies":"Snake Plant","floor":29,"turns":3},{"damage":18,"enemies":"conspire:SneckoGhost","floor":30,"turns":4},{"damage":53,"enemies":"Automaton","floor":33,"turns":6}],"seed_played":"2655565811833436228","potions_obtained":[{"floor":3,"key":"LifebloodPotion"},{"floor":5,"key":"Strength Potion"},{"floor":10,"key":"Block Potion"},{"floor":16,"key":"Milkshake"},{"floor":19,"key":"Block Potion"},{"floor":27,"key":"Regen Potion"},{"floor":28,"key":"SkillPotion"},{"floor":29,"key":"SteroidPotion"}],"is_trial":false,"path_per_floor":["M","?","M","T","M","E","E","R","T","M","E","M","R","$","R","B",null,"M","M","?","?","?","R","E","R","T","M","E","M","E","?","R","B"],"character_chosen":"DEFECT","items_purchased":["Redo+1","Fusion+1","Lantern"],"campfire_rested":2,"item_purchase_floors":[14,14,14],"current_hp_per_floor":[75,57,56,56,56,50,39,39,39,33,29,29,29,29,51,10,75,60,60,60,60,60,60,52,52,52,48,48,34,16,16,53,0,0],"gold":366,"neow_bonus":"ONE_RANDOM_RARE_CARD","is_daily":false,"chose_seed":false,"campfire_upgraded":4,"win_rate":0.0,"timestamp":1608583138,"path_taken":["M","?","M","?","?","E","E","R","T","M","E","M","R","$","R","BOSS","M","M","?","?","?","R","E","R","T","M","E","?","E","?","R","BOSS"],"items_purchased_type":["Card","Card","Relic"],"build_version":"2020-12-13","purchased_purges":1,"victory":false,"max_hp_per_floor":[75,75,75,75,75,75,75,75,75,75,75,75,75,75,75,75,75,75,75,75,75,75,75,75,75,75,75,75,75,75,75,75,75,75],"card_choices":[{"not_picked":["Compile Driver","Sweeping Beam"],"picked":"Crystallizer","floor":1},{"not_picked":["hubris:Ukulele","ReplayTheSpireMod:GoodbyeWorld"],"picked":"Conserve Battery","floor":3},{"not_picked":["Compile Driver","Gash"],"picked":"Streamline","floor":5},{"not_picked":["ReplaySolidLightProjector","Hologram"],"picked":"Auto Shields","floor":6},{"not_picked":["Coolheaded","ReplayRNGCard"],"picked":"Ball Lightning","floor":7},{"not_picked":["White Noise+1","BasicCrystalCard+1"],"picked":"Coolheaded+1","floor":10},{"not_picked":["Conserve Battery+1","ReplayTheSpireMod:GoodbyeWorld"],"picked":"Doom and Gloom","floor":11},{"not_picked":["Stack+1","Genetic Algorithm+1","Recycle+1"],"picked":"SKIP","floor":12},{"not_picked":["Seek+1","Creative AI"],"picked":"Electrodynamics","floor":16},{"not_picked":["conspire:SharedLibrary+1","Lockon"],"picked":"Darkness+1","floor":18},{"not_picked":["ReplaySolidLightProjector+1","Turbo+1"],"picked":"Leap+1","floor":19},{"not_picked":["Barrage+1","aspiration:Polymerization+1"],"picked":"Mirror Shield+1","floor":24},{"not_picked":["Gash","Panic Button+1"],"picked":"ReplayTheSpireMod:Calculation Training+1","floor":27},{"not_picked":["Conserve Battery+1","Rip and Tear+1"],"picked":"Sweeping Beam+1","floor":28},{"not_picked":["Undo+1","Static Discharge"],"picked":"FIFO Queue+1","floor":29},{"not_picked":["Streamline","Gash","Scrape+1"],"picked":"SKIP","floor":30}],"player_experience":473709,"relics_obtained":[{"floor":4,"key":"WingedGreaves"},{"floor":6,"key":"Centennial Puzzle"},{"floor":7,"key":"Smiling Mask"},{"floor":9,"key":"Toxic Egg 2"},{"floor":11,"key":"Happy Flower"},{"floor":26,"key":"Vajra"},{"floor":28,"key":"Bottled Tornado"},{"floor":30,"key":"aspiration:EnhancedActuators"}],"event_choices":[{"damage_healed":0,"gold_gain":0,"player_choice":"Take Damage","damage_taken":18,"relics_obtained":["Golden Idol"],"max_hp_gain":0,"max_hp_loss":0,"event_name":"Golden Idol","floor":2,"gold_loss":0},{"damage_healed":0,"gold_gain":0,"player_choice":"Ignored","damage_taken":0,"max_hp_gain":0,"max_hp_loss":0,"event_name":"Beggar","floor":21,"gold_loss":0},{"cards_removed":["Strike_B"],"damage_healed":0,"gold_gain":0,"player_choice":"Purged","damage_taken":0,"max_hp_gain":0,"max_hp_loss":0,"event_name":"Purifier","floor":22,"gold_loss":0},{"damage_healed":0,"gold_gain":0,"player_choice":"Obtained Relic","damage_taken":0,"relics_obtained":["Geode"],"max_hp_gain":0,"max_hp_loss":0,"event_name":"Addict","floor":31,"gold_loss":85}],"is_beta":false,"boss_relics":[{"not_picked":["Coffee Dripper","aspiration:RitualDagger"],"picked":"Replay:Bronze Core"}],"items_purged_floors":[14],"is_endless":false,"potions_floor_spawned":[3,5,10,16,19,27,28,29],"killed_by":"Automaton","ascension_level":1}}