{"host":"8u40nq559zpgb6zp","time":1608513854,"event":{"mods":["Aspiration","Bard","BaseMod","Beaked The Cultist","Better Altar","Better Match","Better Note","Better Sensory Stone","Better Skull","Better Third Choice","BetterRewards","CCEM","Clawfect","Conspire","Duelist Mod","Googly Eyes","Halation","Hermit","Highlight Path","Infinite Spire","Jedi Mod","Jorbs\u0027s Wanderer Trilogy","Mad Scientist","Marisa（霧雨　魔理沙）","Minty Spire (QoL Compilation)","Permanent Neow","Replay The Spire","Shade Mod","Shop Mod","Spicy Shops","StSLib","The Bladedancer","The Construct","The Cursed","The Disciple","The Druid","The Gatherer","The Hierophant","The IronCluck","The Jungle","The Mystic","The Necromancer","The Runesmith","The Senshi","The Servant 0.9.4","The Spell Scribe","The Witch","slay the spire mod where everything is the same but ironclad has a cowboy hat"],"gold_per_floor":[118,118,147,165,177,203,203,12,93,106,106,123,149,161,161,258,258,271,271,286,286,59,87,98,133,159,176,196,214,214,231,231,327,327,343,43,43,43,55,96,113,113,189,217,274,296,310,329,329,441,441,450,13,20,33,47,47,57,105,160,180,181,181,200,280,280,367,367,374,380,16,16,20,39,38,62,113,113,133,133,408,199,199,288,288,295,45,38,38],"floor_reached":88,"playtime":10752,"items_purged":[],"score":1923,"play_id":"67115924-1fe9-490a-bd0b-4ce24835af97","local_time":"20201220202414","is_ascension_mode":false,"campfire_choices":[{"floor":7,"key":"RECALL"},{"data":"Negative_Energy_Javelin","floor":11,"key":"SMITH"},{"data":"Chill_Blood","floor":15,"key":"SMITH"},{"floor":32,"key":"REST"},{"floor":42,"key":"REST"},{"data":"Death_March_Dance","floor":49,"key":"SMITH"},{"data":"Uncharnel","floor":57,"key":"SMITH"},{"data":"Grasp_Heart","floor":63,"key":"SMITH"},{"data":"Grasp_Heart","floor":66,"key":"SMITH"},{"data":"infinitespire:DeathsTouch","floor":78,"key":"SMITH"},{"data":"Summon_Undead_Army","floor":80,"key":"SMITH"},{"data":"Sadistic Nature","floor":83,"key":"SMITH"}],"circlet_count":0,"master_deck":["Strike_W","Strike_W","Strike_W","Strike_W","Defend_W","Defend_W+1","Defend_W","Defend_W+1","Negative_Energy_Arrows","Bone_Wall","Stop_Heart","Negative_Energy_Javelin+1","Negative_Energy_Burst","Negative_Energy_Sphere+1","Negative_Energy_Burst","Death_March_Dance+1","Negative_Energy_Shield","Chill_Blood+1","Grasp_Heart+1","Negative_Energy_Mist","Negative_Energy_Bomb","Exploit","infinitespire:FutureSight","Summon_Vampire_Lady","Negative_Energy_Sphere","Pandemic","Uncharnel+1","Summon_Undead+1","Grasp_Heart+1","Bone_Armor+1","Bone_Prison","Bone_Shift","Summon_Lich","Summon_Vampire_Lady","Negative_Energy_Mist","Summon_Lich","Negative_Energy_Shield","Negative_Energy_Javelin","Death_March_Dance","Negative_Energy_Mist","Thousand_Bone_Knives","Negative_Energy_Shield","infinitespire:DeathsTouch+1","Summon_Undead_Army+1","Chill_Blood","Negative_Energy_Shield+1","Pandemic","Sadistic Nature+1","Scare","Bone_Spikes+1","Negative_Energy_Mist","Negative_Energy_Mist"],"relics":["Vampire_Amulet","Unceasing Top","halation:StarCompass","InkBottle","halation:AfternoonTea","halation:PromiseList","Anchor","Runic Pyramid","aspiration:MobileForge","Replay:Baseball","halation:VictoryRuler","aspiration:Lifesprig","Dream Catcher","aspiration:Stabinomicon","Busted Crown","aspiration:TomeofQuesting","halation:IllGainedPizza","Ring of Fury","Ring of Hypnosis","halation:PrussianBluePaint","jedi:bottledfury","War Paint","Du-Vu Doll","halation:Prosthetics","FossilizedHelix","beaked:ShinyBauble","CCEMRelics:Barrel","CCEMRelics:FestiveHat","construct:BoolHorns","Replay:Bronze Core","Membership Card","halation:SwordOfLegend","infinitespire:PuzzleCube","Omamori","Juzu Bracelet","WingedGreaves","Bronze Scales","Snecko Eye","Pondfish Scales","PreservedInsect"],"acts_visited":["Exordium","TheCity","TheBeyond","Exordium","Exordium","TheBeyond"],"potions_floor_usage":[3,13,31,33,41,46,46,73,73,73,88],"damage_taken":[{"damage":0,"enemies":"2 Louse","floor":1,"turns":2},{"damage":2,"enemies":"conspire:MimicChest","floor":3,"turns":5},{"damage":1,"enemies":"conspire:RoseBush","floor":4,"turns":4},{"damage":0,"enemies":"Small Slimes","floor":5,"turns":4},{"damage":20,"enemies":"Replay:BlueRogue","floor":6,"turns":7},{"damage":7,"enemies":"Looter","floor":10,"turns":3},{"damage":0,"enemies":"Gremlin Gang","floor":12,"turns":2},{"damage":20,"enemies":"3 Sentries","floor":13,"turns":7},{"damage":0,"enemies":"2 Fungi Beasts","floor":14,"turns":2},{"damage":10,"enemies":"Hexaghost","floor":16,"turns":9},{"damage":19,"enemies":"conspire:FuzzyDice","floor":18,"turns":4},{"damage":0,"enemies":"3 Byrds","floor":20,"turns":4},{"damage":0,"enemies":"Gremlin Leader","floor":23,"turns":5},{"damage":6,"enemies":"conspire:HollyBat","floor":24,"turns":10},{"damage":27,"enemies":"Nightmare","floor":25,"turns":10},{"damage":10,"enemies":"Shelled Parasite and Fungi","floor":27,"turns":4},{"damage":9,"enemies":"Centurion and Healer","floor":28,"turns":3},{"damage":4,"enemies":"conspire:HollyBat","floor":29,"turns":6},{"damage":5,"enemies":"Snake Plant","floor":31,"turns":2},{"damage":18,"enemies":"Champ","floor":33,"turns":9},{"damage":12,"enemies":"3 Darklings","floor":35,"turns":5},{"damage":0,"enemies":"Orb Walker","floor":39,"turns":3},{"damage":66,"enemies":"Nemesis","floor":40,"turns":7},{"damage":5,"enemies":"3 Darklings","floor":41,"turns":3},{"damage":0,"enemies":"Reptomancer","floor":44,"turns":3},{"damage":0,"enemies":"Mind Bloom Boss Battle","floor":45,"turns":5},{"damage":16,"enemies":"Spire Growth","floor":46,"turns":4},{"damage":0,"enemies":"Transient","floor":47,"turns":5},{"damage":0,"enemies":"3 Darklings","floor":48,"turns":2},{"damage":61,"enemies":"Awakened One","floor":50,"turns":11},{"damage":1,"enemies":"Cultist","floor":52,"turns":3},{"damage":0,"enemies":"Jaw Worm","floor":54,"turns":2},{"damage":0,"enemies":"2 Louse","floor":55,"turns":1},{"damage":0,"enemies":"Looter","floor":56,"turns":2},{"damage":0,"enemies":"Gremlin Gang","floor":58,"turns":1},{"damage":0,"enemies":"Lagavulin Event","floor":59,"turns":3},{"damage":0,"enemies":"3 Sentries","floor":61,"turns":3},{"damage":0,"enemies":"Gremlin Nob","floor":64,"turns":2},{"damage":32,"enemies":"The Guardian","floor":67,"turns":7},{"damage":0,"enemies":"theJungle:GiantWrat","floor":69,"turns":3},{"damage":0,"enemies":"theJungle:5_Spyders","floor":70,"turns":1},{"damage":0,"enemies":"theJungle:2_Flameangoes","floor":73,"turns":1},{"damage":0,"enemies":"theJungle:Cassacara","floor":74,"turns":3},{"damage":0,"enemies":"theJungle:SlimyTreeVines","floor":75,"turns":3},{"damage":0,"enemies":"theJungle:2_Phrogs","floor":76,"turns":3},{"damage":0,"enemies":"theJungle:MamaSnecko","floor":79,"turns":4},{"damage":0,"enemies":"theJungle:QueenSpyder","floor":84,"turns":3},{"damage":0,"enemies":"3 Darklings","floor":86,"turns":2},{"damage":0,"enemies":"infinitespire:Three Voidlings","floor":88,"turns":1},{"damage":33,"enemies":"Nightmare_Alpha","floor":88,"turns":2}],"seed_played":"6318160721704289006","potions_obtained":[{"floor":1,"key":"Adrenaline Potion"},{"floor":5,"key":"SteroidPotion"},{"floor":10,"key":"infinitespire:BlackPotion"},{"floor":13,"key":"construct:ShiftPotion"},{"floor":16,"key":"DuplicationPotion"},{"floor":33,"key":"Fire Potion"},{"floor":40,"key":"jedi:StrikingPotion"},{"floor":41,"key":"Adrenaline Potion"},{"floor":50,"key":"Adrenaline Potion"},{"floor":59,"key":"BlessingOfTheForge"},{"floor":61,"key":"Adrenaline Potion"},{"floor":74,"key":"Strength Potion"},{"floor":79,"key":"jedi:mysterypotion"},{"floor":84,"key":"BlessingOfTheForge"}],"is_trial":false,"path_per_floor":["M","?","?","M","M","E","R","$","T","M","R","M","E","M","R","B",null,"M","AVR","M","?","$","E","M","NM","T","M","M","M","?","M","R","B",null,"M","$","?","?","M","E","M","R","T","E","?","M","M","M","R","B",null,"M","$","M","M","M","R","M","?","T","E","?","R","E","?","R","B",null,"M","M","$","?","M","E","M","E","T","R","E","R","?","$","R","B",null,"M","$","?"],"character_chosen":"NECROMANCER","items_purchased":["halation:PromiseList","Negative_Energy_Sphere+1","Replay:Baseball","Negative_Energy_Bomb","aspiration:TomeofQuesting","halation:IllGainedPizza","FossilizedHelix","Summon_Lich","Negative_Energy_Shield","Membership Card","halation:SwordOfLegend","Summon_Undead_Army","Chill_Blood","Pandemic","Sadistic Nature","Bronze Scales","Scare","Pondfish Scales","PreservedInsect","Negative_Energy_Mist"],"campfire_rested":2,"item_purchase_floors":[8,8,22,22,36,36,53,53,53,71,71,71,71,82,82,82,82,87,87,87],"current_hp_per_floor":[68,68,68,67,68,50,50,50,50,45,45,53,39,43,43,35,68,51,51,57,57,57,67,63,38,38,38,33,43,27,22,42,56,68,67,67,67,67,68,16,13,33,33,50,61,47,55,57,57,31,33,33,33,33,33,33,33,33,33,33,33,26,26,28,28,28,10,33,33,33,33,33,33,33,33,33,33,33,33,33,33,33,33,33,33,33,33,0,0],"gold":38,"neow_bonus":"ONE_RARE_RELIC","is_daily":false,"chose_seed":false,"campfire_upgraded":9,"win_rate":0.0,"timestamp":1608513854,"path_taken":["M","?","?","M","M","E","R","$","T","M","R","M","E","M","R","BOSS","M","AVR","M","?","$","E","M","NM","T","?","M","M","?","M","R","BOSS","M","$","?","?","M","E","M","R","T","E","?","M","M","M","R","BOSS","M","$","M","M","M","R","M","?","T","E","?","R","E","?","R","BOSS","M","M","$","?","M","E","?","E","T","R","E","R","?","$","R","BOSS","M","?","?"],"items_purchased_type":["Relic","Card","Relic","Card","Relic","Relic","Relic","Card","Card","Relic","Relic","Card","Card","Card","Card","Relic","Card","Relic","Relic","Card"],"build_version":"2020-12-13","purchased_purges":0,"victory":false,"max_hp_per_floor":[68,68,68,68,68,68,68,68,68,68,68,68,68,68,68,68,68,68,68,68,68,68,68,68,68,68,68,68,68,68,68,68,68,68,68,68,68,68,68,68,68,68,68,68,68,68,68,68,68,68,33,33,33,33,33,33,33,33,33,33,33,33,33,33,33,33,33,33,33,33,33,33,33,33,33,33,33,33,33,33,33,33,33,33,33,33,33,33,33],"card_choices":[{"not_picked":["Vampiric_Strike","Bone_Armor"],"picked":"Stop_Heart","floor":1},{"not_picked":["Negative_Energy_Sphere","Chill_Blood"],"picked":"Negative_Energy_Javelin","floor":4},{"not_picked":["Death_Coil","Siphon_Strength"],"picked":"Blood_for_Blood","floor":5},{"not_picked":["Detonate_Bones","Bone_Shift"],"picked":"Negative_Energy_Burst","floor":6},{"not_picked":["Shade_Step","Thousand_Bone_Knives"],"picked":"Negative_Energy_Burst","floor":10},{"not_picked":["Necromantic_Selection","Toxic_Smoke_Screen"],"picked":"Death_March_Dance","floor":12},{"not_picked":["Blood_Curse","Finger_Of_Death"],"picked":"Negative_Energy_Shield","floor":13},{"not_picked":["Vampiric_Strike","Death_Coil"],"picked":"Chill_Blood","floor":14},{"not_picked":["Skeleton_Dragon","Summon_Vampire_Lady"],"picked":"Grasp_Heart","floor":16},{"not_picked":["Scare","Spectral_Walk","Death_Knell"],"picked":"SKIP","floor":18},{"not_picked":["Bone_Shift","Scare"],"picked":"Negative_Energy_Mist","floor":20},{"not_picked":["Bones_to_Steel","Death_Coil","Blood_Is_Power"],"picked":"SKIP","floor":23},{"not_picked":["Death_Coil+1","Blood_Curse+1"],"picked":"Exploit","floor":24},{"not_picked":["Replay:Fractal Strike","ReplayTheSpireMod:Chaos Vortex"],"picked":"infinitespire:FutureSight","floor":25},{"not_picked":["Negative_Energy_Sphere","Shackles_Of_Pain"],"picked":"Summon_Vampire_Lady","floor":25},{"not_picked":["Whirlwind_of_Bones","Vampiric_Strike+1"],"picked":"Shackles_Of_Pain","floor":27},{"not_picked":["Scare","Chill_Blood"],"picked":"Negative_Energy_Sphere","floor":28},{"not_picked":["Spectral_Armor","Vampiric_Strike"],"picked":"Pandemic","floor":29},{"not_picked":["Death_Coil+1","Blood_Curse"],"picked":"Uncharnel","floor":31},{"not_picked":["Blood_Shield","Whirlwind_of_Bones+1"],"picked":"Summon_Undead+1","floor":32},{"not_picked":["Skeleton_Dragon","Blood_Magic"],"picked":"Grasp_Heart","floor":33},{"not_picked":[],"picked":"Bone_Armor+1","floor":35},{"not_picked":[],"picked":"Bone_Prison","floor":39},{"not_picked":[],"picked":"Bone_Shift","floor":40},{"not_picked":["Bone_Shift+1"],"picked":"SKIP","floor":41},{"not_picked":["Bones_to_Steel+1"],"picked":"SKIP","floor":44},{"not_picked":[],"picked":"Summon_Lich","floor":45},{"not_picked":["Bones_to_Steel+1"],"picked":"SKIP","floor":46},{"not_picked":["Death_Knell+1"],"picked":"SKIP","floor":47},{"not_picked":["Blood_Wake"],"picked":"SKIP","floor":48},{"not_picked":[],"picked":"Summon_Vampire_Lady","floor":50},{"not_picked":[],"picked":"Negative_Energy_Mist","floor":52},{"not_picked":["Blood_Shield"],"picked":"SKIP","floor":54},{"not_picked":[],"picked":"Negative_Energy_Javelin","floor":55},{"not_picked":[],"picked":"Death_March_Dance","floor":56},{"not_picked":[],"picked":"Negative_Energy_Mist","floor":58},{"not_picked":["Bone_Shift"],"picked":"SKIP","floor":61},{"not_picked":[],"picked":"Thousand_Bone_Knives","floor":64},{"not_picked":["PanicButton+1"],"picked":"SKIP","floor":64},{"not_picked":[],"picked":"Negative_Energy_Shield","floor":65},{"not_picked":["infinitespire:FinalStrike","infinitespire:Fortify"],"picked":"infinitespire:DeathsTouch","floor":68},{"not_picked":["jedi:RedIncense+1"],"picked":"SKIP","floor":69},{"not_picked":["Bone_Armor"],"picked":"SKIP","floor":69},{"not_picked":["Death_March_Dance"],"picked":"SKIP","floor":70},{"not_picked":["Shackles_Of_Pain"],"picked":"SKIP","floor":73},{"not_picked":["Shackles_Of_Pain"],"picked":"SKIP","floor":73},{"not_picked":["Bone_Bullets"],"picked":"SKIP","floor":74},{"not_picked":[],"picked":"Negative_Energy_Shield+1","floor":75},{"not_picked":["Bone_Spikes"],"picked":"SKIP","floor":76},{"not_picked":["Bone_Armor"],"picked":"SKIP","floor":79},{"not_picked":[],"picked":"Bone_Spikes+1","floor":86}],"player_experience":888480,"relics_obtained":[{"floor":3,"key":"InkBottle"},{"floor":6,"key":"halation:AfternoonTea"},{"floor":13,"key":"Anchor"},{"floor":23,"key":"halation:VictoryRuler"},{"floor":25,"key":"aspiration:Lifesprig"},{"floor":26,"key":"Dream Catcher"},{"floor":30,"key":"aspiration:Stabinomicon"},{"floor":37,"key":"Ring of Fury"},{"floor":37,"key":"Ring of Hypnosis"},{"floor":40,"key":"halation:PrussianBluePaint"},{"floor":43,"key":"jedi:bottledfury"},{"floor":44,"key":"War Paint"},{"floor":45,"key":"Du-Vu Doll"},{"floor":59,"key":"beaked:ShinyBauble"},{"floor":60,"key":"CCEMRelics:Barrel"},{"floor":61,"key":"CCEMRelics:FestiveHat"},{"floor":64,"key":"construct:BoolHorns"},{"floor":72,"key":"infinitespire:PuzzleCube"},{"floor":74,"key":"Omamori"},{"floor":76,"key":"Juzu Bracelet"},{"floor":79,"key":"WingedGreaves"}],"event_choices":[{"cards_removed":["Strike_W"],"damage_healed":0,"gold_gain":0,"player_choice":"Give","damage_taken":0,"max_hp_gain":0,"max_hp_loss":0,"event_name":"betterNote:BetterNote","floor":21,"gold_loss":0,"cards_obtained":["Defend_W"]},{"damage_healed":0,"gold_gain":0,"player_choice":"Obtained Book","damage_taken":16,"max_hp_gain":0,"max_hp_loss":0,"event_name":"Cursed Tome","floor":30,"gold_loss":0},{"cards_removed":["Shackles_Of_Pain"],"damage_healed":0,"gold_gain":0,"player_choice":"Removed Skill","damage_taken":0,"max_hp_gain":0,"max_hp_loss":0,"event_name":"Falling","floor":38,"gold_loss":0},{"damage_healed":0,"gold_gain":0,"player_choice":"Fight","damage_taken":0,"max_hp_gain":0,"max_hp_loss":0,"event_name":"MindBloom","floor":45,"gold_loss":0},{"damage_healed":0,"gold_gain":0,"player_choice":"Searched \u00271\u0027 times","damage_taken":0,"max_hp_gain":0,"max_hp_loss":0,"event_name":"Dead Adventurer","floor":59,"gold_loss":0},{"cards_removed":["Blood_for_Blood"],"damage_healed":0,"gold_gain":0,"player_choice":"Card Removal","damage_taken":7,"max_hp_gain":0,"max_hp_loss":0,"event_name":"Golden Wing","floor":62,"gold_loss":0},{"damage_healed":0,"gold_gain":0,"player_choice":"Relic","damage_taken":0,"max_hp_gain":0,"max_hp_loss":0,"event_name":"Wheel of Change","floor":72,"gold_loss":0},{"damage_healed":0,"gold_gain":275,"player_choice":"Desecrate","damage_taken":0,"max_hp_gain":0,"max_hp_loss":0,"event_name":"Golden Shrine","floor":81,"gold_loss":0,"cards_obtained":["Regret"]}],"is_beta":false,"boss_relics":[{"not_picked":["CCEMRelics:TransientCore","ReplayTheSpireMod:DimensionalGlitch"],"picked":"Runic Pyramid"},{"not_picked":["Replay:Grab Bag","Astrolabe"],"picked":"Busted Crown"},{"not_picked":["conspire:RoyalGoblet","Coffee Dripper"],"picked":"halation:Prosthetics"},{"not_picked":["beaked:MawFillet","halation:HeavySnake"],"picked":"Replay:Bronze Core"},{"not_picked":["Replay:Drink Me","Honey Jar"],"picked":"Snecko Eye"}],"items_purged_floors":[],"is_endless":true,"potions_floor_spawned":[1,5,10,13,16,20,23,27,29,33,40,41,44,45,50,59,61,67,74,79,84,88],"killed_by":"Nightmare_Alpha","ascension_level":0}}