{"host":"kntpungskobv1jqb","time":1608561019,"event":{"mods":["BaseMod","Minty Spire (QoL Compilation)","Replay The Spire","StSLib","SuperFastMode"],"gold_per_floor":[117,117,42,57,84,114,114,125,177,212,212,236,201,44,44,121,121,131,54,9,9],"floor_reached":20,"playtime":453,"items_purged":["Voices"],"score":345,"play_id":"09ca0507-4fec-4f0f-99d7-2993bb28162c","local_time":"20201221223019","is_ascension_mode":true,"campfire_choices":[{"data":"Pummel","floor":7,"key":"SMITH"},{"floor":11,"key":"REST"},{"floor":15,"key":"REST"}],"circlet_count":0,"master_deck":["AscendersBane","Strike_R","Strike_R","Strike_R+1","Strike_R","Defend_R+1","Pummel+1","Pommel Strike","Twin Strike","Whirlwind","Impervious","Heavy Blade","Flex","Infernal Blade","Exhume","Bloodletting","Immolate","Injury","Spreading Infection","Replay:Undeath\u0027s Touch","Massacre"],"relics":["Burning Blood","NeowsBlessing","ReplayTheSpireMod:Ring of Exchange","ReplayTheSpireMod:Ring of Addiction","Toy Ornithopter","SacredBark","Tiny Chest","StoneCalendar","Gremlin Food","Durian","Odd Mushroom","Orrery","Kintsugi"],"acts_visited":["Exordium","TheCity"],"potions_floor_usage":[8,16],"damage_taken":[{"damage":0,"enemies":"Small Slimes","floor":1,"turns":2},{"damage":0,"enemies":"Jaw Worm","floor":4,"turns":1},{"damage":0,"enemies":"3 Sentries","floor":6,"turns":1},{"damage":1,"enemies":"2 Louse","floor":8,"turns":2},{"damage":60,"enemies":"Lagavulin","floor":10,"turns":6},{"damage":29,"enemies":"The Mushroom Lair","floor":12,"turns":5},{"damage":57,"enemies":"Hexaghost","floor":16,"turns":9},{"damage":35,"enemies":"Shell Parasite","floor":18,"turns":4},{"damage":31,"enemies":"2 Thieves","floor":20,"turns":2}],"seed_played":"-3803281823203489493","potions_obtained":[{"floor":2,"key":"DuplicationPotion"},{"floor":2,"key":"SteroidPotion"},{"floor":4,"key":"FearPotion"},{"floor":10,"key":"AttackPotion"},{"floor":12,"key":"FearPotion"},{"floor":16,"key":"SkillPotion"}],"is_trial":false,"path_per_floor":["M","?","$","M","T","E","R","M","T","E","R","?","?","$","R","B",null,"M","$","M"],"character_chosen":"IRONCLAD","items_purchased":["Orrery","Massacre"],"campfire_rested":2,"item_purchase_floors":[14,19],"current_hp_per_floor":[74,74,74,75,75,73,73,73,73,24,47,24,43,43,65,19,60,31,31,0,0],"gold":9,"neow_bonus":"THREE_ENEMY_KILL","is_daily":false,"chose_seed":false,"campfire_upgraded":1,"win_rate":0.0,"timestamp":1608561019,"path_taken":["M","?","$","M","?","E","R","M","T","E","R","?","?","$","R","BOSS","M","$","M"],"items_purchased_type":["Relic","Card"],"build_version":"2020-12-13","purchased_purges":1,"victory":false,"max_hp_per_floor":[75,75,75,75,75,73,73,73,73,78,78,76,76,76,74,74,74,74,74,72,72],"card_choices":[{"not_picked":["True Grit","Clash"],"picked":"Pummel","floor":1},{"not_picked":["Clothesline","ReplayTheSpireMod:Strike From Hell"],"picked":"Pommel Strike","floor":4},{"not_picked":["Clash","Body Slam"],"picked":"Twin Strike","floor":6},{"not_picked":["Heavy Blade","Power Through"],"picked":"Whirlwind","floor":8},{"not_picked":["Dual Wield","Anger"],"picked":"Impervious","floor":10},{"not_picked":["Cleave","Iron Wave"],"picked":"Heavy Blade","floor":14},{"not_picked":["Dual Wield","Whirlwind"],"picked":"Flex","floor":14},{"not_picked":["Clash","Shrug It Off"],"picked":"Infernal Blade","floor":14},{"not_picked":["Clash","Warcry"],"picked":"Exhume","floor":14},{"not_picked":["Iron Wave","Replay:Undeath\u0027s Touch"],"picked":"Bloodletting","floor":14},{"not_picked":["Double Tap","Bludgeon"],"picked":"Immolate","floor":16},{"not_picked":["Clash","Anger"],"picked":"Replay:Undeath\u0027s Touch","floor":18}],"player_experience":466684,"relics_obtained":[{"floor":2,"key":"ReplayTheSpireMod:Ring of Exchange"},{"floor":2,"key":"ReplayTheSpireMod:Ring of Addiction"},{"floor":2,"key":"Toy Ornithopter"},{"floor":2,"key":"SacredBark"},{"floor":5,"key":"Tiny Chest"},{"floor":6,"key":"StoneCalendar"},{"floor":9,"key":"Gremlin Food"},{"floor":10,"key":"Durian"},{"floor":12,"key":"Odd Mushroom"}],"event_choices":[{"damage_healed":0,"gold_gain":0,"player_choice":"Fought Mushrooms","damage_taken":0,"max_hp_gain":0,"max_hp_loss":0,"event_name":"Mushrooms","floor":12,"gold_loss":0},{"damage_healed":19,"gold_gain":0,"player_choice":"Healed","damage_taken":0,"max_hp_gain":0,"max_hp_loss":0,"event_name":"The Cleric","floor":13,"gold_loss":35}],"is_beta":false,"boss_relics":[{"not_picked":["Ectoplasm","Cauldron"],"picked":"Kintsugi"}],"items_purged_floors":[3],"is_endless":false,"potions_floor_spawned":[4,10,12,16],"killed_by":"2 Thieves","ascension_level":14}}