{"host":"3c27c697js19kaoo","time":1608539984,"event":{"mods":["ATMod(∞¢Ë™Mod)","Aspiration","BaseMod","CapriCore","Dota2Spire","Hermit","Minty Spire (QoL Compilation)","Quick Restart","Remilia£®¿Ÿ√◊¿Ú—«£©","Replay The Spire","Robot Space Explorer","Spicy Shops","StSLib","The Alterego","The Cursed","The Runesmith","The Servant 0.9.4","Youmu£®ªÍ∆«—˝√Œ£©","vexMod","°æ“≈ŒÔø®≈∆°øREMEMod"],"gold_per_floor":[112,123,123,44,44,44,44,71,97,107,107,138,150,178,178,282,282,293,293,293,293,268,268,397,420,447,447,579,593,593,605,605,907,907,919,919,83,0,11,140,140,140,140],"floor_reached":42,"playtime":1088,"items_purged":["Doubt","Atom Bomb"],"score":650,"play_id":"7428a881-8926-41fa-af3e-dc4327ec8a34","local_time":"20201221163944","is_ascension_mode":true,"campfire_choices":[{"data":"AT_OneInchPunch","floor":6,"key":"SMITH"},{"data":"Zap","floor":11,"key":"SMITH"},{"data":"REME_DataAnalysis","floor":15,"key":"SMITH"},{"data":"REME_ForAll","floor":23,"key":"SMITH"},{"floor":27,"key":"REST"},{"data":"FIFO Queue","floor":30,"key":"SMITH"},{"data":"Storm","floor":32,"key":"SMITH"},{"data":"REME_Shoggoth","floor":41,"key":"SMITH"}],"circlet_count":0,"master_deck":["Defend_B+1","Defend_B+1","Defend_B+1","Defend_B+1","Zap+1","Dualcast","AT_OneInchPunch+1","Electrodynamics+1","FTL","REME_DataAnalysis+1","Ball Lightning","Gash","Conserve Battery","REME_ForAll+1","FIFO Queue+1","Gash","Bite","Bite","Leap+1","Storm+1","REME_Shoggoth+1","Panic Button+1","Neutralize","Endless Agony"],"relics":["Cracked Core","REME_ComplimentaryCards","AT_ATBox","NeowsBlessing","ReplayTheSpireMod:Ninjato","Centennial Puzzle","AT_TheCollector","Odd Mushroom","vexMod:TanglingVine","AT_GuinsooRageblade","aspiration:Lifesprig","Dota2Spire:LotusOrb","Oddly Smooth Stone","Inserter","Dota2Spire:DivineRapier","Dota2Spire:EchoSabre","aspiration:StickyExplosives_weak","Toy Ornithopter","Red Mask","AT_BellDemon"],"acts_visited":["Exordium","TheCity","TheBeyond"],"potions_floor_usage":[24,31,33],"damage_taken":[{"damage":0,"enemies":"Small Slimes","floor":1,"turns":1},{"damage":0,"enemies":"Cultist","floor":2,"turns":1},{"damage":0,"enemies":"3 Sentries","floor":8,"turns":1},{"damage":0,"enemies":"Jaw Worm","floor":10,"turns":1},{"damage":8,"enemies":"Lagavulin","floor":12,"turns":3},{"damage":0,"enemies":"Exordium Wildlife","floor":13,"turns":1},{"damage":13,"enemies":"The Mushroom Lair","floor":14,"turns":2},{"damage":0,"enemies":"Slime Boss","floor":16,"turns":4},{"damage":3,"enemies":"2 Thieves","floor":18,"turns":2},{"damage":25,"enemies":"Slavers","floor":24,"turns":3},{"damage":2,"enemies":"Gremlin Leader","floor":28,"turns":3},{"damage":2,"enemies":"Chosen","floor":29,"turns":2},{"damage":0,"enemies":"Snecko","floor":31,"turns":2},{"damage":33,"enemies":"Pondfish","floor":33,"turns":5},{"damage":7,"enemies":"3 Darklings","floor":35,"turns":3},{"damage":0,"enemies":"Orb Walker","floor":39,"turns":1},{"damage":0,"enemies":"Nemesis","floor":40,"turns":1},{"damage":59,"enemies":"Reptomancer","floor":42,"turns":3}],"seed_played":"-3366149503147489039","potions_obtained":[{"floor":1,"key":"Elixir"},{"floor":2,"key":"Swift Potion"},{"floor":12,"key":"Weak Potion"},{"floor":28,"key":"PowerPotion"},{"floor":29,"key":"PotionOfCapacity"},{"floor":33,"key":"SkillPotion"},{"floor":40,"key":"Explosive Potion"}],"is_trial":false,"path_per_floor":["M","M","?","$","?","R","$","E","T","M","R","E","M","?","R","B",null,"M","?","?","?","?","R","E","T","T","R","E","M","R","M","R","B",null,"M","?","$","?","M","E","R","E"],"character_chosen":"DEFECT","items_purchased":["REME_DataAnalysis","Dota2Spire:DivineRapier","Dota2Spire:EchoSabre","aspiration:StickyExplosives_weak","Toy Ornithopter"],"campfire_rested":1,"item_purchase_floors":[4,37,37,37,37],"current_hp_per_floor":[75,75,75,75,75,75,75,75,75,75,75,67,67,54,54,54,75,72,72,72,52,52,52,31,31,31,46,48,46,46,46,46,23,52,45,45,45,45,45,47,47,0,0],"gold":140,"neow_bonus":"THREE_ENEMY_KILL","is_daily":false,"chose_seed":false,"campfire_upgraded":7,"win_rate":0.0,"timestamp":1608539984,"path_taken":["M","M","?","$","?","R","$","E","T","?","R","E","M","?","R","BOSS","M","?","?","?","?","R","E","?","T","R","E","?","R","M","R","BOSS","M","?","$","?","?","E","R","E"],"items_purchased_type":["Card","Relic","Relic","Relic","Relic"],"build_version":"2020-12-13","purchased_purges":2,"victory":false,"max_hp_per_floor":[75,75,75,75,75,75,75,75,75,75,75,75,75,75,75,75,75,75,75,75,52,52,52,52,52,52,52,52,52,52,52,52,52,52,52,52,52,52,52,52,52,52,52],"card_choices":[{"not_picked":["Cold Snap","ReplayTheSpireMod:GoodbyeWorld","AT_StudyProgram"],"picked":"SKIP","floor":1},{"not_picked":["Auto Shields","Coolheaded"],"picked":"FTL","floor":2},{"not_picked":["AT_WarpDrive","Coolheaded","Chaos"],"picked":"SKIP","floor":8},{"not_picked":["Steam","Recycle"],"picked":"Ball Lightning","floor":10},{"not_picked":["Rainbow","Redo"],"picked":"Gash","floor":12},{"not_picked":["Defragment","Conserve Battery","Coolheaded"],"picked":"SKIP","floor":13},{"not_picked":["Sweeping Beam","Stack"],"picked":"Conserve Battery","floor":14},{"not_picked":["Amplify","Machine Learning"],"picked":"REME_ForAll","floor":16},{"not_picked":["ReplayTheSpireMod:Repulse","Melter"],"picked":"FIFO Queue","floor":18},{"not_picked":["All For One","Streamline","Conserve Battery"],"picked":"SKIP","floor":24},{"not_picked":["Conserve Battery","Biased Cognition"],"picked":"Leap+1","floor":28},{"not_picked":["Force Field+1","Turbo","Conserve Battery"],"picked":"SKIP","floor":29},{"not_picked":["Sweeping Beam","Stack"],"picked":"Storm","floor":31},{"not_picked":["Multi-Cast","Machine Learning"],"picked":"REME_Shoggoth","floor":33},{"not_picked":["Doom and Gloom","Hologram+1"],"picked":"Panic Button+1","floor":35},{"not_picked":["Streamline","Panic Button","Steam"],"picked":"SKIP","floor":39},{"not_picked":["Genetic Algorithm+1","Fission","Streamline"],"picked":"SKIP","floor":40}],"player_experience":167226,"relics_obtained":[{"floor":8,"key":"ReplayTheSpireMod:Ninjato"},{"floor":9,"key":"Centennial Puzzle"},{"floor":12,"key":"AT_TheCollector"},{"floor":14,"key":"Odd Mushroom"},{"floor":24,"key":"AT_GuinsooRageblade"},{"floor":25,"key":"aspiration:Lifesprig"},{"floor":26,"key":"Dota2Spire:LotusOrb"},{"floor":28,"key":"Oddly Smooth Stone"},{"floor":40,"key":"AT_BellDemon"}],"event_choices":[{"damage_healed":0,"gold_gain":0,"player_choice":"Forge","damage_taken":0,"max_hp_gain":0,"max_hp_loss":0,"event_name":"Accursed Blacksmith","floor":5,"gold_loss":0,"cards_upgraded":["Electrodynamics"]},{"damage_healed":0,"gold_gain":0,"player_choice":"Fought Mushrooms","damage_taken":0,"max_hp_gain":0,"max_hp_loss":0,"event_name":"Mushrooms","floor":14,"gold_loss":0},{"damage_healed":0,"gold_gain":0,"player_choice":"Read","damage_taken":0,"max_hp_gain":0,"max_hp_loss":0,"event_name":"The Library","floor":19,"gold_loss":0,"cards_obtained":["Gash"]},{"damage_healed":0,"gold_gain":0,"player_choice":"Simplicity","damage_taken":0,"max_hp_gain":0,"max_hp_loss":0,"event_name":"Back to Basics","floor":20,"gold_loss":0,"cards_upgraded":["Strike_B","Strike_B","Strike_B","Strike_B","Defend_B","Defend_B","Defend_B","Defend_B"]},{"damage_healed":0,"gold_gain":0,"player_choice":"Became a vampire","damage_taken":0,"max_hp_gain":0,"max_hp_loss":23,"event_name":"Vampires","floor":21,"gold_loss":0,"cards_obtained":["Bite","Bite","Bite","Bite","Bite"]},{"damage_healed":0,"gold_gain":0,"player_choice":"Paid","damage_taken":0,"relics_obtained":["Red Mask"],"max_hp_gain":0,"max_hp_loss":0,"event_name":"Tomb of Lord Red Mask","floor":38,"gold_loss":83}],"is_beta":false,"boss_relics":[{"not_picked":["aspiration:SecretTechniqueScroll","Sozu"],"picked":"vexMod:TanglingVine"},{"not_picked":["vexMod:MysteryBossChallenge","Coffee Dripper"],"picked":"Inserter"}],"items_purged_floors":[37,37],"is_endless":false,"potions_floor_spawned":[1,2,12,18,28,29,33,40],"killed_by":"Reptomancer","ascension_level":2}}