{"host":"sa7ebub27cgn5wai","time":1608562351,"event":{"mods":["BaseMod","Colored Map","Minty Spire (QoL Compilation)","SuperFastMode"],"gold_per_floor":[111,111,36,52,62,62,79,79,79,89,99,176,188,200,200,301,301,331,356,381,413,180,211,211,226,253,353,366,366,385,403,403,499,499,509,449,95,109,125,125,158,158,185,199,199,199,251,584,584,584],"floor_reached":51,"playtime":1587,"items_purged":["Strike_R","Strike_R","Strike_R"],"score":775,"play_id":"06d2d111-3833-484c-a1be-57b4d5c144b0","local_time":"20201221235231","is_ascension_mode":false,"campfire_choices":[{"data":"Battle Trance","floor":6,"key":"SMITH"},{"data":"Armaments","floor":8,"key":"SMITH"},{"data":"Cleave","floor":15,"key":"SMITH"},{"data":"Inflame","floor":24,"key":"SMITH"},{"data":"Sword Boomerang","floor":29,"key":"SMITH"},{"floor":32,"key":"REST"},{"data":"Offering","floor":40,"key":"SMITH"},{"data":"Offering","floor":42,"key":"SMITH"},{"data":"Pummel","floor":46,"key":"SMITH"},{"floor":49,"key":"REST"}],"circlet_count":0,"master_deck":["Strike_R","Defend_R","Defend_R","Defend_R","Defend_R","Bash","Bandage Up","Sword Boomerang+1","Shrug It Off","Battle Trance+1","Armaments+1","Sword Boomerang+1","Cleave+1","Offering+1","CurseOfTheBell","Headbutt","Cleave+1","Inflame+1","Flex+1","Pummel+1","Bloodletting+1","Offering+1","Headbutt","Twin Strike+1","Whirlwind+1","Flex"],"relics":["Burning Blood","Sundial","Kunai","Calling Bell","MawBank","Mercury Hourglass","Unceasing Top","Bag of Preparation","Pantograph","Smiling Mask","Philosopher\u0027s Stone","TheAbacus","Orichalcum","PreservedInsect","Blood Vial","Prayer Wheel","Old Coin"],"acts_visited":["Exordium","TheCity","TheBeyond"],"potions_floor_usage":[11,11,23,23,33,41,48,50,50],"damage_taken":[{"damage":5,"enemies":"Small Slimes","floor":1,"turns":3},{"damage":10,"enemies":"Cultist","floor":4,"turns":4},{"damage":3,"enemies":"Jaw Worm","floor":5,"turns":3},{"damage":23,"enemies":"Lots of Slimes","floor":7,"turns":6},{"damage":0,"enemies":"Blue Slaver","floor":10,"turns":4},{"damage":23,"enemies":"Gremlin Gang","floor":11,"turns":5},{"damage":11,"enemies":"Large Slime","floor":13,"turns":6},{"damage":0,"enemies":"3 Louse","floor":14,"turns":4},{"damage":40,"enemies":"Slime Boss","floor":16,"turns":13},{"damage":6,"enemies":"3 Byrds","floor":18,"turns":3},{"damage":30,"enemies":"2 Thieves","floor":19,"turns":3},{"damage":15,"enemies":"3 Cultists","floor":20,"turns":4},{"damage":25,"enemies":"Snake Plant","floor":21,"turns":5},{"damage":48,"enemies":"Slavers","floor":23,"turns":5},{"damage":11,"enemies":"Cultist and Chosen","floor":25,"turns":3},{"damage":6,"enemies":"3 Cultists","floor":28,"turns":2},{"damage":22,"enemies":"Snake Plant","floor":30,"turns":3},{"damage":6,"enemies":"Centurion and Healer","floor":31,"turns":2},{"damage":67,"enemies":"Champ","floor":33,"turns":6},{"damage":15,"enemies":"3 Darklings","floor":35,"turns":2},{"damage":9,"enemies":"3 Shapes","floor":38,"turns":1},{"damage":18,"enemies":"Sphere and 2 Shapes","floor":39,"turns":3},{"damage":27,"enemies":"Giant Head","floor":41,"turns":6},{"damage":33,"enemies":"Writhing Mass","floor":44,"turns":3},{"damage":71,"enemies":"2 Orb Walkers","floor":47,"turns":3},{"damage":15,"enemies":"Nemesis","floor":48,"turns":1},{"damage":61,"enemies":"Donu and Deca","floor":50,"turns":7}],"seed_played":"-5426139761428382415","potions_obtained":[{"floor":4,"key":"SkillPotion"},{"floor":7,"key":"Weak Potion"},{"floor":13,"key":"BloodPotion"},{"floor":14,"key":"FairyPotion"},{"floor":16,"key":"Regen Potion"},{"floor":18,"key":"BloodPotion"},{"floor":28,"key":"GamblersBrew"},{"floor":30,"key":"SteroidPotion"},{"floor":33,"key":"HeartOfIron"},{"floor":47,"key":"LiquidBronze"},{"floor":48,"key":"EssenceOfSteel"}],"is_trial":false,"path_per_floor":["M","?","$","M","M","R","M","R","T","M","M","T","M","M","R","B",null,"M","M","M","M","$","E","R","M","T","?","M","R","M","M","R","B",null,"M","?","$","M","M","R","E","R","T","M","?","R","?","E","R","B",null],"character_chosen":"IRONCLAD","items_purchased":["Bag of Preparation","TheAbacus","Orichalcum"],"campfire_rested":2,"item_purchase_floors":[22,37,37],"current_hp_per_floor":[80,80,80,80,80,80,67,67,67,73,62,62,61,73,73,43,80,80,56,51,38,38,32,32,31,31,31,35,35,23,23,47,15,80,71,71,71,68,60,60,43,43,43,22,70,70,9,27,48,19],"gold":584,"neow_bonus":"RANDOM_COLORLESS","is_daily":false,"chose_seed":false,"campfire_upgraded":8,"win_rate":0.0,"timestamp":1608562351,"path_taken":["M","?","$","M","M","R","M","R","T","M","?","?","M","M","R","BOSS","M","M","M","M","$","E","R","M","T","?","?","R","M","M","R","BOSS","M","?","$","?","M","R","E","R","T","M","?","R","?","E","R","BOSS"],"items_purchased_type":["Relic","Relic","Relic"],"build_version":"2020-12-13","purchased_purges":3,"victory":true,"max_hp_per_floor":[80,80,80,80,80,80,80,80,80,80,80,80,80,80,80,80,80,80,80,80,80,80,80,80,80,80,80,80,80,80,80,80,80,80,80,80,80,80,80,80,80,80,80,80,70,70,70,70,70,70],"card_choices":[{"not_picked":["Trip","Jack Of All Trades"],"picked":"Bandage Up","floor":0},{"not_picked":["Body Slam","Thunderclap"],"picked":"Sword Boomerang","floor":1},{"not_picked":["Hemokinesis","Perfected Strike"],"picked":"Shrug It Off","floor":4},{"not_picked":["Sword Boomerang","Cleave"],"picked":"Battle Trance","floor":5},{"not_picked":["True Grit","Havoc"],"picked":"Armaments","floor":7},{"not_picked":["Havoc","Searing Blow"],"picked":"Sword Boomerang","floor":10},{"not_picked":["Perfected Strike","Hemokinesis","Corruption"],"picked":"SKIP","floor":11},{"not_picked":["Reckless Charge","Havoc","Dual Wield"],"picked":"SKIP","floor":13},{"not_picked":["Combust","Reckless Charge"],"picked":"Cleave","floor":14},{"not_picked":["Limit Break","Double Tap"],"picked":"Offering","floor":16},{"not_picked":["True Grit","Shrug It Off","Clash"],"picked":"SKIP","floor":18},{"not_picked":["Pommel Strike","Armaments"],"picked":"Headbutt","floor":19},{"not_picked":["Combust","Ghostly Armor+1","Barricade"],"picked":"SKIP","floor":20},{"not_picked":["Seeing Red","Fire Breathing"],"picked":"Cleave+1","floor":21},{"not_picked":["Disarm","Body Slam"],"picked":"Inflame","floor":23},{"not_picked":["Shrug It Off","Clash","Headbutt"],"picked":"SKIP","floor":25},{"not_picked":["Blood for Blood","Sentinel+1"],"picked":"Flex+1","floor":28},{"not_picked":["True Grit","Havoc+1"],"picked":"Pummel","floor":30},{"not_picked":["Armaments","Flame Barrier"],"picked":"Bloodletting+1","floor":31},{"not_picked":["Bludgeon","Feed"],"picked":"Offering","floor":33},{"not_picked":["Infernal Blade","Evolve","Armaments"],"picked":"SKIP","floor":35},{"not_picked":["Perfected Strike+1","Rampage"],"picked":"Headbutt","floor":38},{"not_picked":["Havoc","Rampage"],"picked":"Twin Strike+1","floor":39},{"not_picked":["Cleave","True Grit+1","Iron Wave+1"],"picked":"SKIP","floor":41},{"not_picked":["Bludgeon","True Grit"],"picked":"Whirlwind+1","floor":44},{"not_picked":["Shrug It Off+1","Perfected Strike+1"],"picked":"Flex","floor":47},{"not_picked":["Rampage+1","Dropkick","Clothesline+1"],"picked":"SKIP","floor":48}],"player_experience":255536,"relics_obtained":[{"floor":9,"key":"Sundial"},{"floor":12,"key":"Kunai"},{"floor":17,"key":"MawBank"},{"floor":17,"key":"Mercury Hourglass"},{"floor":17,"key":"Unceasing Top"},{"floor":23,"key":"Pantograph"},{"floor":26,"key":"Smiling Mask"},{"floor":41,"key":"PreservedInsect"},{"floor":43,"key":"Blood Vial"},{"floor":47,"key":"Prayer Wheel"},{"floor":48,"key":"Old Coin"}],"event_choices":[{"damage_healed":0,"gold_gain":0,"player_choice":"Forge","damage_taken":0,"max_hp_gain":0,"max_hp_loss":0,"event_name":"Accursed Blacksmith","floor":2,"gold_loss":0,"cards_upgraded":["Sword Boomerang"]},{"damage_healed":0,"gold_gain":100,"player_choice":"Pray","damage_taken":0,"max_hp_gain":0,"max_hp_loss":0,"event_name":"Golden Shrine","floor":27,"gold_loss":0},{"cards_removed":["Strike_R"],"damage_healed":0,"gold_gain":0,"player_choice":"Single Remove","damage_taken":0,"max_hp_gain":0,"max_hp_loss":0,"event_name":"Designer","floor":36,"gold_loss":60},{"damage_healed":70,"gold_gain":0,"player_choice":"Heal","damage_taken":0,"max_hp_gain":0,"max_hp_loss":10,"event_name":"The Moai Head","floor":45,"gold_loss":0},{"damage_healed":0,"gold_gain":0,"player_choice":"Fight","damage_taken":0,"max_hp_gain":0,"max_hp_loss":0,"event_name":"Mysterious Sphere","floor":47,"gold_loss":0}],"is_beta":false,"boss_relics":[{"not_picked":["Coffee Dripper","Snecko Eye"],"picked":"Calling Bell"},{"not_picked":["Velvet Choker","Tiny House"],"picked":"Philosopher\u0027s Stone"}],"items_purged_floors":[3,22,37],"is_endless":false,"potions_floor_spawned":[4,7,13,14,16,18,28,30,33,35,39,47,48],"ascension_level":0}}