{"host":"xuxmsn6olavvgi6l","time":1608528137,"event":{"mods":["AchievementEnabler","Act Like it!","BaseMod","Better Third Choice","BetterRewards","Colored Map","Colored Powertips","Hermit","Highlight Path","Hubris","Infinite Spire","Marisa????????","Minty Spire (QoL Compilation)","Rare Cards Sparkle","Replay The Spire","Shop Mod","StSLib","The Animator","The Bug Knight","The Construct","The Cursed","The Runesmith","The Servant 0.9.4"],"gold_per_floor":[112,112,37,1,1,34,34,75,87,120,132,160,190,223,235,343,355,392,404,341,369,87,87,101,141,141,105,105,123,173,2,2,93,93,118,118,138,153,172,261,261,302,383,383,383],"floor_reached":44,"playtime":1655,"items_purged":["ReplaySolidLightProjector","Strike_B"],"score":1110,"play_id":"d3bbb679-e47b-427a-8ded-d24d9ac9306d","local_time":"20201220232217","is_ascension_mode":true,"campfire_choices":[{"data":"infinitespire:SevenWalls","floor":11,"key":"SMITH"},{"floor":15,"key":"REST"},{"data":"Defragment","floor":23,"key":"SMITH"},{"floor":32,"key":"REST"}],"circlet_count":0,"master_deck":["AscendersBane","Strike_B","Defend_B","Defend_B","Zap","Dualcast","Leap","infinitespire:SevenWalls+1","Ball Lightning","Ball Lightning","Defragment+1","Genetic Algorithm","Echo Form","Aggregate","Echo Form","Tempest","Electrodynamics","Auto Shields+1","Turbo+1","Undo","hubris:SpecializedCircuitry","Chill+1","Reinforced Body+1","Steam Power","Barrage"],"relics":["Cracked Core","NeowsBlessing","Golden Idol","hubris:MedicalManual","infinitespire:FocusingShard","SlaversCollar","Strawberry","MerchantsRug","hubris:MobiusCoin","Replay:WaspNest","Durian","Runic Capacitor","Nuclear Battery","hubris:SoftwareUpdate","Pet Ghost","MealTicket","Cables"],"acts_visited":["Exordium","TheCity","TheBeyond"],"potions_floor_usage":[13,14,21,33,40,44],"damage_taken":[{"damage":0,"enemies":"Small Slimes","floor":1,"turns":1},{"damage":0,"enemies":"3 Sentries","floor":6,"turns":1},{"damage":0,"enemies":"Gremlin Nob","floor":8,"turns":1},{"damage":0,"enemies":"Jaw Worm","floor":10,"turns":2},{"damage":0,"enemies":"2 Louse","floor":12,"turns":2},{"damage":9,"enemies":"Gremlin Gang","floor":13,"turns":5},{"damage":12,"enemies":"2 Fungi Beasts","floor":14,"turns":3},{"damage":36,"enemies":"Fading Forest","floor":16,"turns":11},{"damage":22,"enemies":"2 Thieves","floor":18,"turns":5},{"damage":23,"enemies":"3 Byrds","floor":21,"turns":6},{"damage":0,"enemies":"Snake Plant","floor":24,"turns":4},{"damage":26,"enemies":"Slavers","floor":25,"turns":3},{"damage":0,"enemies":"Snecko","floor":29,"turns":5},{"damage":13,"enemies":"Automaton","floor":33,"turns":8},{"damage":12,"enemies":"Orb Walker","floor":35,"turns":5},{"damage":16,"enemies":"3 Shapes","floor":37,"turns":4},{"damage":0,"enemies":"Maw","floor":38,"turns":6},{"damage":0,"enemies":"Sphere and 2 Shapes","floor":39,"turns":4},{"damage":0,"enemies":"Nightmare","floor":40,"turns":7},{"damage":9,"enemies":"Giant Head","floor":42,"turns":8},{"damage":49,"enemies":"HollowMod:StalkingDevout","floor":44,"turns":2}],"seed_played":"4904357641230075695","potions_obtained":[{"floor":1,"key":"DuplicationPotion"},{"floor":10,"key":"Fire Potion"},{"floor":13,"key":"Toxic Potion"},{"floor":14,"key":"BlessingOfTheForge"},{"floor":18,"key":"Regen Potion"},{"floor":29,"key":"Swift Potion"},{"floor":35,"key":"Flashbang"},{"floor":42,"key":"Fire Potion"}],"is_trial":false,"path_per_floor":["M","?","?","$","?","E","?","E","T","M","R","M","M","M","R","B",null,"M","AVR","?","M","$","R","M","E","T","$","?","M","?","$","R_BF","B",null,"M","?","M","M","M","NM","AVR","E","T","E"],"character_chosen":"DEFECT","items_purchased":["Ball Lightning","MerchantsRug","hubris:MobiusCoin","Electrodynamics","Turbo+1","Runic Capacitor"],"campfire_rested":2,"item_purchase_floors":[4,22,22,22,27,31],"current_hp_per_floor":[64,47,47,47,23,23,23,23,23,23,23,23,14,2,23,5,55,33,40,40,32,32,32,32,6,11,11,11,11,11,11,35,22,68,56,56,40,40,40,40,40,31,31,0,0],"gold":383,"neow_bonus":"THREE_ENEMY_KILL","is_daily":false,"chose_seed":false,"campfire_upgraded":2,"win_rate":0.0,"timestamp":1608528137,"path_taken":["M","?","?","$","?","E","?","E","T","?","R","?","M","M","R","BOSS","M","AVR","?","M","?","R","M","E","T","$","?","M","?","?","R_BF","BOSS","M","?","M","M","M","NM","AVR","E","T","E"],"items_purchased_type":["Card","Relic","Relic","Card","Card","Relic"],"build_version":"2020-12-13","purchased_purges":2,"victory":false,"max_hp_per_floor":[71,71,71,71,71,71,71,71,71,71,71,71,71,71,71,71,71,71,78,78,78,78,78,78,78,83,83,83,83,83,83,83,83,83,83,83,83,83,83,83,83,83,83,83,83],"card_choices":[{"not_picked":["Panic Button","Compile Driver"],"picked":"Leap","floor":1},{"not_picked":["ReplayTheSpireMod:Echoes of Time","ReplayTheSpireMod:Chaos Vortex"],"picked":"infinitespire:SevenWalls","floor":2},{"not_picked":["Blizzard","Crystallizer"],"picked":"Defragment","floor":6},{"not_picked":["Aggregate","BasicCrystalCard"],"picked":"Genetic Algorithm","floor":8},{"not_picked":["BasicCrystalCard","Leap"],"picked":"ReplaySolidLightProjector","floor":10},{"not_picked":["Stack","Turbo","Go for the Eyes"],"picked":"SKIP","floor":12},{"not_picked":["Hello World","Reprogram","Auto Shields"],"picked":"SKIP","floor":13},{"not_picked":["Stack","Streamline","Sweeping Beam"],"picked":"SKIP","floor":14},{"not_picked":["Biased Cognition","Mirror Shield"],"picked":"Echo Form","floor":16},{"not_picked":["Gash","Recycle","Compile Driver"],"picked":"SKIP","floor":18},{"not_picked":["ReplaySort","Cold Snap"],"picked":"Tempest","floor":21},{"not_picked":["Ball Lightning","Rebound","Coolheaded"],"picked":"SKIP","floor":24},{"not_picked":["ReplayTheSpireMod:System Scan","Doom and Gloom"],"picked":"Auto Shields+1","floor":25},{"not_picked":["Melter","Darkness"],"picked":"Undo","floor":29},{"not_picked":["ReplayRNGCard","Meteor Strike"],"picked":"hubris:SpecializedCircuitry","floor":33},{"not_picked":["Crystallizer","Coolheaded"],"picked":"Chill+1","floor":35},{"not_picked":["Sunder","Hello World"],"picked":"Reinforced Body+1","floor":37},{"not_picked":["Aggregate","Sweeping Beam+1"],"picked":"Steam Power","floor":38},{"not_picked":["Compile Driver+1","Barrage","Hologram+1"],"picked":"SKIP","floor":39},{"not_picked":["Compile Driver+1","Hologram+1"],"picked":"Barrage","floor":39},{"not_picked":["Beam Cell","Undo","Mirror Shield"],"picked":"SKIP","floor":40},{"not_picked":["Beam Cell","Undo","Mirror Shield"],"picked":"SKIP","floor":40},{"not_picked":["Rip and Tear","Compile Driver","Leap+1"],"picked":"SKIP","floor":42}],"player_experience":1289674,"relics_obtained":[{"floor":6,"key":"hubris:MedicalManual"},{"floor":8,"key":"MawBank"},{"floor":9,"key":"infinitespire:FocusingShard"},{"floor":25,"key":"Replay:WaspNest"},{"floor":26,"key":"Durian"},{"floor":40,"key":"hubris:SoftwareUpdate"},{"floor":42,"key":"MealTicket"},{"floor":43,"key":"Cables"}],"event_choices":[{"cards_removed":["Defend_B"],"damage_healed":0,"gold_gain":0,"player_choice":"Card Removal","damage_taken":0,"max_hp_gain":0,"max_hp_loss":0,"event_name":"The Cleric","floor":3,"gold_loss":75},{"damage_healed":0,"gold_gain":0,"player_choice":"Take Damage","damage_taken":24,"relics_obtained":["Golden Idol"],"max_hp_gain":0,"max_hp_loss":0,"event_name":"Golden Idol","floor":5,"gold_loss":0},{"cards_removed":["Strike_B"],"damage_healed":0,"gold_gain":0,"player_choice":"Offered Basic","damage_taken":0,"max_hp_gain":0,"max_hp_loss":0,"event_name":"Bonfire Elementals","floor":7,"gold_loss":0},{"damage_healed":0,"gold_gain":0,"cards_transformed":["Defend_B","Strike_B"],"player_choice":"Transformed Cards","damage_taken":0,"max_hp_gain":0,"max_hp_loss":0,"event_name":"Designer","floor":20,"gold_loss":75,"cards_obtained":["Aggregate","Echo Form"]},{"damage_healed":0,"gold_gain":0,"player_choice":"Ignored","damage_taken":0,"max_hp_gain":0,"max_hp_loss":0,"event_name":"Ghosts","floor":28,"gold_loss":0},{"damage_healed":0,"gold_gain":50,"player_choice":"Steal","damage_taken":0,"max_hp_gain":0,"max_hp_loss":0,"event_name":"betterThird:BetterNest","floor":30,"gold_loss":0},{"damage_healed":0,"gold_gain":0,"player_choice":"0 cards matched","damage_taken":0,"max_hp_gain":0,"max_hp_loss":0,"event_name":"Match and Keep!","floor":36,"gold_loss":0,"cards_obtained":[]}],"is_beta":false,"boss_relics":[{"not_picked":["Replay:Wanted Poster","SacredBark"],"picked":"SlaversCollar"},{"not_picked":["hubris:RunicObelisk","Velvet Choker"],"picked":"Nuclear Battery"}],"items_purged_floors":[19,41],"is_endless":true,"potions_floor_spawned":[1,10,12,13,14,18,29,35,42],"killed_by":"HollowMod:StalkingDevout","ascension_level":18}}