{"host":"gkm149kh1ihaqy0o","time":1608522356,"event":{"mods":["AchievementEnabler","BaseMod","Colored Powertips","Googly Eyes","Key Reminder","Minty Spire (QoL Compilation)","Permanent Neow","Quick Restart","Random Character Button","Rare Cards Sparkle","Relic Sorter","Relic Stats","SuperFastMode","Unceasing Turn Reminder","everything is the same but u backflip on backflip"],"gold_per_floor":[113,113,125,140,150,176,176,203,203,214,227,241,241,255,255,255,255],"floor_reached":16,"playtime":714,"items_purged":[],"score":157,"play_id":"fc84fd8f-b886-43f9-813d-0aa2a5d7df9e","local_time":"20201220214556","is_ascension_mode":true,"campfire_choices":[{"floor":7,"key":"REST"},{"floor":13,"key":"REST"},{"floor":15,"key":"REST"}],"circlet_count":0,"master_deck":["Strike_B","Strike_B","Strike_B","Strike_B","Defend_B","Defend_B","Defend_B","Defend_B","Zap+1","Dualcast","Seek","Gash","Conserve Battery","Hologram","Double Energy","Rebound+1","Steam","Go for the Eyes+1","Sweeping Beam+1","Stack"],"relics":["Cracked Core","Molten Egg 2","Bottled Lightning","Mummified Hand"],"acts_visited":["Exordium"],"potions_floor_usage":[6,12,16,16],"damage_taken":[{"damage":3,"enemies":"Jaw Worm","floor":1,"turns":4},{"damage":1,"enemies":"Cultist","floor":3,"turns":3},{"damage":5,"enemies":"2 Louse","floor":4,"turns":3},{"damage":12,"enemies":"Exordium Thugs","floor":5,"turns":5},{"damage":13,"enemies":"Lagavulin","floor":6,"turns":7},{"damage":33,"enemies":"3 Sentries","floor":8,"turns":8},{"damage":0,"enemies":"2 Fungi Beasts","floor":10,"turns":2},{"damage":6,"enemies":"3 Louse","floor":11,"turns":3},{"damage":0,"enemies":"Red Slaver","floor":12,"turns":3},{"damage":0,"enemies":"Looter","floor":14,"turns":3},{"damage":58,"enemies":"Slime Boss","floor":16,"turns":8}],"seed_played":"-3401913413466018039","potions_obtained":[{"floor":1,"key":"SteroidPotion"},{"floor":8,"key":"Block Potion"},{"floor":10,"key":"Weak Potion"},{"floor":14,"key":"Weak Potion"}],"is_trial":false,"path_per_floor":["M","?","M","M","M","E","R","E","T","M","M","M","R","M","R","B"],"character_chosen":"DEFECT","items_purchased":[],"campfire_rested":3,"item_purchase_floors":[],"current_hp_per_floor":[65,65,64,59,47,34,54,21,21,21,15,15,35,35,55,0,0],"gold":255,"neow_bonus":"THREE_RARE_CARDS","is_daily":false,"chose_seed":false,"campfire_upgraded":0,"win_rate":0.0,"timestamp":1608522356,"path_taken":["M","?","?","M","M","E","R","E","T","M","?","M","R","M","R","BOSS"],"items_purchased_type":[],"build_version":"2020-12-13","purchased_purges":0,"victory":false,"max_hp_per_floor":[68,68,68,68,68,68,68,68,68,68,68,68,68,68,68,68,68],"relic_stats":{"counters":[11,49],"Mummified Hand":[0],"obtain_stats":[{"Mummified Hand":9,"Molten Egg 2":6,"Bottled Lightning":8,"Cracked Core":0},{"Mummified Hand":6,"Molten Egg 2":5,"Bottled Lightning":6,"Cracked Core":0},{"Mummified Hand":30,"Molten Egg 2":22,"Bottled Lightning":30,"Cracked Core":0}]},"card_choices":[{"not_picked":["Core Surge","Multi-Cast"],"picked":"Seek","floor":0},{"not_picked":["Self Repair","Capacitor"],"picked":"Gash","floor":1},{"not_picked":["Hologram","Consume"],"picked":"Conserve Battery","floor":3},{"not_picked":["Barrage","Stack"],"picked":"Hologram","floor":4},{"not_picked":["Cold Snap","Conserve Battery"],"picked":"Double Energy","floor":5},{"not_picked":["Rainbow","Stack"],"picked":"Rebound+1","floor":6},{"not_picked":["Darkness","Aggregate"],"picked":"Steam","floor":8},{"not_picked":["Capacitor","Loop"],"picked":"Go for the Eyes+1","floor":10},{"not_picked":["Compile Driver+1","Rebound+1","Fusion"],"picked":"SKIP","floor":11},{"not_picked":["Cold Snap+1","Chaos"],"picked":"Sweeping Beam+1","floor":12},{"not_picked":["Coolheaded","Aggregate"],"picked":"Stack","floor":14}],"player_experience":598170,"relics_obtained":[{"floor":6,"key":"Molten Egg 2"},{"floor":8,"key":"Bottled Lightning"},{"floor":9,"key":"Mummified Hand"}],"event_choices":[{"damage_healed":0,"gold_gain":0,"player_choice":"Upgraded","damage_taken":0,"max_hp_gain":0,"max_hp_loss":0,"event_name":"Upgrade Shrine","floor":2,"gold_loss":0,"cards_upgraded":["Zap"]}],"is_beta":false,"boss_relics":[],"items_purged_floors":[],"is_endless":false,"potions_floor_spawned":[1,8,10,14],"killed_by":"Slime Boss","ascension_level":7}}