{"host":"hfvpa4llnnjpeawn","time":1608518263,"event":{"mods":["2.2 Compatiblity","AchievementEnabler","Act Like it!","Aspiration","Bard","BaseMod","Beaked The Cultist","Better Sensory Stone","Better Skull","Better Third Choice","BetterRewards","CapriCore","Conspire","Downfall","Elementarium","Energized Spire","Hermit","Hubris","Jorbs\u0027s Wanderer Trilogy","Koishi","Lobotomy","LobotomyExtend","Minty Spire (QoL Compilation)","Replay The Spire","Shade Mod","Spicy Shops","StSLib","The Bladedancer","The Factory","The Gatherer","The Jungle","Waifu the Spire","Wandering Minibosses"],"gold_per_floor":[272,272,3,22,48,48,74,74,129,4,4,19,39,49,49,150,150,150,170,284,299,313,313,313],"floor_reached":23,"playtime":1176,"items_purged":[],"score":201,"play_id":"642d26e7-d5e9-4ff4-bb2b-c982159eb813","local_time":"20201220213743","is_ascension_mode":true,"campfire_choices":[{"data":"Crystallizer","floor":6,"key":"SMITH"},{"data":"Cold Snap","floor":8,"key":"SMITH"},{"floor":11,"key":"REST"},{"data":"Genetic Algorithm","floor":15,"key":"SMITH"}],"circlet_count":0,"master_deck":["Zap","Dualcast","Reinforced Body","Gash+1","Crystallizer+1","Writhe","BootSequence","Cold Snap+1","Leap","FIFO Queue","Genetic Algorithm+1","Biased Cognition+1","Mirror Shield+1","Gash","Cold Snap","Dazed","Seek","Hello World","ReplayTheSpireMod:Reroute Power","ReplayTheSpireMod:GoodbyeWorld","FIFO Queue+1","Elementarium:StickyTar","hubris:Ukulele+1","Gash+1","Aggregate"],"relics":["Cracked Core","LetterFromLob","Membership Card","Unceasing Top","aspiration:EnhancedActuators","Ice Cream","Dream Catcher","beaked:ShinyBauble","Pandora\u0027s Box","Moonlight_r"],"acts_visited":["Exordium","Exordium"],"potions_floor_usage":[7,16,19,22,23],"damage_taken":[{"damage":1,"enemies":"Jaw Worm","floor":1,"turns":3},{"damage":2,"enemies":"2 Louse","floor":4,"turns":2},{"damage":11,"enemies":"conspire:MimicChest","floor":5,"turns":4},{"damage":16,"enemies":"Gremlin Nob","floor":7,"turns":3},{"damage":0,"enemies":"Small Slimes","floor":12,"turns":3},{"damage":0,"enemies":"Looter","floor":13,"turns":2},{"damage":0,"enemies":"Gremlin Gang","floor":14,"turns":5},{"damage":19,"enemies":"Slime Boss","floor":16,"turns":12},{"damage":4,"enemies":"Elementarium:MUD_AND_TAR_GOLEMS","floor":19,"turns":5},{"damage":0,"enemies":"Elementarium:2_ELEMENTALS","floor":21,"turns":3},{"damage":3,"enemies":"Elementarium:STONE_GOLEMS","floor":22,"turns":4},{"damage":38,"enemies":"Elementarium:ElementalPortal","floor":23,"turns":10}],"seed_played":"7038756901431025462","potions_obtained":[{"floor":1,"key":"Swift Potion"},{"floor":14,"key":"SkillPotion"},{"floor":16,"key":"Fire Potion"},{"floor":21,"key":"champ:CounterPotion"},{"floor":22,"key":"champ:CounterPotion"}],"is_trial":false,"path_per_floor":["M","?","$","M","?","R","E","R","T","?","R","M","M","M","R","B",null,"M","M","?","M","M","E"],"character_chosen":"DEFECT","items_purchased":["Membership Card","Gash+1","Crystallizer","Unceasing Top"],"campfire_rested":1,"item_purchase_floors":[3,3,3,3],"current_hp_per_floor":[74,74,74,72,61,61,45,45,45,45,67,67,67,67,67,48,75,46,42,35,35,32,0,0],"gold":313,"neow_bonus":"","is_daily":false,"chose_seed":false,"campfire_upgraded":3,"win_rate":0.0,"timestamp":1608518263,"path_taken":["M","?","$","M","?","R","E","R","T","?","R","?","M","M","R","BOSS","M","M","?","M","M","E"],"items_purchased_type":["Relic","Card","Card","Relic"],"build_version":"2020-12-13","purchased_purges":0,"victory":false,"max_hp_per_floor":[75,75,75,75,75,75,75,75,75,75,75,75,75,75,75,75,75,75,75,75,75,75,75,75],"card_choices":[{"not_picked":["Recycle","White Noise"],"picked":"Reinforced Body","floor":1},{"not_picked":["Rebound","Redo","Compile Driver"],"picked":"SKIP","floor":4},{"not_picked":["hubris:PowerSurge","Recycle"],"picked":"BootSequence","floor":5},{"not_picked":["Hologram","Coolheaded"],"picked":"Cold Snap","floor":7},{"not_picked":["Go for the Eyes","Compile Driver"],"picked":"Leap","floor":11},{"not_picked":["Reprogram","Stack"],"picked":"FIFO Queue","floor":12},{"not_picked":["Streamline","Compile Driver"],"picked":"Genetic Algorithm","floor":13},{"not_picked":["Steam","FTL"],"picked":"Biased Cognition","floor":14},{"not_picked":["Biased Cognition","Hyperbeam"],"picked":"Mirror Shield","floor":16},{"not_picked":["Hologram","BasicCrystalCard"],"picked":"hubris:Ukulele+1","floor":19},{"not_picked":["Compile Driver","Steam"],"picked":"Gash+1","floor":21},{"not_picked":["Gash","Hologram"],"picked":"Aggregate","floor":22}],"player_experience":295905,"relics_obtained":[{"floor":1,"key":"LetterFromLob"},{"floor":5,"key":"aspiration:EnhancedActuators"},{"floor":7,"key":"Ice Cream"},{"floor":9,"key":"Dream Catcher"}],"event_choices":[{"damage_healed":0,"gold_gain":0,"player_choice":"Paid Gold","damage_taken":0,"relics_obtained":["beaked:ShinyBauble"],"max_hp_gain":0,"max_hp_loss":0,"event_name":"WeMeetAgain","floor":10,"gold_loss":125},{"damage_healed":0,"gold_gain":114,"player_choice":"GO ","damage_taken":8,"relics_obtained":[],"max_hp_gain":0,"max_hp_loss":0,"event_name":"betterSkull:BetterSkull","floor":20,"gold_loss":0,"cards_upgraded":[]}],"is_beta":false,"boss_relics":[{"not_picked":["energizedSpire:OldTV","Replay:Drink Me"],"picked":"Pandora\u0027s Box"}],"items_purged_floors":[],"is_endless":false,"potions_floor_spawned":[1,14,16,21,22],"killed_by":"Elementarium:ElementalPortal","ascension_level":1}}