{"host":"sst22apzgpn07t8v","time":1608555163,"event":{"mods":["Act Like it!","BaseMod","Downfall","Hallownest","HololiveMod","KinomotoSakuraMod(ñÿîVñ{?)","Lobotomy","LobotomyExtend","Minty Spire (QoL Compilation)","Quick Restart","Replay The Spire","Shop Mod","StSLib","The Cursed","The Hayseed","[IsaacMod]à»éTêÎìÉ"],"gold_per_floor":[99,118,133,133,144,157,457,476,476,476,519,536,536,636,651,753,753,753],"floor_reached":17,"playtime":933,"items_purged":[],"score":149,"play_id":"8e483817-95c8-464b-92e2-241111125553","local_time":"20201221205243","is_ascension_mode":false,"campfire_choices":[{"data":"DoctorFetus","floor":9,"key":"SMITH"}],"circlet_count":0,"master_deck":["TheCursedMod:Strike_TheCursed","TheCursedMod:Strike_TheCursed","TheCursedMod:Strike_TheCursed","TheCursedMod:Strike_TheCursed","TheCursedMod:Defend_TheCursed","TheCursedMod:Defend_TheCursed","TheCursedMod:Defend_TheCursed","TheCursedMod:CursedWand","TheCursedMod:CleanUpWorkshop","TheCursedMod:Dregs","DoctorFetus+1","TheCursedMod:SmokeScreen","TheCursedMod:Mangle","TheCursedMod:SoulReap","TheCursedMod:CursedMace","TheCursedMod:CircleOfAbyss","TheCursedMod:CursedStaff","ReplayTheSpireMod:Splinters","TheCursedMod:CursedAmulet","TheCursedMod:SpitefulStrike","TheCursedMod:AbyssShockwave","Parasite","TheCursedMod:Stigma","TheCursedMod:CursedSpellbook","TheCursedMod:DemonicPact"],"relics":["TheCursedMod:BlackMagic101","HushsDoor","Quantum Egg","Old Coin","TheCursedMod:BloodyHarpoon","UnicornStump"],"acts_visited":["Exordium","TheCity"],"potions_floor_usage":[],"damage_taken":[{"damage":1,"enemies":"Cultist","floor":2,"turns":4},{"damage":2,"enemies":"2 Louse","floor":3,"turns":3},{"damage":0,"enemies":"Small Slimes","floor":5,"turns":4},{"damage":8,"enemies":"Exordium Wildlife","floor":6,"turns":3},{"damage":13,"enemies":"Gremlin Gang","floor":8,"turns":5},{"damage":7,"enemies":"3 Louse","floor":12,"turns":3},{"damage":9,"enemies":"2 Fungi Beasts","floor":15,"turns":3},{"damage":70,"enemies":"downfall:Defect","floor":16,"turns":7}],"seed_played":"-8936842620579617664","potions_obtained":[{"floor":2,"key":"FearPotion"},{"floor":5,"key":"champ:CounterPotion"},{"floor":6,"key":"LiquidMemories"},{"floor":12,"key":"BlessingOfTheForge"}],"is_trial":false,"path_per_floor":["R","M","M","?","M","M","T","M","R","?","?","M","?","?","M","B",null],"character_chosen":"THE_CURSED","items_purchased":[],"campfire_rested":0,"item_purchase_floors":[],"current_hp_per_floor":[82,81,79,76,79,74,74,64,64,64,64,62,82,82,73,8,82,82],"gold":753,"neow_bonus":"TEN_PERCENT_HP_BONUS","is_daily":false,"chose_seed":false,"campfire_upgraded":1,"win_rate":0.0,"timestamp":1608555163,"path_taken":["R","?","M","?","M","M","T","M","R","?","?","M","?","?","M","BOSS"],"items_purchased_type":[],"build_version":"2020-12-13","purchased_purges":0,"victory":false,"max_hp_per_floor":[82,82,82,82,82,82,82,82,82,82,82,82,82,82,82,82,82,82],"card_choices":[{"not_picked":[],"picked":"DoctorFetus","floor":0},{"not_picked":["TheCursedMod:CircleOfBlood","TheCursedMod:CursedMace"],"picked":"TheCursedMod:Mangle","floor":2},{"not_picked":["TheCursedMod:Stigma","TheCursedMod:Obscuration"],"picked":"TheCursedMod:SoulReap","floor":3},{"not_picked":["TheCursedMod:BloodBarrier","TheCursedMod:Wield"],"picked":"TheCursedMod:CursedMace","floor":5},{"not_picked":["TheCursedMod:CursedShiv","TheCursedMod:SpitefulStrike"],"picked":"TheCursedMod:CircleOfAbyss","floor":6},{"not_picked":["TheCursedMod:AshesToAshes","TheCursedMod:FleshFromBone"],"picked":"TheCursedMod:CursedStaff","floor":8},{"not_picked":["TheCursedMod:BlessingInDisguise","TheCursedMod:SaltUponWound"],"picked":"TheCursedMod:CursedAmulet","floor":11},{"not_picked":["Bomb","TheCursedMod:Obscuration"],"picked":"TheCursedMod:SpitefulStrike","floor":11},{"not_picked":["TheCursedMod:CircleOfAmplification","TheCursedMod:CursedBlade"],"picked":"TheCursedMod:AbyssShockwave","floor":12},{"not_picked":["TheCursedMod:RapidMovement","TheCursedMod:Wield"],"picked":"TheCursedMod:Stigma","floor":14},{"not_picked":["TheCursedMod:CircleOfCorruption","TheCursedMod:Stretching"],"picked":"TheCursedMod:CursedSpellbook","floor":15},{"not_picked":["TheCursedMod:ForbiddenAlchemy","TheCursedMod:CursedRelics"],"picked":"TheCursedMod:DemonicPact","floor":16}],"player_experience":195333,"relics_obtained":[{"floor":7,"key":"Old Coin"},{"floor":11,"key":"TheCursedMod:BloodyHarpoon"}],"event_choices":[{"damage_healed":0,"gold_gain":0,"player_choice":"Success","damage_taken":3,"relics_obtained":["Quantum Egg"],"max_hp_gain":0,"max_hp_loss":0,"event_name":"Scrap Ooze","floor":4,"gold_loss":0},{"damage_healed":20,"gold_gain":0,"player_choice":"Healed and dodged fight","damage_taken":0,"max_hp_gain":0,"max_hp_loss":0,"event_name":"Mushrooms","floor":13,"gold_loss":0,"cards_obtained":["Parasite"]}],"is_beta":false,"boss_relics":[{"not_picked":[]}],"items_purged_floors":[],"is_endless":false,"potions_floor_spawned":[2,5,6,12,16],"ascension_level":0}}