{"host":"ds28d883r3sz42zs","time":1608513916,"event":{"mods":["2.2 Compatiblity","AchievementEnabler","Act Like it!","Aspiration","BaseMod","Bestiary","Better Match","Better Sensory Stone","Better Silent Start","Better Third Choice","Better-Laid Plans","BetterRewards","Block Reminder","Challenge The Spire","Colored Map","Colored Powertips","Conspire","DeckTracker","Defuse TimeMaze Blight","Disable Question Mark Monsters","Displayed Cursed Tome","Emptier Cage","GifTheSpireLib","Gold Saver","Hubris","Infinite Spire","Minty Spire (QoL Compilation)","Permanent Neow","Practice Mode","Quick Restart","Random Character Button","Rare Cards Sparkle","Relic Filter","Relic Sorter","Relic Stats","Replay The Spire","SacredBarkPlus","StSLib","Stuff the Spire","SuperFastMode","The Jungle","Uncapped","Unknown Chances"],"gold_per_floor":[135,210,220,235,255,255,63,63,63,80,91,123,143,168,168,264,264,282,282,292,310,328,328,354,354,354,370,370,17,17,31,31,126,126,146,241,254,254,273,305,305,305,305],"floor_reached":42,"playtime":1211,"items_purged":["Cleave"],"score":815,"play_id":"ff236364-34a7-49f7-8e9f-b9b98dd6c121","local_time":"20201220202516","is_ascension_mode":true,"campfire_choices":[{"data":"Perfected Strike","floor":6,"key":"SMITH"},{"data":"Bash","floor":8,"key":"SMITH"},{"data":"Anger","floor":15,"key":"SMITH"},{"data":"Twin Strike","floor":23,"key":"SMITH"},{"data":"hubris:StunningStrike","floor":25,"key":"SMITH"},{"data":"Pommel Strike","floor":30,"key":"SMITH"},{"data":"Brutality","floor":30,"key":"SMITH"},{"data":"Defend_R","floor":32,"key":"SMITH"},{"data":"Defend_R","floor":32,"key":"SMITH"},{"data":"Pot Of Greed","floor":41,"key":"SMITH"},{"data":"Pot Of Greed","floor":41,"key":"SMITH"}],"circlet_count":0,"master_deck":["Strike_R","Strike_R","Strike_R","Strike_R","Strike_R+1","Defend_R","Defend_R","Defend_R+1","Defend_R+1","Bash+1","Perfected Strike+1","Thunderclap+1","Anger+1","Twin Strike+1","Brutality+1","hubris:StunningStrike+1","Shrug It Off+1","Spot Weakness+1","ReplayTheSpireMod:LeadingStrike+1","Wild Strike+1","Pommel Strike+1","ReplayTheSpireMod:Strike From Hell+1","Corruption","ReplayReversal+1","Shockwave","Armaments","Clothesline+1","Iron Wave+1","Dual Wield+1","Pot Of Greed+1","Pot Of Greed","Pot Of Greed+1"],"relics":["Burning Blood","Turnip","Vajra","Pen Nib","StuffTheSpire:Experiment12","Whetstone","Velvet Choker","StuffTheSpire:GrapeVine","Smiling Mask","aspiration:SeaSaltIceCream","Replay:Arrowhead","ChewingGum","Grinning Jar"],"acts_visited":["Exordium","Exordium","TheBeyond"],"potions_floor_usage":[5,16,16,24,27,37],"damage_taken":[{"damage":3,"enemies":"2 Louse","floor":1,"turns":3},{"damage":1,"enemies":"Cultist","floor":3,"turns":3},{"damage":3,"enemies":"conspire:RoseBush","floor":4,"turns":3},{"damage":12,"enemies":"Lots of Slimes","floor":5,"turns":4},{"damage":0,"enemies":"3 Louse","floor":10,"turns":2},{"damage":6,"enemies":"Looter","floor":11,"turns":2},{"damage":10,"enemies":"3 Sentries","floor":12,"turns":6},{"damage":2,"enemies":"Large Slime","floor":13,"turns":5},{"damage":32,"enemies":"Lagavulin","floor":14,"turns":4},{"damage":0,"enemies":"Slime Boss","floor":16,"turns":5},{"damage":2,"enemies":"theJungle:MUSHROOMGANG","floor":18,"turns":2},{"damage":0,"enemies":"theJungle:Flameango_and_Byrd","floor":20,"turns":4},{"damage":6,"enemies":"theJungle:Lyon","floor":21,"turns":3},{"damage":0,"enemies":"Snake Plant","floor":22,"turns":3},{"damage":0,"enemies":"theJungle:MamaSnecko","floor":24,"turns":3},{"damage":1,"enemies":"theJungle:JungleHuntersEncounter","floor":27,"turns":3},{"damage":0,"enemies":"theJungle:Lyon","floor":31,"turns":1},{"damage":41,"enemies":"theJungle:FunGuy","floor":33,"turns":6},{"damage":0,"enemies":"Orb Walker","floor":35,"turns":2},{"damage":14,"enemies":"3 Darklings","floor":37,"turns":5},{"damage":11,"enemies":"Spire Growth","floor":39,"turns":4},{"damage":9,"enemies":"R_Hoarder","floor":40,"turns":6},{"damage":33,"enemies":"Nightmare","floor":42,"turns":5}],"seed_played":"-6053672490207923603","potions_obtained":[{"floor":3,"key":"ColorlessPotion"},{"floor":10,"key":"GamblersBrew"},{"floor":11,"key":"Dexterity Potion"},{"floor":20,"key":"AttackPotion"},{"floor":22,"key":"Fire Potion"},{"floor":31,"key":"DistilledChaos"},{"floor":37,"key":"Explosive Potion"},{"floor":40,"key":"Energy Potion"}],"is_trial":false,"path_per_floor":["M","?","M","M","M","R","$","R","T","M","M","E","M","E","R","B",null,"M","?","M","M","M","R","E","R","T","M","?","$","R","M","R","B",null,"M","?","M","?","M","E","R","NM"],"character_chosen":"IRONCLAD","items_purchased":["Vajra","Adrenaline Potion","aspiration:SeaSaltIceCream","Cleave"],"campfire_rested":0,"item_purchase_floors":[7,7,29,29],"current_hp_per_floor":[54,46,51,54,48,48,48,48,48,54,54,50,54,28,28,34,69,73,73,79,79,80,80,80,80,80,80,80,80,80,80,80,45,71,77,45,37,37,32,29,29,0,0],"gold":305,"neow_bonus":"ONE_RARE_RELIC","is_daily":false,"chose_seed":false,"campfire_upgraded":11,"win_rate":0.0,"timestamp":1608513916,"path_taken":["M","?","?","M","M","R","$","R","T","M","M","E","M","E","R","BOSS","M","?","M","?","M","R","E","R","T","?","?","$","R","M","R","BOSS","M","?","M","?","M","E","R","NM"],"items_purchased_type":["Relic","Potion","Relic","Card"],"build_version":"2020-12-13","purchased_purges":1,"victory":false,"max_hp_per_floor":[80,80,80,80,80,80,80,80,80,80,80,80,80,80,80,80,80,80,80,80,80,80,80,80,80,80,80,80,80,80,80,80,80,80,80,80,80,76,76,76,76,76,76],"relic_stats":{"counters":[23,83],"Turnip":[7],"Pen Nib":[16],"Whetstone":["Strike_R","Thunderclap"],"Smiling Mask":25,"obtain_stats":[{"Vajra":7,"Velvet Choker":17,"Pen Nib":9,"StuffTheSpire:GrapeVine":24,"Whetstone":14,"aspiration:SeaSaltIceCream":29,"Smiling Mask":26,"Burning Blood":0,"Replay:Arrowhead":29,"StuffTheSpire:Experiment12":12,"ChewingGum":34,"Turnip":0,"Grinning Jar":40},{"Vajra":4,"Velvet Choker":10,"Pen Nib":4,"StuffTheSpire:GrapeVine":15,"Whetstone":9,"aspiration:SeaSaltIceCream":16,"Smiling Mask":15,"Burning Blood":0,"Replay:Arrowhead":16,"StuffTheSpire:Experiment12":7,"ChewingGum":18,"Turnip":0,"Grinning Jar":22},{"Vajra":13,"Velvet Choker":37,"Pen Nib":13,"StuffTheSpire:GrapeVine":52,"Whetstone":32,"aspiration:SeaSaltIceCream":55,"Smiling Mask":52,"Burning Blood":0,"Replay:Arrowhead":55,"StuffTheSpire:Experiment12":23,"ChewingGum":61,"Turnip":0,"Grinning Jar":78}],"Burning Blood":110},"card_choices":[{"not_picked":["StuffTheSpire:Resist","Rupture"],"picked":"Perfected Strike","floor":1},{"not_picked":["Flame Barrier","ReplayTheSpireMod:Limb From Limb"],"picked":"Thunderclap","floor":3},{"not_picked":["Dark Embrace","Body Slam"],"picked":"Anger","floor":4},{"not_picked":["Iron Wave","Seeing Red"],"picked":"Twin Strike","floor":5},{"not_picked":["Life Link","Clash","Rampage"],"picked":"SKIP","floor":10},{"not_picked":["StuffTheSpire:Slingshot","StuffTheSpire:RockThrow","Anger"],"picked":"SKIP","floor":11},{"not_picked":["ReplayTheSpireMod:Corrosion Curse","Burning Pact"],"picked":"Brutality","floor":12},{"not_picked":["Cleave","infinitespire:OneForAll","Carnage"],"picked":"SKIP","floor":13},{"not_picked":["Sever Soul","conspire:Charge","Havoc"],"picked":"SKIP","floor":14},{"not_picked":["Brutality","Juggernaut"],"picked":"hubris:StunningStrike","floor":16},{"not_picked":["Inflame","StuffTheSpire:Slingshot"],"picked":"Shrug It Off","floor":18},{"not_picked":["StuffTheSpire:Resist","conspire:ExplosiveBarrier+1"],"picked":"Spot Weakness+1","floor":20},{"not_picked":["Havoc","Replay:Undeath\u0027s Touch"],"picked":"ReplayTheSpireMod:LeadingStrike+1","floor":21},{"not_picked":["Dropkick","True Grit","Bloodletting"],"picked":"SKIP","floor":22},{"not_picked":["Berserk","hubris:ReadiedAction","Reckless Charge"],"picked":"SKIP","floor":24},{"not_picked":["Dropkick","Ghostly Armor"],"picked":"Wild Strike+1","floor":27},{"not_picked":["Feel No Pain+1","Heavy Blade"],"picked":"ReplayTheSpireMod:Strike From Hell+1","floor":31},{"not_picked":["Eclipse","Exhume"],"picked":"Corruption","floor":33},{"not_picked":["Run Through","Second Wind"],"picked":"ReplayReversal+1","floor":35},{"not_picked":["Spot Weakness+1","StuffTheSpire:Slingshot"],"picked":"Shockwave","floor":36},{"not_picked":["Hemokinesis+1","Flex+1"],"picked":"Armaments","floor":36},{"not_picked":["Headbutt+1","StuffTheSpire:Slingshot+1"],"picked":"Clothesline+1","floor":36},{"not_picked":["Twin Strike+1","Abandon+1"],"picked":"Iron Wave+1","floor":37},{"not_picked":["Inflame+1","infinitespire:OneForAll+1"],"picked":"Dual Wield+1","floor":39},{"not_picked":["Corruption","Armaments","hubris:CleavingFinish"],"picked":"SKIP","floor":40}],"player_experience":684897,"relics_obtained":[{"floor":9,"key":"Pen Nib"},{"floor":12,"key":"StuffTheSpire:Experiment12"},{"floor":14,"key":"Whetstone"},{"floor":24,"key":"StuffTheSpire:GrapeVine"},{"floor":26,"key":"Smiling Mask"},{"floor":40,"key":"Grinning Jar"}],"event_choices":[{"damage_healed":0,"gold_gain":75,"player_choice":"Touch","damage_taken":8,"max_hp_gain":0,"max_hp_loss":0,"event_name":"FaceTrader","floor":2,"gold_loss":0},{"damage_healed":0,"gold_gain":0,"player_choice":"Upgraded","damage_taken":0,"max_hp_gain":0,"max_hp_loss":0,"event_name":"Upgrade Shrine","floor":19,"gold_loss":0,"cards_upgraded":["Shrug It Off"]},{"damage_healed":0,"gold_gain":0,"player_choice":"Max HP","damage_taken":0,"max_hp_gain":0,"max_hp_loss":4,"event_name":"Winding Halls","floor":38,"gold_loss":0}],"is_beta":false,"boss_relics":[{"not_picked":["hubris:ScarierMask","Philosopher\u0027s Stone"],"picked":"Velvet Choker"},{"not_picked":["hubris:Stopwatch","hubris:HollowSoul"],"picked":"ChewingGum"}],"items_purged_floors":[29],"is_endless":false,"potions_floor_spawned":[3,10,11,12,20,22,31,37,40],"killed_by":"Nightmare","ascension_level":9}}