{"host":"yoibuf8dtscl5joe","time":1608556546,"event":{"mods":["BaseMod","Better Third Choice","Downfall","Marisa????????","Minty Spire (QoL Compilation)","Replay The Spire","StSLib","The Construct","The Cursed","The Servant 0.9.4"],"gold_per_floor":[111,123,141,91,107,107,107],"floor_reached":6,"playtime":733,"items_purged":[],"score":38,"play_id":"d5efdd49-37c7-45b6-8b90-bad1bccb9940","local_time":"20201221151546","is_ascension_mode":false,"campfire_choices":[],"circlet_count":0,"master_deck":["TheCursedMod:Strike_TheCursed","TheCursedMod:Strike_TheCursed","TheCursedMod:Strike_TheCursed","TheCursedMod:Strike_TheCursed","TheCursedMod:Defend_TheCursed","TheCursedMod:Defend_TheCursed","TheCursedMod:Defend_TheCursed","TheCursedMod:CursedWand","TheCursedMod:CleanUpWorkshop","TheCursedMod:Dregs","TheCursedMod:CursedArmor","TheCursedMod:CursedAmulet"],"relics":["TheCursedMod:BlackMagic101","Du-Vu Doll"],"acts_visited":["Exordium"],"potions_floor_usage":[6,6],"damage_taken":[{"damage":0,"enemies":"Cultist","floor":1,"turns":3},{"damage":0,"enemies":"2 Louse","floor":2,"turns":2},{"damage":1,"enemies":"Jaw Worm","floor":3,"turns":4},{"damage":4,"enemies":"Blue Slaver","floor":5,"turns":4},{"damage":49,"enemies":"Lagavulin","floor":6,"turns":15}],"seed_played":"8915598683973938890","potions_obtained":[{"floor":1,"key":"DuplicationPotion"},{"floor":3,"key":"SteroidPotion"}],"is_trial":false,"path_per_floor":["M","M","M","?","M","E"],"character_chosen":"THE_CURSED","items_purchased":[],"campfire_rested":0,"item_purchase_floors":[],"current_hp_per_floor":[54,54,53,53,49,0,0],"gold":107,"neow_bonus":"ONE_RARE_RELIC","is_daily":false,"chose_seed":false,"campfire_upgraded":0,"win_rate":0.0,"timestamp":1608556546,"path_taken":["M","?","M","?","M","E"],"items_purchased_type":[],"build_version":"2020-12-13","purchased_purges":0,"victory":false,"max_hp_per_floor":[75,75,75,75,75,75,75],"card_choices":[{"not_picked":["TheCursedMod:CursedStaff","TheCursedMod:Wield"],"picked":"TheCursedMod:CursedArmor","floor":1},{"not_picked":["TheCursedMod:Stretching","TheCursedMod:SaltUponWound"],"picked":"TheCursedMod:CursedAmulet","floor":2},{"not_picked":["TheCursedMod:VitalStrike","TheCursedMod:CursedBoomerang","TheCursedMod:Hemoplague"],"picked":"SKIP","floor":3},{"not_picked":["TheCursedMod:CursedBlade","TheCursedMod:SoulCrush","TheCursedMod:SpreadPlague"],"picked":"SKIP","floor":5}],"player_experience":374510,"relics_obtained":[],"event_choices":[{"cards_removed":["TheCursedMod:Defend_TheCursed"],"damage_healed":0,"gold_gain":0,"player_choice":"Card Removal","damage_taken":0,"max_hp_gain":0,"max_hp_loss":0,"event_name":"The Cleric","floor":4,"gold_loss":50}],"is_beta":false,"boss_relics":[],"items_purged_floors":[],"is_endless":false,"potions_floor_spawned":[1,3],"killed_by":"Lagavulin","ascension_level":0}}