{"host":"l4li6saph8sy2zni","time":1608539052,"event":{"mods":["AchievementEnabler","Aspiration","BaseMod","BetterRewards","CCEM","Colored Map","Colored Powertips","Conspire","Downfall","Energized Spire","GifTheSpireLib","Highlight Path","Hubris","Infinite Spire","Mimic Mod","Minty Spire (QoL Compilation)","Permanent Neow","Quick Restart","Relic Filter","Replay The Spire","Shop Mod","StSLib","Stuff the Spire","The Hierophant"],"gold_per_floor":[119,119,139,149,149,168,133,133,168,163,163,178,142,154,154,163,163,175,168,171,171,160,130,130],"floor_reached":23,"playtime":1208,"items_purged":[],"score":247,"play_id":"8fd658b0-e2f3-4d09-a3dd-1123f7110d27","local_time":"20201221082412","is_ascension_mode":true,"campfire_choices":[{"floor":11,"key":"REST"},{"data":"Barricade","floor":15,"key":"SMITH"}],"circlet_count":0,"master_deck":["hierophant:Punish","hierophant:Defend_Hierophant","hierophant:Defend_Hierophant","hierophant:Defend_Hierophant","hierophant:ChurchCoffers","hierophant:Purify","hierophant:SealAway","hierophant:FieryStrike+1","hierophant:Smite","conspire:Charge","Replay:Undeath\u0027s Touch","hierophant:SolarFlare","Seeing Red","Barricade+1","hierophant:FieryStrike","Dropkick","hierophant:Invocation","hierophant:Blessing+1","Replay:Undeath\u0027s Touch","Bite","Bite","Bite","Bite","Bite","hierophant:DisplayOfPower"],"relics":["aspiration:IroncladSkillbook","CCEMRelics:Barrel","Replay:Wax Seal","Replay:Bottled Eggs","Bag of Marbles","Sozu","Red Mask"],"acts_visited":["Exordium","TheCity"],"potions_floor_usage":[6,13,16,16,18],"damage_taken":[{"damage":0,"enemies":"2 Louse","floor":1,"turns":2},{"damage":1,"enemies":"Cultist","floor":3,"turns":3},{"damage":11,"enemies":"Jaw Worm","floor":4,"turns":2},{"damage":5,"enemies":"Replay:BlueRogue","floor":6,"turns":4},{"damage":7,"enemies":"2 Fungi Beasts","floor":9,"turns":4},{"damage":27,"enemies":"3 Sentries","floor":10,"turns":4},{"damage":9,"enemies":"2 Fungi Beasts","floor":12,"turns":2},{"damage":14,"enemies":"Gremlin Nob","floor":13,"turns":3},{"damage":1,"enemies":"3 Louse","floor":14,"turns":2},{"damage":32,"enemies":"Hexaghost","floor":16,"turns":7},{"damage":15,"enemies":"3 Byrds","floor":18,"turns":4},{"damage":25,"enemies":"2 Thieves","floor":19,"turns":3},{"damage":18,"enemies":"Snecko","floor":20,"turns":4},{"damage":31,"enemies":"Masked Bandits","floor":22,"turns":4},{"damage":53,"enemies":"Slavers","floor":23,"turns":4}],"seed_played":"-6718766439840399732","potions_obtained":[{"floor":1,"key":"Strength Potion"},{"floor":3,"key":"LifebloodPotion"},{"floor":4,"key":"Energy Potion"},{"floor":14,"key":"SteroidPotion"},{"floor":16,"key":"Cursed Concoction"}],"is_trial":false,"path_per_floor":["M","?","M","M","?","E","?","?","MIM","E","R","M","E","M","R","B",null,"M","M","M","?","?","E"],"character_chosen":"HIEROPHANT","items_purchased":[],"campfire_rested":1,"item_purchase_floors":[],"current_hp_per_floor":[75,75,75,68,53,52,70,70,67,44,66,61,51,54,54,26,75,64,43,39,39,30,0,0],"gold":130,"neow_bonus":"BOSS_RELIC","is_daily":false,"chose_seed":false,"campfire_upgraded":1,"win_rate":0.0,"timestamp":1608539052,"path_taken":["M","?","?","M","?","E","?","?","MIM","E","R","M","E","M","R","BOSS","M","M","?","?","?","E"],"items_purchased_type":[],"build_version":"2020-12-13","purchased_purges":0,"victory":false,"max_hp_per_floor":[75,75,75,75,75,75,75,75,75,75,75,75,75,75,75,75,75,75,75,75,52,52,52,52],"card_choices":[{"not_picked":["Feel No Pain","hierophant:Shelter","hubris:ReadiedAction"],"picked":"hierophant:Purify","floor":1},{"not_picked":["hubris:ReadiedAction","Clothesline","hierophant:Charity"],"picked":"hierophant:FieryStrike","floor":3},{"not_picked":["hierophant:Endure","Pummel","hierophant:CursedGold"],"picked":"hierophant:Smite","floor":4},{"not_picked":["Ghostly Armor","hierophant:CursedGold","Replay:Many Hands"],"picked":"conspire:Charge","floor":6},{"not_picked":["hierophant:PassingBell","hierophant:SealAway","Shockwave"],"picked":"hierophant:SolarFlare","floor":9},{"not_picked":["hierophant:RustyCrate","Thunderclap","hierophant:RepressedViolence"],"picked":"Seeing Red","floor":10},{"not_picked":["Headbutt","Combust","hierophant:RecallFunds"],"picked":"Barricade","floor":12},{"not_picked":["hierophant:AuricShield","hubris:CleavingFinish","Disarm"],"picked":"hierophant:FieryStrike","floor":13},{"not_picked":["hierophant:Doubloon","hierophant:CursedGold","hierophant:Dazzle"],"picked":"Dropkick","floor":14},{"not_picked":["hierophant:AuricForm","Demonic Infusion","hierophant:Generosity"],"picked":"hierophant:Invocation","floor":16},{"not_picked":["hierophant:Doubloon","StuffTheSpire:BloodClot","Sword Boomerang","Reckless Charge"],"picked":"SKIP","floor":18},{"not_picked":["Shrug It Off","hierophant:RepressedViolence","Infernal Blade"],"picked":"hierophant:Blessing+1","floor":19},{"not_picked":["hierophant:EyeForCoin","hierophant:Repentance","StuffTheSpire:BloodClot"],"picked":"Replay:Undeath\u0027s Touch","floor":20},{"not_picked":["hierophant:ConvertCurrency","Fire Breathing+1","Perfected Strike"],"picked":"hierophant:DisplayOfPower","floor":22}],"player_experience":101412,"relics_obtained":[{"floor":6,"key":"CCEMRelics:Barrel"},{"floor":9,"key":"Replay:Wax Seal"},{"floor":10,"key":"Replay:Bottled Eggs"},{"floor":13,"key":"Bag of Marbles"},{"floor":22,"key":"Red Mask"}],"event_choices":[{"damage_healed":0,"gold_gain":0,"player_choice":"1 cards matched","damage_taken":0,"max_hp_gain":0,"max_hp_loss":0,"event_name":"Match and Keep!","floor":2,"gold_loss":0,"cards_obtained":["hierophant:SealAway"]},{"damage_healed":0,"gold_gain":0,"player_choice":"1 cards matched","damage_taken":0,"max_hp_gain":0,"max_hp_loss":0,"event_name":"Match and Keep!","floor":2,"gold_loss":0,"cards_obtained":["hierophant:SealAway"]},{"damage_healed":0,"gold_gain":0,"player_choice":"Entered Light","damage_taken":15,"max_hp_gain":0,"max_hp_loss":0,"event_name":"Shining Light","floor":5,"gold_loss":0,"cards_upgraded":["hierophant:Strike_Hierophant","hierophant:FieryStrike"]},{"damage_healed":18,"gold_gain":0,"player_choice":"Healed","damage_taken":0,"max_hp_gain":0,"max_hp_loss":0,"event_name":"The Cleric","floor":7,"gold_loss":35},{"damage_healed":0,"gold_gain":0,"cards_transformed":["hierophant:Defend_Hierophant"],"player_choice":"Change","damage_taken":0,"max_hp_gain":0,"max_hp_loss":0,"event_name":"Living Wall","floor":8,"gold_loss":0,"cards_obtained":["Replay:Undeath\u0027s Touch"]},{"damage_healed":0,"gold_gain":0,"player_choice":"Became a vampire","damage_taken":0,"max_hp_gain":0,"max_hp_loss":23,"event_name":"Vampires","floor":21,"gold_loss":0,"cards_obtained":["Bite","Bite","Bite","Bite","Bite"]},{"damage_healed":0,"gold_gain":0,"player_choice":"Fought Bandits","damage_taken":0,"max_hp_gain":0,"max_hp_loss":0,"event_name":"Masked Bandits","floor":22,"gold_loss":0}],"is_beta":false,"boss_relics":[{"not_picked":["Ectoplasm","Ring of Chaos"],"picked":"Sozu"}],"items_purged_floors":[],"is_endless":false,"potions_floor_spawned":[1,3,4,14,16,19,20],"killed_by":"Slavers","ascension_level":1}}