{"host":"neshiy0twyn5josp","time":1608572636,"event":{"mods":["AchievementEnabler","Act Like it!","AlwaysNeverKeys","Aspiration","BaseMod","Better Note","Better Silent Start","Better Third Choice","Challenge The Spire","Colored Powertips","Conspire","Emptier Cage","Energized Spire","GifTheSpireLib","Hubris","Minty Spire (QoL Compilation)","Pale of the Ancients","Permanent Neow","Quick Restart","Rare Cards Sparkle","Replay The Spire","Reworked Bosses","StSLib","Stuff the Spire"],"gold_per_floor":[109,109,34,47,60,60,78,6,31,45,45,56,56,56,68,92,92,195,195,210,220,17,17,37,69,169,169,192,192,210,160,160,171,171,171,171],"floor_reached":35,"playtime":1978,"items_purged":["Strike_G","Strike_G","Strike_G"],"score":319,"play_id":"c8ea7ec7-256e-458d-8b72-0d0608e80d7a","local_time":"20201221094356","is_ascension_mode":false,"campfire_choices":[{"data":"Neutralize","floor":6,"key":"SMITH"},{"data":"Replay:Poison Smokescreen","floor":11,"key":"SMITH"},{"data":"Footwork","floor":17,"key":"SMITH"},{"data":"ReplayTheSpireMod:Necrosis","floor":27,"key":"SMITH"},{"floor":34,"key":"REST"}],"circlet_count":0,"master_deck":["Defend_G","Defend_G","Defend_G","Survivor","Neutralize+1","Bouncing Flask","Poisoned Stab","Deflect","Dodge and Roll","Footwork+1","Replay:Poison Smokescreen+1","Blur","Venomology","StuffTheSpire:BrimstoneBlast","StuffTheSpire:Sprint","StuffTheSpire:BrimstoneBlast","Fluid Movement","ReplayTheSpireMod:Necrosis+1","Deflect","Bullet Time"],"relics":["Ring of the Snake","Happy Flower","Smiling Mask","HoveringKite","Vajra","Replay:Bottled Snecko","PreservedInsect"],"acts_visited":["Exordium","TheCity"],"potions_floor_usage":[12,20,21,25,25,25,30,35,35],"damage_taken":[{"damage":0,"enemies":"2 Louse","floor":1,"turns":3},{"damage":4,"enemies":"Cultist","floor":4,"turns":4},{"damage":2,"enemies":"Jaw Worm","floor":5,"turns":4},{"damage":0,"enemies":"Looter","floor":7,"turns":3},{"damage":3,"enemies":"Blue Slaver","floor":10,"turns":4},{"damage":7,"enemies":"Gremlin Gang","floor":12,"turns":6},{"damage":3,"enemies":"Exordium Thugs","floor":15,"turns":5},{"damage":0,"enemies":"Hexaghost","floor":18,"turns":9},{"damage":1,"enemies":"Shell Parasite","floor":20,"turns":7},{"damage":0,"enemies":"Spheric Guardian","floor":21,"turns":4},{"damage":4,"enemies":"Centurion and Healer","floor":24,"turns":8},{"damage":18,"enemies":"conspire:SneckoGhost","floor":25,"turns":11},{"damage":17,"enemies":"Shelled Parasite and Fungi","floor":30,"turns":8},{"damage":2,"enemies":"conspire:HollyBat","floor":33,"turns":9},{"damage":75,"enemies":"Pondfish","floor":35,"turns":15}],"seed_played":"7640968311155135373","potions_obtained":[{"floor":5,"key":"Poison Potion"},{"floor":12,"key":"SpeedPotion"},{"floor":15,"key":"Doom Potion"},{"floor":21,"key":"Toxic Potion"},{"floor":24,"key":"Energy Potion"}],"is_trial":false,"path_per_floor":["M","?","$","M","M","R","M","$","T","M","R","M","PTL","PTL","M","T","R","B",null,"M","M","$","?","M","E","?","R","T","?","M","$","?","M","R","B"],"character_chosen":"THE_SILENT","items_purchased":["Footwork","StuffTheSpire:BrimstoneBlast","Fluid Movement"],"campfire_rested":1,"item_purchase_floors":[8,22,22],"current_hp_per_floor":[70,70,70,66,64,64,64,64,64,61,61,54,54,54,51,51,51,51,70,69,69,69,69,65,47,47,47,47,47,30,30,30,28,49,0,0],"gold":171,"neow_bonus":"THREE_CARDS","is_daily":false,"chose_seed":false,"campfire_upgraded":4,"win_rate":0.0,"timestamp":1608572636,"path_taken":["M","?","$","M","M","R","M","$","T","M","R","?","PTL","PTL","M","?","R","BOSS","M","M","$","?","?","E","?","R","T","?","M","$","?","M","R","BOSS"],"items_purchased_type":["Card","Card","Card"],"build_version":"2020-12-13","purchased_purges":3,"victory":false,"max_hp_per_floor":[70,70,70,70,70,70,70,70,70,70,70,70,70,70,70,70,70,70,70,70,70,70,70,70,70,70,70,70,70,70,70,70,70,70,70,70],"card_choices":[{"not_picked":["Deflect","Underhanded Strike"],"picked":"Bouncing Flask","floor":0},{"not_picked":["Quick Slash","Finisher","ReplayTheSpireMod:Speed Training"],"picked":"SKIP","floor":1},{"not_picked":["Calculated Gamble","Bane"],"picked":"Poisoned Stab","floor":4},{"not_picked":["Hidden Blade","Flechettes"],"picked":"Deflect","floor":5},{"not_picked":["Backflip","Predator"],"picked":"Dodge and Roll","floor":7},{"not_picked":["Blade Dance","Heel Hook"],"picked":"Replay:Poison Smokescreen","floor":10},{"not_picked":["Outmaneuver","StuffTheSpire:Injection"],"picked":"Blur","floor":12},{"not_picked":["StuffTheSpire:Injection","Prepared","Finisher"],"picked":"SKIP","floor":15},{"not_picked":["Glass Knife","Malaise"],"picked":"Venomology","floor":18},{"not_picked":["Dagger Spray+1","PiercingWail+1"],"picked":"StuffTheSpire:BrimstoneBlast","floor":20},{"not_picked":["StuffTheSpire:Injection","hubris:Sniper"],"picked":"StuffTheSpire:Sprint","floor":21},{"not_picked":["Cloak And Dagger","Hidden Blade+1","StuffTheSpire:Shiver"],"picked":"SKIP","floor":24},{"not_picked":["Blade Dance+1","Sucker Punch"],"picked":"ReplayTheSpireMod:Necrosis","floor":25},{"not_picked":["Cloak And Dagger","StuffTheSpire:ClusterCrunch+1"],"picked":"Deflect","floor":30},{"not_picked":["StuffTheSpire:Injection+1","Well Laid Plans"],"picked":"Bullet Time","floor":33}],"player_experience":265845,"relics_obtained":[{"floor":9,"key":"Happy Flower"},{"floor":16,"key":"Smiling Mask"},{"floor":25,"key":"Replay:Bottled Snecko"},{"floor":28,"key":"PreservedInsect"}],"event_choices":[{"cards_removed":["Strike_G"],"damage_healed":0,"gold_gain":0,"player_choice":"Card Removal","damage_taken":0,"max_hp_gain":0,"max_hp_loss":0,"event_name":"Wheel of Change","floor":2,"gold_loss":0},{"damage_healed":0,"gold_gain":0,"player_choice":"Gave Potion","damage_taken":0,"relics_obtained":["Vajra"],"max_hp_gain":0,"max_hp_loss":0,"event_name":"WeMeetAgain","floor":23,"gold_loss":0},{"damage_healed":0,"gold_gain":100,"player_choice":"Pray","damage_taken":0,"max_hp_gain":0,"max_hp_loss":0,"event_name":"Golden Shrine","floor":26,"gold_loss":0},{"damage_healed":0,"gold_gain":0,"player_choice":"Bought 0 Potions","damage_taken":0,"max_hp_gain":0,"max_hp_loss":0,"event_name":"The Woman in Blue","floor":29,"gold_loss":0},{"cards_removed":["Defend_G"],"damage_healed":0,"gold_gain":0,"player_choice":"Purged","damage_taken":0,"max_hp_gain":0,"max_hp_loss":0,"event_name":"Purifier","floor":32,"gold_loss":0}],"is_beta":false,"boss_relics":[{"not_picked":["Ectoplasm","energizedSpire:MagnifyingGlass"],"picked":"HoveringKite"}],"items_purged_floors":[3,22,31],"is_endless":false,"potions_floor_spawned":[5,12,15,21,24],"killed_by":"Pondfish","ascension_level":0}}