{"host":"68ryiucqar8jyfi2","time":1608574668,"event":{"mods":["2.2 Compatiblity","Act Like it!","Aspiration","BaseMod","Better Match","Better Note","Better Skull","Better Third Choice","CCEM","CapriCore","Curses Come First","Defuse TimeMaze Blight","Displayed Cursed Tome","Emptier Cage","Energized Spire","Friendly Minions","GifTheSpireLib","HexUI Lib","Hubris","Hyrulean Relics","Minty Spire (QoL Compilation)","Permanent Neow","RNG Fix","Replay The Spire","Robot Space Explorer","StSLib","Stuff the Spire","The Blue Laboratory","Trackpad","Transform Curses","Uncapped","Wandering Minibosses"],"gold_per_floor":[118,134,145,135,310,310,310,293,293,70,96,141,66,66,141,251,251,311,158,155,9,68,111,111,140,214,114,186,186,186],"floor_reached":29,"playtime":848,"items_purged":["Doubt","Strike_R"],"score":382,"play_id":"ddc7c186-31be-46ed-838d-27b6f20ca181","local_time":"20201221181748","daily_mods":["Vintage","Heirloom","Flight"],"is_ascension_mode":false,"campfire_choices":[{"data":"Bash","floor":6,"key":"SMITH"},{"data":"Defend_R","floor":7,"key":"SMITH"},{"data":"Feel No Pain","floor":24,"key":"SMITH"}],"circlet_count":0,"master_deck":["Strike_R","Strike_R","Strike_R","Strike_R","Defend_R+1","Defend_R","Defend_R+1","Defend_R+1","Bash+1","Feel No Pain+1"],"relics":["Burning Blood","Durian","Replay:WaspNest","Red Skull","zeldaRelics:CourageTriforce","zeldaRelics:Boomerang","Strawberry","Juzu Bracelet","Brimstone","War Paint","hubris:SphereOfDissonance","zeldaRelics:WisdomPiece"],"acts_visited":["Exordium","TheCity"],"potions_floor_usage":[4,4,16,16,22,22,22,28,29],"damage_taken":[{"damage":6,"enemies":"Jaw Worm","floor":1,"turns":3},{"damage":6,"enemies":"Cultist","floor":2,"turns":3},{"damage":3,"enemies":"Small Slimes","floor":3,"turns":4},{"damage":27,"enemies":"Exordium Thugs","floor":4,"turns":6},{"damage":13,"enemies":"Looter","floor":8,"turns":6},{"damage":14,"enemies":"Blue Slaver","floor":11,"turns":4},{"damage":0,"enemies":"2 Fungi Beasts","floor":12,"turns":6},{"damage":27,"enemies":"Hexaghost","floor":16,"turns":11},{"damage":10,"enemies":"3 Byrds","floor":18,"turns":2},{"damage":30,"enemies":"2 Thieves","floor":20,"turns":4},{"damage":44,"enemies":"3 Cultists","floor":22,"turns":5},{"damage":10,"enemies":"Replay:Snechameleon","floor":23,"turns":4},{"damage":1,"enemies":"Snecko","floor":25,"turns":4},{"damage":25,"enemies":"Gremlin Leader","floor":28,"turns":4},{"damage":16,"enemies":"Book of Stabbing","floor":29,"turns":2}],"seed_played":"4780377380504966669","potions_obtained":[{"floor":2,"key":"Energy Potion"},{"floor":3,"key":"Reflective Coating"},{"floor":8,"key":"blueLaboratory:FrostheartPotion"},{"floor":11,"key":"blueLaboratory:CorrosionFlask"},{"floor":12,"key":"Strength Potion"},{"floor":18,"key":"ColorlessPotion"},{"floor":28,"key":"Fire Potion"}],"is_trial":true,"path_per_floor":["M","M","M","M","?","R","R","M","T","$","M","M","$","T","R","B",null,"M","$","M","$","M","E","R","M","T","$","E","E"],"character_chosen":"IRONCLAD","items_purchased":["zeldaRelics:Boomerang","Feel No Pain","Strawberry","Brimstone"],"campfire_rested":0,"item_purchase_floors":[10,13,19,21],"current_hp_per_floor":[85,85,85,64,70,70,70,63,63,63,55,61,61,61,61,40,91,87,94,70,70,32,28,28,33,33,33,14,0,0],"gold":186,"neow_bonus":"","is_daily":false,"chose_seed":false,"campfire_upgraded":3,"win_rate":0.0,"timestamp":1608574668,"path_taken":["M","M","?","M","?","R","R","M","T","$","M","?","$","?","R","BOSS","M","$","M","$","M","E","R","M","T","$","E","E"],"items_purchased_type":["Relic","Card","Relic","Relic"],"build_version":"2020-12-13","purchased_purges":2,"victory":false,"max_hp_per_floor":[85,85,85,85,91,91,91,91,91,91,91,91,91,91,91,91,91,91,98,98,98,98,98,98,98,98,98,98,98,98],"card_choices":[{"not_picked":["Ghostly Armor+1","hubris:ReadiedAction","Dark Embrace"],"picked":"SKIP","floor":23},{"not_picked":["Entrench","Perfected Strike+1","ReplayTheSpireMod:Muscle Training"],"picked":"SKIP","floor":28}],"player_experience":176859,"relics_obtained":[{"floor":1,"key":"Replay:WaspNest"},{"floor":2,"key":"Darkstone Periapt"},{"floor":3,"key":"Self Forming Clay"},{"floor":4,"key":"Replay:Mystery Machine"},{"floor":8,"key":"Red Skull"},{"floor":9,"key":"zeldaRelics:CouragePiece"},{"floor":14,"key":"zeldaRelics:CouragePiece"},{"floor":20,"key":"Juzu Bracelet"},{"floor":22,"key":"War Paint"},{"floor":23,"key":"zeldaRelics:CouragePiece"},{"floor":25,"key":"hubris:SphereOfDissonance"},{"floor":26,"key":"zeldaRelics:WisdomPiece"},{"floor":28,"key":"zeldaRelics:WisdomPiece"}],"event_choices":[{"damage_healed":0,"gold_gain":175,"player_choice":"AGREE","damage_taken":135,"max_hp_gain":0,"max_hp_loss":0,"event_name":"betterThird:BetterSerpent","floor":5,"gold_loss":0}],"is_beta":false,"boss_relics":[{"not_picked":["StuffTheSpire:RunicConfusion","hubris:GrandSneckoEye","energizedSpire:MagnifyingGlass"]}],"items_purged_floors":[10,27],"is_endless":true,"potions_floor_spawned":[2,3,8,11,12,18,28],"killed_by":"Book of Stabbing","ascension_level":0}}