{"host":"sa7ebub27cgn5wai","time":1608555103,"event":{"mods":["BaseMod","Colored Map","Minty Spire (QoL Compilation)","SuperFastMode"],"gold_per_floor":[118,118,136,152,166,166,185,185,185,110,120,120,20,33,33,137,137,154,170,187,62,78,78,106,55,101,101,101,118,138,138,138,236,236,255,255,305,187,187,187,37,53,53,71,89,141,141,141,141,141],"floor_reached":51,"playtime":1279,"items_purged":["Strike_B","Strike_B","Streamline","Lockon"],"score":684,"play_id":"6672ab08-a6da-4998-b16a-440c9c71e84f","local_time":"20201221215143","is_ascension_mode":false,"campfire_choices":[{"data":"Zap","floor":6,"key":"SMITH"},{"data":"Dualcast","floor":8,"key":"SMITH"},{"data":"Chaos","floor":12,"key":"SMITH"},{"data":"Chaos","floor":15,"key":"SMITH"},{"floor":23,"key":"REST"},{"floor":28,"key":"REST"},{"floor":32,"key":"REST"},{"floor":40,"key":"REST"},{"floor":47,"key":"REST"},{"floor":49,"key":"REST"}],"circlet_count":0,"master_deck":["Zap+1","Dualcast+1","Chill","Skim","Defragment","Chaos+1","Storm","Chaos+1","Electrodynamics","Chaos","Stack","Machine Learning","Loop","BootSequence","Turbo","Tempest+1","Conserve Battery","Defragment","Redo","Coolheaded","Conserve Battery+1","Redo","Storm","Loop+1"],"relics":["Cracked Core","Vajra","Cables","StoneCalendar","Pandora\u0027s Box","Unceasing Top","Toy Ornithopter","Fusion Hammer","WingedGreaves","Molten Egg 2","Akabeko"],"acts_visited":["Exordium","TheCity","TheBeyond"],"potions_floor_usage":[22,22,22,33,33,50,50],"damage_taken":[{"damage":0,"enemies":"Small Slimes","floor":1,"turns":2},{"damage":0,"enemies":"Cultist","floor":3,"turns":3},{"damage":1,"enemies":"2 Louse","floor":4,"turns":2},{"damage":11,"enemies":"Large Slime","floor":5,"turns":6},{"damage":11,"enemies":"3 Louse","floor":7,"turns":3},{"damage":6,"enemies":"Exordium Thugs","floor":11,"turns":3},{"damage":0,"enemies":"Blue Slaver","floor":14,"turns":3},{"damage":8,"enemies":"Hexaghost","floor":16,"turns":7},{"damage":5,"enemies":"3 Byrds","floor":18,"turns":2},{"damage":32,"enemies":"2 Thieves","floor":19,"turns":3},{"damage":14,"enemies":"Snake Plant","floor":20,"turns":4},{"damage":0,"enemies":"Centurion and Healer","floor":22,"turns":3},{"damage":12,"enemies":"Book of Stabbing","floor":24,"turns":3},{"damage":8,"enemies":"Snecko","floor":29,"turns":3},{"damage":2,"enemies":"Snake Plant","floor":30,"turns":3},{"damage":6,"enemies":"Colosseum Slavers","floor":31,"turns":4},{"damage":10,"enemies":"Automaton","floor":33,"turns":6},{"damage":0,"enemies":"3 Darklings","floor":35,"turns":5},{"damage":9,"enemies":"2 Orb Walkers","floor":37,"turns":3},{"damage":6,"enemies":"Orb Walker","floor":42,"turns":3},{"damage":20,"enemies":"Maw","floor":44,"turns":5},{"damage":15,"enemies":"Spire Growth","floor":45,"turns":4},{"damage":80,"enemies":"Awakened One","floor":50,"turns":12}],"seed_played":"-2703156962213826214","potions_obtained":[{"floor":1,"key":"FearPotion"},{"floor":7,"key":"LiquidMemories"},{"floor":11,"key":"Explosive Potion"},{"floor":14,"key":"ColorlessPotion"},{"floor":18,"key":"Block Potion"},{"floor":22,"key":"SkillPotion"},{"floor":24,"key":"FearPotion"},{"floor":33,"key":"LiquidBronze"},{"floor":37,"key":"GamblersBrew"},{"floor":45,"key":"Regen Potion"}],"is_trial":false,"path_per_floor":["M","?","M","M","M","R","M","R","T","$","M","R","$","M","R","B",null,"M","M","M","$","M","R","E","$","T","?","R","M","M","?","R","B",null,"M","?","?","$","?","R","$","M","T","M","M","T","R","?","R","B",null],"character_chosen":"DEFECT","items_purchased":["Conserve Battery","Redo","Storm"],"campfire_rested":6,"item_purchase_floors":[25,38,38],"current_hp_per_floor":[75,75,75,74,63,63,52,52,52,52,46,46,46,46,46,38,75,70,38,24,24,24,46,34,34,34,20,44,36,34,28,52,52,80,80,80,71,71,71,80,80,74,74,54,39,39,63,63,80,13],"gold":141,"neow_bonus":"RANDOM_COMMON_RELIC","is_daily":false,"chose_seed":false,"campfire_upgraded":4,"win_rate":0.0,"timestamp":1608555103,"path_taken":["M","?","M","M","M","R","?","R","T","?","M","R","$","M","R","BOSS","M","M","M","$","M","R","E","$","T","?","R","M","M","?","R","BOSS","M","?","?","$","?","R","$","M","T","M","?","?","R","?","R","BOSS"],"items_purchased_type":["Card","Card","Card"],"build_version":"2020-12-13","purchased_purges":4,"victory":true,"max_hp_per_floor":[75,75,75,75,75,75,75,75,75,75,75,75,75,75,75,75,75,75,75,75,75,75,75,75,75,75,80,80,80,80,80,80,80,80,80,80,80,80,80,80,80,80,80,80,80,80,80,80,80,80],"card_choices":[{"not_picked":["Lockon","Steam"],"picked":"Chill","floor":1},{"not_picked":["Go for the Eyes","Scrape"],"picked":"Skim","floor":3},{"not_picked":["Cold Snap","Steam"],"picked":"Defragment","floor":4},{"not_picked":["Darkness","Beam Cell"],"picked":"Chaos","floor":5},{"not_picked":["Compile Driver","Reprogram"],"picked":"Storm","floor":7},{"not_picked":["Beam Cell","Turbo"],"picked":"Chaos","floor":11},{"not_picked":["Auto Shields","Gash","Beam Cell"],"picked":"SKIP","floor":14},{"not_picked":["Creative AI","Core Surge"],"picked":"Electrodynamics","floor":16},{"not_picked":["Gash+1","Fusion"],"picked":"Loop","floor":18},{"not_picked":["Coolheaded","Gash+1"],"picked":"BootSequence","floor":19},{"not_picked":["Storm","Steam Power"],"picked":"Turbo","floor":20},{"not_picked":["Barrage","Hologram"],"picked":"Tempest+1","floor":22},{"not_picked":["Streamline","Aggregate","Amplify"],"picked":"SKIP","floor":24},{"not_picked":["Hologram","Conserve Battery"],"picked":"Defragment","floor":29},{"not_picked":["Lockon","Rebound"],"picked":"Redo","floor":30},{"not_picked":["Ball Lightning+1","Barrage+1"],"picked":"Coolheaded","floor":35},{"not_picked":["Storm+1","Turbo+1"],"picked":"Conserve Battery+1","floor":37},{"not_picked":["Streamline","Go for the Eyes"],"picked":"Loop+1","floor":42},{"not_picked":["Scrape+1","Stack","Rebound+1"],"picked":"SKIP","floor":44},{"not_picked":["Sweeping Beam+1","Undo","Gash+1"],"picked":"SKIP","floor":45}],"player_experience":250969,"relics_obtained":[{"floor":9,"key":"StoneCalendar"},{"floor":24,"key":"Unceasing Top"},{"floor":26,"key":"Toy Ornithopter"},{"floor":37,"key":"WingedGreaves"},{"floor":43,"key":"Molten Egg 2"},{"floor":46,"key":"Akabeko"}],"event_choices":[{"damage_healed":0,"gold_gain":0,"player_choice":"Gave Potion","damage_taken":0,"relics_obtained":["Cables"],"max_hp_gain":0,"max_hp_loss":0,"event_name":"WeMeetAgain","floor":2,"gold_loss":0},{"damage_healed":0,"gold_gain":0,"player_choice":"Shed Blood","damage_taken":19,"max_hp_gain":5,"max_hp_loss":0,"event_name":"Forgotten Altar","floor":27,"gold_loss":0},{"damage_healed":0,"gold_gain":0,"player_choice":"Fight","damage_taken":0,"max_hp_gain":0,"max_hp_loss":0,"event_name":"Colosseum","floor":31,"gold_loss":0},{"damage_healed":0,"gold_gain":0,"player_choice":"Fled From Nobs","damage_taken":0,"max_hp_gain":0,"max_hp_loss":0,"event_name":"Colosseum","floor":31,"gold_loss":0},{"cards_removed":["Lockon"],"damage_healed":0,"gold_gain":0,"player_choice":"Removed Attack","damage_taken":0,"max_hp_gain":0,"max_hp_loss":0,"event_name":"Falling","floor":36,"gold_loss":0},{"damage_healed":0,"gold_gain":0,"player_choice":"Fight","damage_taken":0,"max_hp_gain":0,"max_hp_loss":0,"event_name":"Mysterious Sphere","floor":37,"gold_loss":0},{"damage_healed":0,"gold_gain":0,"player_choice":"Memory 1","damage_taken":0,"max_hp_gain":0,"max_hp_loss":0,"event_name":"SensoryStone","floor":39,"gold_loss":0},{"damage_healed":0,"gold_gain":0,"player_choice":"0 cards matched","damage_taken":0,"max_hp_gain":0,"max_hp_loss":0,"event_name":"Match and Keep!","floor":48,"gold_loss":0,"cards_obtained":[]}],"is_beta":false,"boss_relics":[{"not_picked":["Cursed Key","FrozenCore"],"picked":"Pandora\u0027s Box"},{"not_picked":["Runic Pyramid","Philosopher\u0027s Stone"],"picked":"Fusion Hammer"}],"items_purged_floors":[10,13,21,41],"is_endless":false,"potions_floor_spawned":[1,7,11,14,18,22,24,33,37,45],"ascension_level":0}}