{"host":"2nhpogk5xa0u9xre","time":1608526293,"event":{"mods":["Aspiration","BaseMod","Colored Powertips","Googly Eyes","Hubris","Infinite Spire","Minty Spire (QoL Compilation)","Rare Cards Sparkle","Replay The Spire","StSLib","The Construct","The Hayseed","The Hierophant","The Runesmith","everything is the same but u backflip on backflip"],"gold_per_floor":[111,125,125,140,154,197,197,321,321,346,371,371,390,390,390,511,511,451,451,467,467,567,567,586,8,8,8,8],"floor_reached":27,"playtime":1160,"items_purged":[],"score":215,"play_id":"b814b0ef-dd01-49f5-8716-61c955469910","local_time":"20201220235133","is_ascension_mode":false,"campfire_choices":[{"floor":12,"key":"REST"},{"floor":15,"key":"REST"},{"data":"construct:Stasis","floor":23,"key":"SMITH"}],"circlet_count":0,"master_deck":["construct:Strike_Gold","construct:Strike_Gold","construct:Strike_Gold","construct:Strike_Gold","construct:Strike_Gold","construct:Defend_Gold","construct:Defend_Gold","construct:Defend_Gold","construct:Defend_Gold","construct:Defend_Gold","construct:AttackMode","construct:DefenseMode","Injury","construct:Boost","construct:Stasis+1","construct:LongRangeLance","construct:Reinforce+1","hubris:DuctTapeCard","Replay:Fractal Strike","construct:Failsafe+1","construct:BatteryAcid"],"relics":["hubris:Stopwatch","Bloody Idol","hubris:SlimyHat","hubris:MobiusCoin","Runesmith:Nanobots","aspiration:RunicSpoon","hubris:DuctTape","Runesmith:UraniumAnvil","Iron Hammer","Replay:Bottled Eggs","Bird Faced Urn"],"acts_visited":["Exordium","TheCity"],"potions_floor_usage":[6,16,18,24],"damage_taken":[{"damage":0,"enemies":"Small Slimes","floor":1,"turns":6},{"damage":0,"enemies":"2 Louse","floor":2,"turns":4},{"damage":5,"enemies":"Cultist","floor":4,"turns":4},{"damage":14,"enemies":"2 Fungi Beasts","floor":5,"turns":5},{"damage":35,"enemies":"Gremlin Nob","floor":6,"turns":4},{"damage":14,"enemies":"Red Slaver","floor":8,"turns":8},{"damage":6,"enemies":"Looter","floor":10,"turns":4},{"damage":10,"enemies":"Blue Slaver","floor":11,"turns":5},{"damage":13,"enemies":"Large Slime","floor":13,"turns":6},{"damage":27,"enemies":"Hexaghost","floor":16,"turns":22},{"damage":7,"enemies":"2 Thieves","floor":18,"turns":4},{"damage":40,"enemies":"Spheric Guardian","floor":20,"turns":6},{"damage":39,"enemies":"Snake Plant","floor":24,"turns":7},{"damage":21,"enemies":"Book of Stabbing","floor":27,"turns":4}],"seed_played":"3887543154748286190","potions_obtained":[{"floor":1,"key":"Toxic Potion"},{"floor":6,"key":"FairyPotion"},{"floor":13,"key":"Dexterity Potion"},{"floor":16,"key":"Energy Potion"},{"floor":20,"key":"Energy Potion"}],"is_trial":false,"path_per_floor":["M","M","?","M","M","E","?","M","T","M","M","R","M","?","R","B",null,"M","?","M","AVR","?","R","M","$","T","E"],"character_chosen":"THE_CONSTRUCT_MOD","items_purchased":["Iron Hammer","Replay:Bottled Eggs","construct:BatteryAcid"],"campfire_rested":2,"item_purchase_floors":[25,25,25],"current_hp_per_floor":[85,85,85,80,66,31,31,17,17,11,1,26,13,13,38,11,85,78,78,43,43,48,48,14,14,14,0,0],"gold":8,"neow_bonus":"BOSS_RELIC","is_daily":false,"chose_seed":false,"campfire_upgraded":1,"win_rate":0.0,"timestamp":1608526293,"path_taken":["M","M","?","M","M","E","?","M","T","M","M","R","?","?","R","BOSS","M","?","M","AVR","?","R","?","$","T","E"],"items_purchased_type":["Relic","Relic","Card"],"build_version":"2020-12-13","purchased_purges":0,"victory":false,"max_hp_per_floor":[85,85,85,85,85,85,85,85,85,85,85,85,85,85,85,85,85,85,85,85,85,85,85,85,85,85,85,85],"card_choices":[{"not_picked":["construct:Forcefield","construct:SweepLaser","construct:Overcharge"],"picked":"SKIP","floor":1},{"not_picked":["construct:Boost","construct:SuppressiveFire"],"picked":"construct:Forcefield","floor":2},{"not_picked":["construct:FocusedBeam","construct:Boost","construct:Anticipate"],"picked":"SKIP","floor":4},{"not_picked":["construct:ScrapCannon","construct:FierceBash"],"picked":"construct:Stasis","floor":5},{"not_picked":["construct:FierceBash","construct:Forcefield"],"picked":"construct:Boost","floor":6},{"not_picked":["construct:Autoturret","construct:Construct_Overclock"],"picked":"construct:Stasis","floor":8},{"not_picked":["construct:QuickAttack","construct:GoldenBullet","construct:FocusedBeam"],"picked":"SKIP","floor":10},{"not_picked":["construct:Construct_Overclock","construct:SweepLaser","construct:Anticipate"],"picked":"SKIP","floor":11},{"not_picked":["construct:Versatility","construct:SuppressiveFire","construct:Impenetrable"],"picked":"SKIP","floor":13},{"not_picked":["construct:ShieldGenerator","construct:Multistage"],"picked":"construct:LongRangeLance","floor":16},{"not_picked":["construct:HeavyBolt+1","construct:ShiftStrike","construct:Electrocute+1"],"picked":"SKIP","floor":18},{"not_picked":["construct:SaveState","construct:Tumble+1"],"picked":"construct:Reinforce","floor":20},{"not_picked":["construct:ScrapCannon+1","construct:HeavyBolt+1"],"picked":"construct:Failsafe+1","floor":24}],"player_experience":189130,"relics_obtained":[{"floor":6,"key":"hubris:SlimyHat"},{"floor":9,"key":"Runesmith:Nanobots"},{"floor":26,"key":"Bird Faced Urn"}],"event_choices":[{"damage_healed":0,"gold_gain":0,"player_choice":"Take Wound","damage_taken":0,"relics_obtained":["Golden Idol"],"max_hp_gain":0,"max_hp_loss":0,"event_name":"Golden Idol","floor":3,"gold_loss":0,"cards_obtained":["Injury"]},{"damage_healed":0,"gold_gain":0,"player_choice":"Gave Potion","damage_taken":0,"relics_obtained":["hubris:MobiusCoin"],"max_hp_gain":0,"max_hp_loss":0,"event_name":"WeMeetAgain","floor":7,"gold_loss":0},{"damage_healed":0,"gold_gain":0,"player_choice":"Forge","damage_taken":0,"max_hp_gain":0,"max_hp_loss":0,"event_name":"Accursed Blacksmith","floor":14,"gold_loss":0,"cards_upgraded":["construct:Stasis"]},{"damage_healed":0,"gold_gain":0,"player_choice":"Gave Idol","damage_taken":0,"relics_obtained":["Bloody Idol"],"max_hp_gain":0,"max_hp_loss":0,"event_name":"Forgotten Altar","floor":19,"relics_lost":["Golden Idol"],"gold_loss":0},{"damage_healed":0,"gold_gain":100,"player_choice":"Pray","damage_taken":0,"max_hp_gain":0,"max_hp_loss":0,"event_name":"Golden Shrine","floor":22,"gold_loss":0}],"is_beta":false,"boss_relics":[{"not_picked":["construct:WeddingRing","aspiration:SilentSkillbook"],"picked":"aspiration:RunicSpoon"}],"items_purged_floors":[],"is_endless":false,"potions_floor_spawned":[1,6,13,16,20],"killed_by":"Book of Stabbing","ascension_level":0}}