{"host":"llpusn9usp8rznkj","time":1608591073,"event":{"mods":["2.2 Compatiblity","Aspiration","BaseMod","Colored Map","Colored Powertips","Conspire","Hubris","Minty Spire (QoL Compilation)","Rare Cards Sparkle","Replay The Spire","StSLib","The Cursed"],"gold_per_floor":[112,130,130,153,153,194,194,194,194],"floor_reached":8,"playtime":384,"items_purged":[],"score":112,"play_id":"e7b36901-2533-4a18-9204-24c7c3a96bfe","local_time":"20201221175113","is_ascension_mode":true,"campfire_choices":[{"data":"Zap","floor":7,"key":"SMITH"}],"circlet_count":0,"master_deck":["AscendersBane","Strike_B","Strike_B","Strike_B","Strike_B","Defend_B","Defend_B","Defend_B","Defend_B","Zap+1","Dualcast","Cold Snap","aspiration:Polymerization","Hologram","Injury","FTL"],"relics":["Cracked Core","aspiration:Nostalgia","Sizzling Blood","Golden Idol","Frozen Egg 2","conspire:DeflatedDodgeball"],"acts_visited":["Exordium"],"potions_floor_usage":[8],"damage_taken":[{"damage":3,"enemies":"Small Slimes","floor":1,"turns":3},{"damage":3,"enemies":"2 Louse","floor":2,"turns":3},{"damage":0,"enemies":"Jaw Worm","floor":4,"turns":4},{"damage":52,"enemies":"3 Sentries","floor":6,"turns":13},{"damage":25,"enemies":"Lagavulin","floor":8,"turns":7}],"seed_played":"-3883854154756198739","potions_obtained":[{"floor":6,"key":"FocusPotion"}],"is_trial":false,"path_per_floor":["M","M","?","M","?","E","R","E"],"character_chosen":"DEFECT","items_purchased":[],"campfire_rested":0,"item_purchase_floors":[],"current_hp_per_floor":[69,70,68,68,68,20,20,0,0],"gold":194,"neow_bonus":"NOSTALGIA","is_daily":false,"chose_seed":false,"campfire_upgraded":1,"win_rate":0.0,"timestamp":1608591073,"path_taken":["M","M","?","M","?","E","R","E"],"items_purchased_type":[],"build_version":"2020-12-13","purchased_purges":0,"victory":false,"max_hp_per_floor":[75,75,68,68,68,68,68,68,68],"card_choices":[{"not_picked":["Panic Button","Compile Driver"],"picked":"Cold Snap","floor":1},{"not_picked":["Barrage","Compile Driver"],"picked":"aspiration:Polymerization","floor":2},{"not_picked":["Go for the Eyes","Sweeping Beam"],"picked":"Hologram","floor":4},{"not_picked":["Sweeping Beam","Redo"],"picked":"FTL","floor":6}],"player_experience":1107600,"relics_obtained":[{"floor":6,"key":"conspire:DeflatedDodgeball"}],"event_choices":[{"damage_healed":0,"gold_gain":0,"player_choice":"Lose Max HP","damage_taken":0,"relics_obtained":["Golden Idol"],"max_hp_gain":0,"max_hp_loss":7,"event_name":"Golden Idol","floor":3,"gold_loss":0}],"is_beta":false,"boss_relics":[],"items_purged_floors":[],"is_endless":false,"potions_floor_spawned":[6],"killed_by":"Lagavulin","ascension_level":20}}