{"host":"gtsam8qo3hezee2t","time":1608514241,"event":{"mods":["Ascension Reborn","BaseMod","Card Forge","Colored Map","Colored Powertips","Conspire","DeckTracker","Downfall","Energized Spire","Friendly Minions","Halation","Highlight Path","Hubris","Infinite Spire","Luminous","Minty Spire (QoL Compilation)","Random Character Mod","Relic Sorter","Relic Stats","Replay The Spire","Spikes Relics","StSLib","Td1madao Mod","The Wild Card"],"gold_per_floor":[113,125,334,334,354,354,372,384,384,411,427,378,378,378],"floor_reached":13,"playtime":1333,"items_purged":[],"score":87,"play_id":"fcee027e-1cdf-4048-abcb-e74155096ae3","local_time":"20201220203041","is_ascension_mode":true,"campfire_choices":[{"data":"theWildCard:Odin","floor":6,"key":"SMITH"}],"circlet_count":0,"master_deck":["theWildCard:BasicStrike","theWildCard:BasicStrike","theWildCard:BasicStrike","theWildCard:BasicStrike","theWildCard:BasicDefend","theWildCard:BasicDefend","theWildCard:BasicDefend","theWildCard:BasicDefend","theWildCard:CallToAdventure","theWildCard:Arsene","theWildCard:StingingStrike","theWildCard:Polydeuces","theWildCard:MagicMettle","theWildCard:Odin+1","theWildCard:MaskChange","theWildCard:Patience","theWildCard:Patience","theWildCard:SeveringSlash","theWildCard:MaskChange","theWildCard:Michael"],"relics":["theWildCard:VelvetContract","Hammer of Thor","Seething Fire","Anvil of the Gods","NeowsBlessing","Bird Faced Urn"],"acts_visited":["Exordium"],"potions_floor_usage":[13,13],"damage_taken":[{"damage":0,"enemies":"infinitespire:Voidling","floor":1,"turns":1},{"damage":0,"enemies":"conspire:RoseBush","floor":2,"turns":1},{"damage":0,"enemies":"Small Slimes","floor":5,"turns":2},{"damage":0,"enemies":"3 Louse","floor":7,"turns":8},{"damage":6,"enemies":"Gremlin Gang","floor":8,"turns":9},{"damage":21,"enemies":"Replay:BlueRogue","floor":10,"turns":12},{"damage":0,"enemies":"Exordium Wildlife","floor":11,"turns":4},{"damage":63,"enemies":"Gremlin Nob","floor":13,"turns":5}],"seed_played":"999428320835143086","potions_obtained":[{"floor":1,"key":"ColorlessPotion"},{"floor":5,"key":"SpeedPotion"}],"is_trial":false,"path_per_floor":["M","M","?","?","M","R","M","M","T","E","M","$","E"],"character_chosen":"THE_WILD_CARD","items_purchased":["theWildCard:Michael"],"campfire_rested":0,"item_purchase_floors":[12],"current_hp_per_floor":[60,60,45,45,45,45,45,39,39,18,18,18,0,0],"gold":378,"neow_bonus":"THREE_ENEMY_KILL","is_daily":false,"chose_seed":false,"campfire_upgraded":1,"win_rate":0.0,"timestamp":1608514241,"path_taken":["M","?","?","?","M","R","M","M","T","E","M","$","E"],"items_purchased_type":["Card"],"build_version":"2020-12-13","purchased_purges":0,"victory":false,"max_hp_per_floor":[60,60,60,60,60,60,60,60,60,60,60,60,60,60],"relic_stats":{"counters":[8,42],"Bird Faced Urn":[0],"obtain_stats":[{"theWildCard:VelvetContract":0,"NeowsBlessing":0,"Anvil of the Gods":0,"Bird Faced Urn":10,"Hammer of Thor":0,"Seething Fire":0},{"theWildCard:VelvetContract":0,"NeowsBlessing":0,"Anvil of the Gods":0,"Bird Faced Urn":6,"Hammer of Thor":0,"Seething Fire":0},{"theWildCard:VelvetContract":0,"NeowsBlessing":0,"Anvil of the Gods":0,"Bird Faced Urn":33,"Hammer of Thor":0,"Seething Fire":0}]},"card_choices":[{"not_picked":["theWildCard:TheGreatSeal","theWildCard:Unburden"],"picked":"theWildCard:StingingStrike","floor":1},{"not_picked":["theWildCard:SacrificialStroke","theWildCard:Unburden"],"picked":"theWildCard:Polydeuces","floor":2},{"not_picked":["theWildCard:TheGreatSeal","theWildCard:ArchaicAssault"],"picked":"theWildCard:MagicMettle","floor":3},{"not_picked":["theWildCard:Attunement","theWildCard:EnergizedStroke"],"picked":"theWildCard:MaskChange","floor":5},{"not_picked":["theWildCard:Unburden","theWildCard:PaleRider"],"picked":"theWildCard:Patience","floor":7},{"not_picked":["theWildCard:Deicide","theWildCard:StingingStrike"],"picked":"theWildCard:Patience","floor":8},{"not_picked":["theWildCard:Unburden","theWildCard:MasterPlan"],"picked":"theWildCard:SeveringSlash","floor":10},{"not_picked":["theWildCard:Proficiency","theWildCard:Sakuya"],"picked":"theWildCard:MaskChange","floor":11}],"player_experience":729335,"relics_obtained":[{"floor":10,"key":"Bird Faced Urn"}],"event_choices":[],"is_beta":false,"boss_relics":[],"items_purged_floors":[],"is_endless":false,"potions_floor_spawned":[1,5,10,11],"killed_by":"Gremlin Nob","ascension_level":0}}