{"host":"fne7yx97fnz7kq05","time":1608590392,"event":{"mods":["BaseMod","Colored Map","Colored Powertips","Highlight Path","Minty Spire (QoL Compilation)","Relic Stats"],"gold_per_floor":[359,309,319,319,64,104,104,145,145,145,165,204,204,243,255,390,402,428,458,470,397,13,57,57,91,139,139,139,153,153,197,197,325,325,346,360,33,366,366,393,393,420,420,420,470,497,497,513,513,513,513,513,11,38,38],"floor_reached":56,"playtime":4204,"items_purged":["Strike_B","Strike_B","Ball Lightning"],"score":1627,"play_id":"5463bc66-72d8-4802-a246-5021ea8d0057","local_time":"20201221163952","is_ascension_mode":true,"campfire_choices":[{"data":"Electrodynamics","floor":7,"key":"SMITH"},{"data":"Hologram","floor":15,"key":"SMITH"},{"data":"Turbo","floor":24,"key":"SMITH"},{"data":"Turbo","floor":27,"key":"SMITH"},{"data":"Echo Form","floor":30,"key":"SMITH"},{"data":"Hologram","floor":32,"key":"SMITH"},{"floor":41,"key":"RECALL"},{"data":"Multi-Cast","floor":44,"key":"SMITH"},{"floor":49,"key":"REST"},{"data":"Biased Cognition","floor":52,"key":"SMITH"}],"circlet_count":0,"master_deck":["Defend_B","Defend_B","Defend_B","Defend_B","Zap","Dualcast","Beam Cell","Sweeping Beam","Cold Snap","Leap","Electrodynamics+1","Compile Driver+1","Turbo+1","Doom and Gloom","Conserve Battery","Hologram+1","Echo Form+1","Auto Shields+1","Double Energy+1","Glacier","Turbo+1","Conserve Battery","Stack+1","Lockon+1","Necronomicurse","Reinforced Body","Hologram+1","Biased Cognition+1","Chill","Leap+1","Multi-Cast+1","Good Instincts","Steam+1","Glacier+1","Seek","Capacitor"],"relics":["Cracked Core","Bag of Preparation","Bird Faced Urn","Dream Catcher","Prayer Wheel","Pear","MawBank","Runic Pyramid","Art of War","Gremlin Horn","Tiny Chest","Du-Vu Doll","Orichalcum","Necronomicon","Mercury Hourglass","SlaversCollar","ClockworkSouvenir","Strawberry","Ancient Tea Set","Ornamental Fan","Juzu Bracelet","Kunai","Oddly Smooth Stone","Lee\u0027s Waffle","Boot"],"acts_visited":["Exordium","TheCity","TheBeyond","TheEnding"],"potions_floor_usage":[16,16,55,55],"damage_taken":[{"damage":2,"enemies":"Small Slimes","floor":1,"turns":3},{"damage":1,"enemies":"Cultist","floor":3,"turns":3},{"damage":23,"enemies":"Lagavulin","floor":6,"turns":7},{"damage":0,"enemies":"Gremlin Nob","floor":8,"turns":3},{"damage":4,"enemies":"Jaw Worm","floor":11,"turns":3},{"damage":2,"enemies":"3 Sentries","floor":12,"turns":2},{"damage":14,"enemies":"Gremlin Nob","floor":14,"turns":3},{"damage":40,"enemies":"The Guardian","floor":16,"turns":12},{"damage":21,"enemies":"Shell Parasite","floor":18,"turns":7},{"damage":0,"enemies":"Spheric Guardian","floor":19,"turns":4},{"damage":0,"enemies":"Gremlin Leader","floor":23,"turns":5},{"damage":4,"enemies":"Book of Stabbing","floor":25,"turns":6},{"damage":0,"enemies":"Snecko","floor":29,"turns":4},{"damage":4,"enemies":"Gremlin Leader","floor":31,"turns":5},{"damage":7,"enemies":"Champ","floor":33,"turns":11},{"damage":2,"enemies":"3 Shapes","floor":35,"turns":3},{"damage":33,"enemies":"3 Darklings","floor":36,"turns":4},{"damage":4,"enemies":"Giant Head","floor":40,"turns":7},{"damage":0,"enemies":"Reptomancer","floor":42,"turns":6},{"damage":0,"enemies":"Nemesis","floor":46,"turns":9},{"damage":8,"enemies":"Writhing Mass","floor":48,"turns":4},{"damage":0,"enemies":"Time Eater","floor":50,"turns":9},{"damage":13,"enemies":"Shield and Spear","floor":54,"turns":6},{"damage":31,"enemies":"The Heart","floor":55,"turns":11}],"seed_played":"-1073481686961711535","potions_obtained":[{"floor":6,"key":"LiquidBronze"},{"floor":8,"key":"SkillPotion"},{"floor":14,"key":"SpeedPotion"},{"floor":16,"key":"EssenceOfDarkness"},{"floor":23,"key":"Dexterity Potion"},{"floor":29,"key":"BlessingOfTheForge"},{"floor":31,"key":"FocusPotion"}],"is_trial":false,"path_per_floor":["M","?","M","?","$","E","R","E","T","?","M","E","?","E","R","B",null,"M","M","T","?","$","E","R","E","T","R","?","M","R","E","R","B",null,"M","M","$","?","?","E","R","E","T","R","T","E","?","M","R","B",null,"R","$","E","B",null],"character_chosen":"DEFECT","items_purchased":["Bag of Preparation","Cold Snap","Leap","Turbo","Gremlin Horn","Conserve Battery","ClockworkSouvenir","PotionOfCapacity","Capacitor","Oddly Smooth Stone","Lee\u0027s Waffle"],"campfire_rested":1,"item_purchase_floors":[5,5,5,22,22,22,37,37,53,53,53],"current_hp_per_floor":[73,73,72,69,69,46,46,48,48,48,44,54,54,42,42,4,79,60,60,60,60,60,64,64,62,62,62,46,50,50,48,48,45,79,79,52,52,52,42,53,53,59,59,59,59,63,63,59,84,86,86,86,93,86,61],"gold":38,"neow_bonus":"TWO_FIFTY_GOLD","is_daily":false,"chose_seed":false,"campfire_upgraded":8,"win_rate":0.0,"timestamp":1608590392,"path_taken":["M","?","M","?","$","E","R","E","T","?","M","E","?","E","R","BOSS","M","?","?","?","$","E","R","E","T","R","?","M","R","E","R","BOSS","M","M","$","?","?","E","R","E","T","R","?","E","?","M","R","BOSS","R","$","E","BOSS"],"items_purchased_type":["Relic","Card","Card","Card","Relic","Card","Relic","Potion","Card","Relic","Relic"],"build_version":"2020-12-13","purchased_purges":3,"victory":true,"max_hp_per_floor":[75,75,75,69,69,69,69,69,69,69,69,79,79,79,79,79,79,79,79,79,79,79,79,79,79,79,79,79,79,79,79,79,79,79,79,79,79,79,79,86,86,86,86,86,86,86,86,86,86,86,86,86,93,93,93],"relic_stats":{"Lee\u0027s Waffle":7,"Gremlin Horn":[19,21],"counters":[24,137],"Bag of Preparation":[44],"Juzu Bracelet":1,"Orichalcum":[24],"MawBank":96,"Boot":[2],"Mercury Hourglass":[232],"Dream Catcher":1,"Ornamental Fan":[28],"Bird Faced Urn":[70],"Prayer Wheel":7,"Tiny Chest":1,"Art of War":[35],"Necronomicon":[11],"Kunai":[5],"obtain_stats":[{"Gremlin Horn":22,"Bag of Preparation":5,"Juzu Bracelet":45,"Ancient Tea Set":42,"Boot":54,"ClockworkSouvenir":37,"Dream Catcher":8,"Strawberry":40,"Prayer Wheel":9,"Tiny Chest":23,"Necronomicon":28,"Kunai":46,"Cracked Core":0,"Runic Pyramid":17,"Lee\u0027s Waffle":53,"Pear":12,"Golden Idol":4,"Oddly Smooth Stone":53,"Orichalcum":26,"MawBank":14,"Mercury Hourglass":31,"Du-Vu Doll":25,"SlaversCollar":34,"Ornamental Fan":43,"Bird Faced Urn":6,"Art of War":21},{"Gremlin Horn":10,"Bag of Preparation":2,"Juzu Bracelet":19,"Ancient Tea Set":19,"Boot":23,"ClockworkSouvenir":17,"Dream Catcher":4,"Strawberry":18,"Prayer Wheel":4,"Tiny Chest":11,"Necronomicon":12,"Kunai":20,"Cracked Core":0,"Runic Pyramid":8,"Lee\u0027s Waffle":22,"Pear":6,"Golden Idol":2,"Oddly Smooth Stone":22,"Orichalcum":12,"MawBank":7,"Mercury Hourglass":14,"Du-Vu Doll":12,"SlaversCollar":15,"Ornamental Fan":19,"Bird Faced Urn":3,"Art of War":10},{"Gremlin Horn":47,"Bag of Preparation":6,"Juzu Bracelet":98,"Ancient Tea Set":98,"Boot":126,"ClockworkSouvenir":85,"Dream Catcher":16,"Strawberry":92,"Prayer Wheel":16,"Tiny Chest":52,"Necronomicon":58,"Kunai":107,"Cracked Core":0,"Runic Pyramid":36,"Lee\u0027s Waffle":120,"Pear":21,"Golden Idol":6,"Oddly Smooth Stone":120,"Orichalcum":58,"MawBank":24,"Mercury Hourglass":67,"Du-Vu Doll":58,"SlaversCollar":78,"Ornamental Fan":98,"Bird Faced Urn":13,"Art of War":47}]},"card_choices":[{"not_picked":["Turbo","Barrage"],"picked":"Beam Cell","floor":1},{"not_picked":["Coolheaded","Blizzard"],"picked":"Sweeping Beam","floor":3},{"not_picked":["Steam","Redo"],"picked":"Electrodynamics","floor":6},{"not_picked":["Hologram","Turbo"],"picked":"Compile Driver","floor":8},{"not_picked":["Gash","Turbo"],"picked":"Ball Lightning","floor":11},{"not_picked":["Skim","Stack"],"picked":"Turbo","floor":11},{"not_picked":["Hologram","Streamline"],"picked":"Doom and Gloom","floor":12},{"not_picked":["Amplify","Go for the Eyes"],"picked":"Hologram","floor":14},{"not_picked":["Rainbow","Seek"],"picked":"Echo Form","floor":16},{"not_picked":["Compile Driver","Cold Snap"],"picked":"Auto Shields+1","floor":18},{"not_picked":["Scrape","Beam Cell","Redo"],"picked":"SKIP","floor":18},{"not_picked":["Creative AI","Hologram+1"],"picked":"Double Energy+1","floor":19},{"not_picked":["Sweeping Beam","Redo+1"],"picked":"Glacier","floor":19},{"not_picked":["Barrage","Amplify"],"picked":"Stack+1","floor":23},{"not_picked":["Amplify","Steam"],"picked":"Lockon+1","floor":25},{"not_picked":["Undo","Ball Lightning+1"],"picked":"Reinforced Body","floor":29},{"not_picked":["Double Energy","Hello World","Go for the Eyes"],"picked":"SKIP","floor":29},{"not_picked":["Ball Lightning","White Noise"],"picked":"Hologram","floor":31},{"not_picked":["Fission","Electrodynamics"],"picked":"Biased Cognition","floor":33},{"not_picked":["Scrape","Streamline"],"picked":"Chill","floor":35},{"not_picked":["Rebound","Steam Power+1"],"picked":"Leap+1","floor":35},{"not_picked":["Coolheaded+1","Gash"],"picked":"Multi-Cast","floor":36},{"not_picked":["Hologram","Ball Lightning+1","Scrape+1"],"picked":"SKIP","floor":36},{"not_picked":["Swift Strike","Mayhem"],"picked":"Good Instincts","floor":39},{"not_picked":["Hello World+1","Reprogram+1"],"picked":"Steam+1","floor":40},{"not_picked":["Gash","Turbo+1","Go for the Eyes+1"],"picked":"SKIP","floor":42},{"not_picked":["Coolheaded+1","Tempest"],"picked":"Glacier+1","floor":46},{"not_picked":["Leap","Beam Cell","Doom and Gloom+1"],"picked":"SKIP","floor":48},{"not_picked":["Hologram","Cold Snap","Steam"],"picked":"SKIP","floor":48},{"not_picked":["Go for the Eyes","Barrage+1","Multi-Cast"],"picked":"SKIP","floor":54}],"player_experience":135251,"relics_obtained":[{"floor":6,"key":"Bird Faced Urn"},{"floor":8,"key":"Dream Catcher"},{"floor":9,"key":"Prayer Wheel"},{"floor":12,"key":"Pear"},{"floor":14,"key":"MawBank"},{"floor":23,"key":"Tiny Chest"},{"floor":25,"key":"Du-Vu Doll"},{"floor":26,"key":"Orichalcum"},{"floor":28,"key":"Necronomicon"},{"floor":31,"key":"Mercury Hourglass"},{"floor":40,"key":"Strawberry"},{"floor":42,"key":"Ancient Tea Set"},{"floor":43,"key":"Ornamental Fan"},{"floor":45,"key":"Juzu Bracelet"},{"floor":46,"key":"Kunai"},{"floor":54,"key":"Boot"}],"event_choices":[{"cards_removed":["Regret"],"damage_healed":0,"gold_gain":0,"player_choice":"Card Removal","damage_taken":0,"max_hp_gain":0,"max_hp_loss":0,"event_name":"The Cleric","floor":2,"gold_loss":50},{"damage_healed":0,"gold_gain":0,"player_choice":"Lose Max HP","damage_taken":0,"relics_obtained":["Golden Idol"],"max_hp_gain":0,"max_hp_loss":6,"event_name":"Golden Idol","floor":4,"gold_loss":0},{"damage_healed":0,"gold_gain":0,"player_choice":"Grow","damage_taken":0,"max_hp_gain":0,"max_hp_loss":0,"event_name":"Living Wall","floor":10,"gold_loss":0,"cards_upgraded":["Compile Driver"]},{"damage_healed":0,"gold_gain":0,"cards_transformed":["Strike_B"],"player_choice":"Transformed","damage_taken":0,"max_hp_gain":0,"max_hp_loss":0,"event_name":"Transmorgrifier","floor":13,"gold_loss":0,"cards_obtained":["Conserve Battery"]},{"damage_healed":0,"gold_gain":0,"player_choice":"Obtained Relic","damage_taken":0,"relics_obtained":["Art of War"],"max_hp_gain":0,"max_hp_loss":0,"event_name":"Addict","floor":21,"gold_loss":85},{"damage_healed":0,"gold_gain":0,"player_choice":"Obtained Book","damage_taken":16,"max_hp_gain":0,"max_hp_loss":0,"event_name":"Cursed Tome","floor":28,"gold_loss":0},{"damage_healed":0,"gold_gain":333,"player_choice":"Gave Idol","damage_taken":0,"max_hp_gain":0,"max_hp_loss":0,"event_name":"The Moai Head","floor":38,"relics_lost":["Golden Idol"],"gold_loss":0},{"damage_healed":0,"gold_gain":0,"player_choice":"Memory 3","damage_taken":10,"max_hp_gain":0,"max_hp_loss":0,"event_name":"SensoryStone","floor":39,"gold_loss":0},{"damage_healed":0,"gold_gain":0,"cards_transformed":["Strike_B"],"player_choice":"Transformed","damage_taken":0,"max_hp_gain":0,"max_hp_loss":0,"event_name":"Transmorgrifier","floor":47,"gold_loss":0,"cards_obtained":["Seek"]}],"is_beta":false,"boss_relics":[{"not_picked":["Velvet Choker","Coffee Dripper"],"picked":"Runic Pyramid"},{"not_picked":["Tiny House","Runic Dome"],"picked":"SlaversCollar"}],"items_purged_floors":[22,37,53],"is_endless":false,"potions_floor_spawned":[6,8,14,16,23,29,31,40,46],"ascension_level":2}}