{"host":"c1oza4x7xlyuasvd","time":1608538168,"event":{"mods":["ATMod(°¢èªMod)","Act Like it!","BaseMod","Better Vampires","Colored Powertips","Friendly Minions","Gensokyo","Minty Spire (QoL Compilation)","MostiFishMod","Pale of the Ancients","Replay The Spire","RumiaBox-Â¶Ã×æ«µÄÉñÃØºÐ×Ó","StSLib","TestMod","Waifu the Spire","¡¾¹¦ÄÜMod¡¿»ìãçÖ®»·ÐÞ¸´²¹¶¡","¡¾ÒÅÎï¿¨ÅÆ¡¿REMEMod"],"gold_per_floor":[115,40,40,50,50,50,84,4,4,20,51,71,91,166,166,263,263,282,282,302,323,71,213,225,276,288,300,237,283,317,354,366,457,469,498,526,565,565],"floor_reached":37,"playtime":1669,"items_purged":["Strike_R","Strike_R"],"score":1256,"play_id":"ac8d135a-6068-40c2-89a9-2d42f453f100","local_time":"20201221160928","is_ascension_mode":true,"campfire_choices":[{"data":"testmod-Collector","floor":6,"key":"SMITH"},{"data":"AT_FamilyPortrait","floor":15,"key":"SMITH"},{"data":"AT_GerminateFire","floor":24,"key":"SMITH"},{"data":"ReplayTheSpireMod:Strike From Hell","floor":27,"key":"SMITH"},{"data":"MostiFishMod:Listen","floor":32,"key":"SMITH"}],"circlet_count":0,"master_deck":["AscendersBane","Strike_R","Strike_R","Defend_R","Defend_R","Defend_R","Defend_R+1","Bash","MostiFishMod:RacingGame+1","AT_FamilyPortrait+1","ReplayTheSpireMod:Strike From Hell+1","testmod-Collector+1","MostiFishMod:UniGreen+1","AT_GerminateFire+1","Feel No Pain","MostiFishMod:Listen+1","MostiFishMod:WingOfPhoenix","Clumsy","CommonCold","Acrobatics+1"],"relics":["Burning Blood","testmod-TestBox","AT_ATBox","DaveBox","REME_ComplimentaryCards","BirthdayGift-Icosahedron","testmod-Recursion","NeowsBlessing","Question Card","PrismaticShard","Ccalipers","testmod-Acrobat","Replay:Wax Seal","HornCleat","Lizard Tail","ImportantClient","HereWithMe","OrangePellets","MawBank","Mummified Hand","testmod-Nyarlathotep","Prayer Wheel","REME_PuzzleBoxRelic","Replay:Ancient Bell","AT_RedTearstoneRing","ReplayTheSpireMod:Ninjato","Durian"],"acts_visited":["Exordium","TheCity","TheBeyond"],"potions_floor_usage":[],"damage_taken":[{"damage":0,"enemies":"Jaw Worm","floor":1,"turns":1},{"damage":0,"enemies":"2 Louse","floor":4,"turns":1},{"damage":0,"enemies":"3 Sentries","floor":7,"turns":1},{"damage":0,"enemies":"Small Slimes","floor":10,"turns":1},{"damage":0,"enemies":"Lagavulin","floor":11,"turns":2},{"damage":0,"enemies":"3 Louse","floor":12,"turns":2},{"damage":0,"enemies":"Exordium Wildlife","floor":13,"turns":1},{"damage":6,"enemies":"Fading Forest","floor":16,"turns":10},{"damage":0,"enemies":"3 Byrds","floor":18,"turns":2},{"damage":0,"enemies":"Spheric Guardian","floor":20,"turns":2},{"damage":0,"enemies":"Shelled Parasite and Fungi","floor":21,"turns":2},{"damage":0,"enemies":"Book of Stabbing","floor":23,"turns":2},{"damage":0,"enemies":"REME_1_Revenger","floor":25,"turns":3},{"damage":0,"enemies":"Slavers","floor":29,"turns":1},{"damage":0,"enemies":"3 Cultists","floor":30,"turns":1},{"damage":0,"enemies":"Automaton","floor":33,"turns":1},{"damage":0,"enemies":"3 Shapes","floor":35,"turns":1},{"damage":0,"enemies":"Orb Walker","floor":36,"turns":1},{"damage":160,"enemies":"Maw","floor":37,"turns":1}],"seed_played":"-335611580064550604","potions_obtained":[{"floor":11,"key":"Fire Potion"},{"floor":12,"key":"Adrenaline Potion"}],"is_trial":false,"path_per_floor":["M","$","?","M","?","R","E","$","T","M","E","M","M","?","R","B",null,"M","?","M","M","$","E","R","E","T","R","?","E","M","T","R","B",null,"M","M","M"],"character_chosen":"IRONCLAD","items_purchased":["Replay:Wax Seal","OrangePellets","Feel No Pain"],"campfire_rested":0,"item_purchase_floors":[8,22,22],"current_hp_per_floor":[75,75,52,59,41,41,48,48,48,55,62,69,75,64,64,69,74,75,75,75,75,75,75,75,75,75,75,75,75,75,75,75,75,80,80,80,47,47],"gold":565,"neow_bonus":"THREE_ENEMY_KILL","is_daily":false,"chose_seed":false,"campfire_upgraded":5,"win_rate":0.0,"timestamp":1608538168,"path_taken":["M","$","?","M","?","R","E","$","T","M","E","M","M","?","R","BOSS","M","?","?","M","$","E","R","E","T","R","?","E","M","?","R","BOSS","M","?","M"],"items_purchased_type":["Relic","Relic","Card"],"build_version":"2020-12-13","purchased_purges":2,"victory":false,"max_hp_per_floor":[75,75,75,75,75,75,75,75,75,75,75,75,75,75,75,75,75,75,75,75,75,75,75,75,75,75,75,75,75,75,75,75,75,80,80,80,80,80],"card_choices":[{"not_picked":["Wild Strike","Second Wind"],"picked":"ReplayTheSpireMod:Strike From Hell","floor":1},{"not_picked":["ThirdEye","FearNoEvil","Rebound"],"picked":"testmod-Collector","floor":4},{"not_picked":["BowlingBash","Sanctity","MostiFishMod:LegendTransform","Hidden Blade"],"picked":"SKIP","floor":7},{"not_picked":["Armaments","Outmaneuver","Leap","AT_ThunderBolt"],"picked":"SKIP","floor":10},{"not_picked":["Reckless Charge","Flame Barrier","AT_OneInchPunch","Flex"],"picked":"SKIP","floor":11},{"not_picked":["MentalFortress","BowlingBash","FlurryOfBlows","Trip"],"picked":"SKIP","floor":12},{"not_picked":["Metamorphosis","True Grit","REME_GreenPollution","Flying Knee"],"picked":"SKIP","floor":13},{"not_picked":["Wraith Form v2","MostiFishMod:Nova","DevaForm"],"picked":"MostiFishMod:UniGreen","floor":16},{"not_picked":["AT_IchimonjiDouble","Rage","Run Through"],"picked":"AT_GerminateFire","floor":18},{"not_picked":["Meditate","Replay:Hum","Twin Strike","Replay:Undeath\u0027s Touch"],"picked":"SKIP","floor":20},{"not_picked":["Prepared","Poisoned Stab","Go for the Eyes","testmod-PainDetonator"],"picked":"SKIP","floor":21},{"not_picked":["FearNoEvil","Panic Button","Twin Strike","Catalyst"],"picked":"SKIP","floor":23},{"not_picked":["Beam Cell","Blind","Panic Button"],"picked":"MostiFishMod:Listen","floor":25},{"not_picked":["Concentrate+1","REME_Compress+1","REME_FearOfPain"],"picked":"ReplayTheSpireMod:Fabricate Wheel","floor":29},{"not_picked":["Reckless Charge","AT_StudyProgram","ClearTheMind","Underhanded Strike"],"picked":"SKIP","floor":30},{"not_picked":["WindmillStrike","Cloak And Dagger+1","Cleave","ReplayTheSpireMod:Strike From Hell"],"picked":"SKIP","floor":30},{"not_picked":["Bludgeon","MostiFishMod:Distribution","MostiFishMod:StarOceanP"],"picked":"MostiFishMod:WingOfPhoenix","floor":33},{"not_picked":["CommonCold","Parasite","Delirium"],"picked":"Clumsy","floor":34},{"not_picked":["Shame","ReplayTheSpireMod:Faulty Equipment","Delirium"],"picked":"CommonCold","floor":34},{"not_picked":["ReplayTheSpireMod:Splinters","Overencumbered","Overencumbered"],"picked":"ReplayTheSpireMod:Doomed","floor":34},{"not_picked":["Weave","MostiFishMod:ReprogramOld","Warcry+1","Clash+1"],"picked":"SKIP","floor":35},{"not_picked":["ReplayTheSpireMod:Exploit Weakness","AT_IchimonjiDouble","PiercingWail+1","MostiFishMod:BrandingRite"],"picked":"SKIP","floor":35},{"not_picked":["Wild Strike+1","FollowUp","testmod-Provocation"],"picked":"Acrobatics+1","floor":36},{"not_picked":["Time Bomb+1","Underhanded Strike","AT_WomanClash","Replay:DivineShield"],"picked":"SKIP","floor":36}],"player_experience":180101,"relics_obtained":[{"floor":1,"key":"Question Card"},{"floor":1,"key":"PrismaticShard"},{"floor":7,"key":"testmod-Acrobat"},{"floor":9,"key":"HornCleat"},{"floor":11,"key":"Lizard Tail"},{"floor":16,"key":"ImportantClient"},{"floor":23,"key":"MawBank"},{"floor":25,"key":"Mummified Hand"},{"floor":29,"key":"testmod-Nyarlathotep"},{"floor":31,"key":"REME_PuzzleBoxRelic"}],"event_choices":[{"damage_healed":0,"gold_gain":0,"player_choice":"Entered Light","damage_taken":23,"max_hp_gain":0,"max_hp_loss":0,"event_name":"Shining Light","floor":3,"gold_loss":0,"cards_upgraded":["MostiFishMod:RacingGame","Defend_R"]},{"damage_healed":0,"gold_gain":0,"player_choice":"Success","damage_taken":18,"relics_obtained":["Ccalipers"],"max_hp_gain":0,"max_hp_loss":0,"event_name":"Scrap Ooze","floor":5,"gold_loss":0},{"damage_healed":0,"gold_gain":75,"player_choice":"Gather Gold","damage_taken":11,"max_hp_gain":0,"max_hp_loss":0,"event_name":"World of Goop","floor":14,"gold_loss":0},{"damage_healed":0,"gold_gain":0,"player_choice":"Upgraded","damage_taken":0,"max_hp_gain":0,"max_hp_loss":0,"event_name":"Upgrade Shrine","floor":19,"gold_loss":0,"cards_upgraded":["MostiFishMod:UniGreen"]},{"cards_removed":["Strike_R"],"damage_healed":0,"gold_gain":0,"player_choice":"Gave Gold","damage_taken":0,"max_hp_gain":0,"max_hp_loss":0,"event_name":"Beggar","floor":28,"gold_loss":75}],"is_beta":false,"boss_relics":[{"not_picked":["REME_DuelDisc","testmod-BatchProcessingSystem"],"picked":"HereWithMe"},{"not_picked":["Electric Blood","REME_DemonsWealth"],"picked":"Replay:Ancient Bell"},{"not_picked":["Lantern","CeramicFish"],"picked":"AT_RedTearstoneRing"},{"not_picked":["Quantum Egg","Replay:WaspNest"],"picked":"ReplayTheSpireMod:Ninjato"},{"not_picked":["DianPoetry","Ginger"],"picked":"Durian"}],"items_purged_floors":[2,22],"is_endless":false,"potions_floor_spawned":[11,12,13,18,25,30,33],"killed_by":"Maw","ascension_level":15}}