{"host":"bq4pt811tk9yrmjl","time":1608564844,"event":{"mods":["AchievementEnabler","BaseMod","Colored Map","Colored Powertips","Defuse TimeMaze Blight","Minty Spire (QoL Compilation)","StSLib","SuperFastMode","UnlockEverythingMod"],"gold_per_floor":[117,117,117,292,67,100,100,118,118,45,75,87,87,87,87,192,192,192,41,41,41,41,41,41,41,41,41,41,41,41],"floor_reached":29,"playtime":485,"items_purged":["Doubt"],"score":290,"play_id":"00ca9df2-2058-4498-bea8-77dcff6ffb2e","local_time":"20201221133404","is_ascension_mode":true,"campfire_choices":[{"data":"Neutralize","floor":7,"key":"SMITH"},{"floor":13,"key":"REST"},{"data":"Terror","floor":15,"key":"SMITH"},{"data":"Caltrops","floor":23,"key":"SMITH"}],"circlet_count":0,"master_deck":["Strike_G","Strike_G","Strike_G","Strike_G","Strike_G","Defend_G","Defend_G","Defend_G","Defend_G","Defend_G","Survivor","Neutralize+1","Blade Dance","Slice","Terror+1","Blade Dance","Caltrops+1","Dagger Spray+1","Caltrops+1","Adrenaline"],"relics":["Ring of the Snake","NeowsBlessing","Omamori","Dream Catcher","Ancient Tea Set","Ectoplasm","ClockworkSouvenir","Paper Crane","Eternal Feather","Lantern"],"acts_visited":["Exordium","TheCity"],"potions_floor_usage":[11,16,24,25,28],"damage_taken":[{"damage":0,"enemies":"Small Slimes","floor":1,"turns":1},{"damage":0,"enemies":"Lagavulin","floor":6,"turns":1},{"damage":0,"enemies":"Jaw Worm","floor":8,"turns":1},{"damage":35,"enemies":"3 Sentries","floor":11,"turns":9},{"damage":0,"enemies":"2 Louse","floor":12,"turns":2},{"damage":50,"enemies":"Hexaghost","floor":16,"turns":11},{"damage":4,"enemies":"Chosen","floor":18,"turns":5},{"damage":0,"enemies":"3 Byrds","floor":22,"turns":6},{"damage":26,"enemies":"Slavers","floor":24,"turns":6},{"damage":7,"enemies":"Shelled Parasite and Fungi","floor":25,"turns":4},{"damage":15,"enemies":"Snake Plant","floor":27,"turns":5},{"damage":6,"enemies":"3 Cultists","floor":28,"turns":4}],"seed_played":"-6660869711119062502","potions_obtained":[{"floor":8,"key":"DuplicationPotion"},{"floor":11,"key":"LiquidMemories"},{"floor":22,"key":"LiquidMemories"},{"floor":24,"key":"Explosive Potion"},{"floor":27,"key":"AttackPotion"}],"is_trial":false,"path_per_floor":["M","?","?","?","$","E","R","M","T","$","E","M","R","?","R","B",null,"M","$","?","T","M","R","E","M","T","M","M","$"],"character_chosen":"THE_SILENT","items_purchased":["Omamori","Terror","ClockworkSouvenir"],"campfire_rested":1,"item_purchase_floors":[5,10,19],"current_hp_per_floor":[70,70,70,70,70,70,70,70,70,70,35,35,56,70,70,20,70,66,66,66,66,66,66,40,33,33,18,12,12,12],"gold":41,"neow_bonus":"THREE_ENEMY_KILL","is_daily":false,"chose_seed":false,"campfire_upgraded":3,"win_rate":0.0,"timestamp":1608564844,"path_taken":["M","?","?","?","$","E","R","?","T","?","E","M","R","?","R","BOSS","M","$","?","?","?","R","E","M","T","M","M","?"],"items_purchased_type":["Relic","Card","Relic"],"build_version":"2020-12-13","purchased_purges":1,"victory":false,"max_hp_per_floor":[70,70,70,70,70,70,70,70,70,70,70,70,70,70,70,70,70,70,70,70,70,70,70,70,70,70,70,70,70,70],"card_choices":[{"not_picked":["Prepared","Caltrops"],"picked":"Blade Dance","floor":1},{"not_picked":["Tactician","Choke"],"picked":"Slice","floor":6},{"not_picked":["Setup","Slice","Heel Hook"],"picked":"SKIP","floor":8},{"not_picked":["Backflip","Well Laid Plans","Prepared"],"picked":"SKIP","floor":11},{"not_picked":["Dodge and Roll","Concentrate","Caltrops"],"picked":"SKIP","floor":12},{"not_picked":["Reflex","Quick Slash"],"picked":"Blade Dance","floor":18},{"not_picked":["Flying Knee","Prepared"],"picked":"Caltrops","floor":22},{"not_picked":["Expertise","Prepared","Backstab"],"picked":"SKIP","floor":24},{"not_picked":["Finisher","Deadly Poison+1"],"picked":"Dagger Spray+1","floor":25},{"not_picked":["Slice","Reflex+1"],"picked":"Caltrops+1","floor":27},{"not_picked":["Slice","Cloak And Dagger"],"picked":"Adrenaline","floor":28}],"player_experience":95092,"relics_obtained":[{"floor":6,"key":"Dream Catcher"},{"floor":11,"key":"Ancient Tea Set"},{"floor":21,"key":"Paper Crane"},{"floor":24,"key":"Eternal Feather"},{"floor":26,"key":"Lantern"}],"event_choices":[{"damage_healed":0,"gold_gain":0,"player_choice":"Ignored","damage_taken":0,"max_hp_gain":0,"max_hp_loss":0,"event_name":"Golden Wing","floor":2,"gold_loss":0},{"damage_healed":0,"gold_gain":0,"player_choice":"Leave","damage_taken":0,"max_hp_gain":0,"max_hp_loss":0,"event_name":"The Cleric","floor":3,"gold_loss":0},{"damage_healed":0,"gold_gain":175,"player_choice":"AGREE","damage_taken":0,"max_hp_gain":0,"max_hp_loss":0,"event_name":"Liars Game","floor":4,"gold_loss":0,"cards_obtained":["Doubt"]},{"damage_healed":23,"gold_gain":0,"player_choice":"Banana","damage_taken":0,"max_hp_gain":0,"max_hp_loss":0,"event_name":"Big Fish","floor":14,"gold_loss":0},{"damage_healed":0,"gold_gain":0,"player_choice":"Ignored","damage_taken":0,"max_hp_gain":0,"max_hp_loss":0,"event_name":"Ghosts","floor":20,"gold_loss":0}],"is_beta":false,"boss_relics":[{"not_picked":["Snecko Eye","Velvet Choker"],"picked":"Ectoplasm"}],"items_purged_floors":[5],"is_endless":false,"potions_floor_spawned":[8,11,22,24,27],"ascension_level":1}}