{"host":"jmrtcms4w8pdo4je","time":1608529827,"event":{"mods":["AchievementEnabler","BaseMod","Colored Powertips","Gremlin Mod","Infinite Spire","Minty Spire (QoL Compilation)","Replay The Spire","StSLib","The Forsaken","The Hierophant","The Necromancer"],"gold_per_floor":[116,291,291,139,139,139,158,174,198,198,218,116,148,148,148,247,247,191,191,191,199,222,222,256,256,329,356,356,356,356,58,58,72,72],"floor_reached":33,"playtime":1001,"items_purged":["Doubt","Parasite","Decay"],"score":282,"play_id":"f4bb45b1-0185-476d-9cc2-9ca8dcbc5d9a","local_time":"20201220235027","is_ascension_mode":false,"campfire_choices":[{"data":"Summon_Undead_Army","floor":6,"key":"SMITH"},{"data":"Summon_Lich","floor":10,"key":"SMITH"},{"data":"Bone_Armor","floor":15,"key":"SMITH"},{"data":"Vampiric_Strike","floor":23,"key":"SMITH"},{"data":"Summon_Undead","floor":25,"key":"SMITH"},{"floor":29,"key":"REST"},{"floor":32,"key":"REST"}],"circlet_count":0,"master_deck":["Strike_W+1","Strike_W+1","Strike_W+1","Strike_W+1","Defend_W+1","Defend_W+1","Defend_W+1","Defend_W+1","Negative_Energy_Arrows","Bone_Wall+1","Bone_Shift","Summon_Lich+1","Skeleton_Dragon","Summon_Undead_Army+1","Shackles_Of_Pain","Summon_Lich","Summon_Undead_Army","Bone_Armor+1","Summon_Lich","Summon_Lich","CurseOfTheBell","Death_March_Dance+1","Summon_Undead+1","Vampiric_Strike+1","Death_March_Dance+1","Uncharnel","Summon_Undead_Army","Summon_Undead"],"relics":["Vampire_Amulet","NeowsBlessing","Lantern","War Paint","Calling Bell","PreservedInsect","infinitespire:Midas Blood","CaptainsWheel","Molten Egg 2","Matryoshka","Blood Vial","BargainBundle"],"acts_visited":["Exordium","TheCity"],"potions_floor_usage":[24,27],"damage_taken":[{"damage":0,"enemies":"Small Slimes","floor":1,"turns":1},{"damage":0,"enemies":"Jaw Worm","floor":7,"turns":1},{"damage":0,"enemies":"Cultist","floor":8,"turns":1},{"damage":5,"enemies":"2 Fungi Beasts","floor":11,"turns":4},{"damage":25,"enemies":"Lagavulin","floor":13,"turns":5},{"damage":11,"enemies":"The Guardian","floor":16,"turns":8},{"damage":3,"enemies":"2 Thieves","floor":18,"turns":4},{"damage":12,"enemies":"Shell Parasite","floor":22,"turns":6},{"damage":28,"enemies":"Gremlin Leader","floor":24,"turns":5},{"damage":20,"enemies":"Shelled Parasite and Fungi","floor":27,"turns":5},{"damage":77,"enemies":"Automaton","floor":33,"turns":8}],"seed_played":"6236886514169418465","potions_obtained":[{"floor":16,"key":"DuplicationPotion"},{"floor":22,"key":"DistilledChaos"},{"floor":24,"key":"Reflective Coating"},{"floor":27,"key":"Dexterity Potion"}],"is_trial":false,"path_per_floor":["M","?","?","$","?","R","M","M","T","R","M","$","E","?","R","B",null,"M","?","?","?","M","R","E","R","T","M","AVR","R","?","$","R","B"],"character_chosen":"NECROMANCER","items_purchased":["Summon_Lich","Bone_Armor","Summon_Lich","BargainBundle","Summon_Undead_Army","Summon_Undead"],"campfire_rested":2,"item_purchase_floors":[4,12,12,31,31,31],"current_hp_per_floor":[75,75,60,60,60,60,62,64,64,64,63,63,40,58,58,49,75,72,72,72,56,46,46,40,40,40,24,24,45,45,45,66,0,0],"gold":72,"neow_bonus":"THREE_ENEMY_KILL","is_daily":false,"chose_seed":false,"campfire_upgraded":5,"win_rate":0.0,"timestamp":1608529827,"path_taken":["M","?","?","$","?","R","?","M","T","R","M","$","E","?","R","BOSS","M","?","?","?","M","R","E","R","T","M","AVR","R","?","$","R","BOSS"],"items_purchased_type":["Card","Card","Card","Relic","Card","Card"],"build_version":"2020-12-13","purchased_purges":3,"victory":false,"max_hp_per_floor":[75,75,75,75,75,75,75,75,75,75,75,75,75,75,75,75,75,75,75,75,75,75,75,75,75,75,75,72,72,72,72,72,72,72],"card_choices":[{"not_picked":["Blood_for_Blood","Bone_Bullets"],"picked":"Bone_Shift","floor":1},{"not_picked":["Finger_Of_Death","Uncharnel"],"picked":"Shackles_Of_Pain","floor":7},{"not_picked":["Shackles_Of_Pain","Bones_to_Steel"],"picked":"Summon_Lich","floor":8},{"not_picked":["Consume_Illness","Negative_Energy_Shield"],"picked":"Summon_Undead_Army","floor":11},{"not_picked":["Bones_to_Steel","Negative_Energy_Bomb"],"picked":"Summon_Lich","floor":13},{"not_picked":["Bones_to_Steel","Blood_Curse"],"picked":"Death_March_Dance+1","floor":18},{"not_picked":["Thousand_Bone_Knives+1","Summon_Undead"],"picked":"Vampiric_Strike","floor":22},{"not_picked":["Bone_Spikes+1","Strike_from_Beyond+1"],"picked":"Death_March_Dance+1","floor":24},{"not_picked":["Blood_Whip+1","Bone_Spikes+1"],"picked":"Uncharnel","floor":27}],"player_experience":4531,"relics_obtained":[{"floor":9,"key":"Lantern"},{"floor":13,"key":"War Paint"},{"floor":17,"key":"PreservedInsect"},{"floor":17,"key":"infinitespire:Midas Blood"},{"floor":17,"key":"CaptainsWheel"},{"floor":24,"key":"Molten Egg 2"},{"floor":26,"key":"Matryoshka"}],"event_choices":[{"damage_healed":0,"gold_gain":175,"player_choice":"AGREE","damage_taken":0,"max_hp_gain":0,"max_hp_loss":0,"event_name":"Liars Game","floor":2,"gold_loss":0,"cards_obtained":["Doubt"]},{"damage_healed":0,"gold_gain":0,"player_choice":"Entered Light","damage_taken":15,"max_hp_gain":0,"max_hp_loss":0,"event_name":"Shining Light","floor":3,"gold_loss":0,"cards_upgraded":["Defend_W","Bone_Wall"]},{"damage_healed":0,"gold_gain":0,"player_choice":"2 cards matched","damage_taken":0,"max_hp_gain":0,"max_hp_loss":0,"event_name":"Match and Keep!","floor":5,"gold_loss":0,"cards_obtained":["Skeleton_Dragon","Summon_Undead_Army"]},{"damage_healed":18,"gold_gain":0,"player_choice":"Healed and dodged fight","damage_taken":0,"max_hp_gain":0,"max_hp_loss":0,"event_name":"Mushrooms","floor":14,"gold_loss":0,"cards_obtained":["Parasite"]},{"damage_healed":0,"gold_gain":0,"player_choice":"Read","damage_taken":0,"max_hp_gain":0,"max_hp_loss":0,"event_name":"The Library","floor":19,"gold_loss":0,"cards_obtained":["Summon_Undead"]},{"damage_healed":0,"gold_gain":0,"player_choice":"Simplicity","damage_taken":0,"max_hp_gain":0,"max_hp_loss":0,"event_name":"Back to Basics","floor":20,"gold_loss":0,"cards_upgraded":["Strike_W","Strike_W","Strike_W","Strike_W","Defend_W"]},{"damage_healed":0,"gold_gain":0,"player_choice":"Obtained Book","damage_taken":16,"max_hp_gain":0,"max_hp_loss":0,"event_name":"Cursed Tome","floor":21,"gold_loss":0},{"damage_healed":0,"gold_gain":0,"player_choice":"Cursed","damage_taken":0,"max_hp_gain":0,"max_hp_loss":0,"event_name":"Wheel of Change","floor":30,"gold_loss":0,"cards_obtained":["Decay"]}],"is_beta":false,"boss_relics":[{"not_picked":["Ring of Chaos","ChewingGum"],"picked":"Calling Bell"}],"items_purged_floors":[4,28,31],"is_endless":false,"potions_floor_spawned":[16,22,24,27],"killed_by":"Automaton","ascension_level":0}}