{"host":"0gy90rl0ccnvdufw","time":1608527962,"event":{"mods":["AchievementEnabler","Act Like it!","Aspiration","Bard","BaseMod","Better Third Choice","Better Vampires","BetterRewards","ChefMod","Colored Map","Colored Powertips","Conspire","Decade(???)","Downfall","Ekko","Gensokyo","GungeonMod","Halation","Hubris","Infinite Spire","Jedi Mod","KomeijiMod","Luminous","Minty Spire (QoL Compilation)","Quick Restart","Rare Cards Sparkle","Replay The Spire","Robot Space Explorer","StSLib","SuperFastMode","The Cursed","The Disciple","The Dragon Tamer","The Forsaken","The Jungle","[IsaacMod]????","??????REMEMod"],"gold_per_floor":[109,109,109,109,109,119,23,23,23,23,76,110,126,126,157,170,170,300,363,383,402,602,902,604,604,629,884,884,661,661,584,584,584,584,584,584,584,584,584,584,584,589,589,633,633,633,633,633,662,562,562,570],"floor_reached":53,"playtime":1766,"items_purged":[],"score":785,"play_id":"ce592589-7c5e-4b93-8698-6490e96cd3b2","local_time":"20201220231922","is_ascension_mode":false,"campfire_choices":[{"data":"Limit Break","floor":8.0,"key":"SMITH"},{"floor":14.0,"key":"REST"},{"data":"Injury","floor":17.0,"key":"PURGE"},{"floor":25,"key":"REST"},{"floor":34,"key":"REST"},{"data":"RobotSpaceExplorer:Accelerator","floor":38,"key":"SMITH"},{"floor":43,"key":"REST"},{"floor":47,"key":"REST"},{"floor":51,"key":"REST"}],"circlet_count":0,"master_deck":["RobotSpaceExplorer:Strike","RobotSpaceExplorer:Strike","RobotSpaceExplorer:Strike+1","RobotSpaceExplorer:Strike","RobotSpaceExplorer:Defend","RobotSpaceExplorer:Defend","RobotSpaceExplorer:Defend","RobotSpaceExplorer:Defend","RobotSpaceExplorer:Scan","RobotSpaceExplorer:MiniLasers","EpicFetus","Limit Break+1","RobotSpaceExplorer:ScrapMissile","RobotSpaceExplorer:FrostMissile","RobotSpaceExplorer:Accelerator+1","RobotSpaceExplorer:PowerCollector","ekkoTheBoyWhoShatteredTime:FeelIt","RobotSpaceExplorer:Multitool","RobotSpaceExplorer:StunGrenade","RobotSpaceExplorer:Probe","RobotSpaceExplorer:SurgingShield","RobotSpaceExplorer:Probe","RobotSpaceExplorer:Probe","ekkoTheBoyWhoShatteredTime:PulsefirePooling","ekkoTheBoyWhoShatteredTime:PulsefirePooling","RobotSpaceExplorer:SurgingShield","RobotSpaceExplorer:MiniDrones+1","RobotSpaceExplorer:PowerGlove+1","Metamorphosis","RobotSpaceExplorer:PowerCollector","RobotSpaceExplorer:MiniDrones+1","RobotSpaceExplorer:MiniDrones+1","RobotSpaceExplorer:MiniBoosters+1"],"relics":["RobotSpaceExplorer:RoboCore","REME_ComplimentaryCards","HushsDoor","aspiration:Nostalgia","champ:ChampionCrown","SteamSale","Replay:Mystery Machine","Tiny Chest","Golden Idol","hubris:DisguiseKit","Oddly Smooth Stone","jedi:Pinwheel","DemoMod:Orange","Tiny House","Old Coin","theForsaken:Lifeblossom","halation:BlackBeret","halation:NonexistentMirror","Kunai","jedi:ominousloannote","jedi:arcanewood","WingedGreaves","hubris:EmptyBottle","conspire:DecoderRing","Membership Card","Mango","Boot","Quantum Egg","SlaversCollar","GuppysTail","DemoMod:PinkGuonStone","Toolbox","DemoMod:Metronome","theForsaken:ScaryMask","Bag of Preparation","DoctorsRemote","infinitespire:Midas Blood","DemoMod:VorpalBullet","Lantern","TheBattery","BookofShadows"],"acts_visited":["Exordium","TheCity","TheBeyond"],"potions_floor_usage":[35,35,49],"damage_taken":[{"damage":1.0,"enemies":"Small Slimes","floor":1.0,"turns":3.0},{"damage":0.0,"enemies":"Jaw Worm","floor":6.0,"turns":4.0},{"damage":12.0,"enemies":"Lagavulin","floor":12.0,"turns":4.0},{"damage":0.0,"enemies":"2 Louse","floor":13.0,"turns":3.0},{"damage":0.0,"enemies":"Gremlin Nob","floor":15.0,"turns":2.0},{"damage":14.0,"enemies":"Exordium Thugs","floor":16.0,"turns":4.0},{"damage":44.0,"enemies":"The Guardian","floor":18.0,"turns":8.0},{"damage":27.0,"enemies":"Shell Parasite","floor":20.0,"turns":6.0},{"damage":30.0,"enemies":"2 Thieves","floor":21.0,"turns":3.0},{"damage":8,"enemies":"Cultist and Chosen","floor":26,"turns":5},{"damage":39,"enemies":"Gremlin Leader","floor":30,"turns":6},{"damage":20,"enemies":"Centurion and Healer","floor":33,"turns":5},{"damage":8,"enemies":"hubris:MusketHawk","floor":35,"turns":6},{"damage":9,"enemies":"3 Shapes","floor":37,"turns":1},{"damage":41,"enemies":"Reptomancer","floor":42,"turns":5},{"damage":36,"enemies":"Nightmare","floor":44,"turns":8},{"damage":29,"enemies":"3 Darklings","floor":49,"turns":5},{"damage":45,"enemies":"Replay:Hell Engine","floor":52,"turns":7}],"seed_played":"-1053004758487319188","potions_obtained":[{"floor":13.0,"key":"SteroidPotion"},{"floor":16.0,"key":"RobotSpaceExplorer:RecyclePotion"},{"floor":18.0,"key":"RobotSpaceExplorer:RecyclePotion"},{"floor":19.0,"key":"GamblersBrew"},{"floor":21.0,"key":"sneckomod:MuddlingPotion"},{"floor":33,"key":"Strength Potion"},{"floor":35,"key":"Explosive Potion"},{"floor":49,"key":"Weak Potion"},{"floor":50,"key":"jedi:StrikingPotion"}],"is_trial":false,"path_per_floor":["M","?","?","PTL","PTL","M","$","R","?","?","T","E","M","R","E","M","R_BF","B",null,"M","M","?","T","$","R","M","$","T","$","E","$","T","M","R","B",null,"M","R","$","?","T","E","R","NM","T","T","R","$","M","?","R","B",null],"character_chosen":"RobotSpaceExplorer","items_purchased":["Tiny Chest","RobotSpaceExplorer:FrostMissile","theForsaken:Lifeblossom","halation:BlackBeret","halation:NonexistentMirror","Kunai","jedi:ominousloannote","WingedGreaves","hubris:EmptyBottle","Membership Card","Mango","Boot","GuppysTail","DemoMod:PinkGuonStone","Toolbox","DemoMod:Metronome","Lantern","TheBattery","BookofShadows","Metamorphosis"],"campfire_rested":6,"item_purchase_floors":[7,7,24,24,24,27,27,29,29,31,31,31,36,39,39,39,48,48,48,48],"current_hp_per_floor":[74,74,74,74,74,74,74,74,56,56,56,44,44,66,78,64,64,20,92,65,35,35,35,35,62,60,60,60,60,27,41,41,27,58,56,96,87,87,94,94,94,59,89,59,59,59,89,89,66,66,96,57],"gold":570,"neow_bonus":"NOSTALGIA","is_daily":false,"chose_seed":false,"campfire_upgraded":2,"win_rate":0.0,"timestamp":1608527962,"path_taken":["M","?","?","PTL","PTL","?","$","R","?","?","T","E","M","R","E","M","R_BF","BOSS","M","M","?","?","?","R","?","$","T","$","E","?","?","M","R","BOSS","M","?","$","?","?","E","R","NM","T","?","R","$","?","?","R","BOSS"],"items_purchased_type":["Relic","Card","Relic","Relic","Relic","Relic","Relic","Relic","Relic","Relic","Relic","Relic","Relic","Relic","Relic","Relic","Relic","Relic","Relic","Card"],"build_version":"2020-12-13","purchased_purges":0,"victory":true,"max_hp_per_floor":[75,75,75,75,75,75,75,75,75,75,75,75,75,75,87,87,87,87,92,92,92,92,92,92,92,92,92,92,92,92,106,106,106,106,106,96,96,96,103,103,103,103,103,103,103,103,103,103,103,103,103,103],"card_choices":[{"not_picked":[],"picked":"EpicFetus","floor":0.0},{"not_picked":["RobotSpaceExplorer:FranticSearch","RobotSpaceExplorer:Electropulse"],"picked":"RobotSpaceExplorer:ScrapMissile","floor":1.0},{"not_picked":["RobotSpaceExplorer:DualCore","RobotSpaceExplorer:DoubleBlock","RobotSpaceExplorer:ScrapMissile"],"picked":"SKIP","floor":6.0},{"not_picked":["RobotSpaceExplorer:ShockKick","RobotSpaceExplorer:DoubleBlock","ekkoTheBoyWhoShatteredTime:AfterimageHit"],"picked":"RobotSpaceExplorer:Accelerator","floor":12.0},{"not_picked":["RobotSpaceExplorer:LuckyStrike","RobotSpaceExplorer:FrostMissile","ekkoTheBoyWhoShatteredTime:TimeRecall"],"picked":"RobotSpaceExplorer:PowerCollector","floor":13.0},{"not_picked":["RobotSpaceExplorer:FrostMissile","RobotSpaceExplorer:ImprovisedAttack","RobotSpaceExplorer:ShockKick"],"picked":"ekkoTheBoyWhoShatteredTime:FeelIt","floor":15.0},{"not_picked":["RobotSpaceExplorer:ScrapToss","RobotSpaceExplorer:SurgingStrike","RobotSpaceExplorer:FreezeRay","ekkoTheBoyWhoShatteredTime:CommittedStrike"],"picked":"SKIP","floor":16.0},{"not_picked":["RobotSpaceExplorer:DroneSwarm","RobotSpaceExplorer:Autoloader","ekkoTheBoyWhoShatteredTime:Chronobreak"],"picked":"RobotSpaceExplorer:Multitool","floor":18.0},{"not_picked":["RobotSpaceExplorer:SwiftStep","RobotSpaceExplorer:DoubleBlock","ekkoTheBoyWhoShatteredTime:Backtrack"],"picked":"RobotSpaceExplorer:StunGrenade","floor":19.0},{"not_picked":["RobotSpaceExplorer:ShovelStrike+1","RobotSpaceExplorer:DroneSwarm","ekkoTheBoyWhoShatteredTime:PhaseDive"],"picked":"RobotSpaceExplorer:Probe","floor":20.0},{"not_picked":["RobotSpaceExplorer:FrostMissile","RobotSpaceExplorer:SwiftStep","ekkoTheBoyWhoShatteredTime:ItemsAfterimage"],"picked":"RobotSpaceExplorer:SurgingShield","floor":21.0},{"not_picked":["RobotSpaceExplorer:Asteroid","RobotSpaceExplorer:StarDust","ekkoTheBoyWhoShatteredTime:PhaseDive"],"picked":"RobotSpaceExplorer:Probe","floor":26},{"not_picked":["RobotSpaceExplorer:SlimeMissile","RobotSpaceExplorer:IronShell","RobotSpaceExplorer:GearShield","ekkoTheBoyWhoShatteredTime:IceBreak"],"picked":"SKIP","floor":30},{"not_picked":["RobotSpaceExplorer:GlueSpray+1","RobotSpaceExplorer:GlueShot","RobotSpaceExplorer:ScrapToss+1","ekkoTheBoyWhoShatteredTime:ItemsAfterimage"],"picked":"SKIP","floor":33},{"not_picked":["RobotSpaceExplorer:Asteroid","RobotSpaceExplorer:DroneSwarm","RobotSpaceExplorer:Explosion"],"picked":"ekkoTheBoyWhoShatteredTime:PulsefirePooling","floor":35},{"not_picked":["RobotSpaceExplorer:FreezeRay+1","RobotSpaceExplorer:PowerGlove+1","ekkoTheBoyWhoShatteredTime:SpHit"],"picked":"RobotSpaceExplorer:SurgingShield","floor":37},{"not_picked":["RobotSpaceExplorer:BigMissile+1","RobotSpaceExplorer:GlueSpray+1","ekkoTheBoyWhoShatteredTime:Periocharge"],"picked":"RobotSpaceExplorer:MiniDrones+1","floor":42},{"not_picked":["RobotSpaceExplorer:LaserBurst","RobotSpaceExplorer:Probe+1","ekkoTheBoyWhoShatteredTime:WideSlice"],"picked":"RobotSpaceExplorer:PowerGlove+1","floor":44},{"not_picked":["RobotSpaceExplorer:MakeshiftVolley","RobotSpaceExplorer:Probe+1","ekkoTheBoyWhoShatteredTime:SpHit"],"picked":"RobotSpaceExplorer:PowerCollector","floor":49},{"not_picked":["RobotSpaceExplorer:SurgingShield+1","RobotSpaceExplorer:ImprovisedAttack","ekkoTheBoyWhoShatteredTime:VelocityConsuming"],"picked":"RobotSpaceExplorer:MiniDrones+1","floor":50},{"not_picked":["RobotSpaceExplorer:Probe","RobotSpaceExplorer:ToxicBomb","ekkoTheBoyWhoShatteredTime:HextechProtobelt"],"picked":"RobotSpaceExplorer:MiniDrones+1","floor":50},{"not_picked":["RobotSpaceExplorer:SwiftStep","RobotSpaceExplorer:SelfCleaning+1","ekkoTheBoyWhoShatteredTime:URF"],"picked":"RobotSpaceExplorer:MiniBoosters+1","floor":50}],"player_experience":303356,"relics_obtained":[{"floor":2.0,"key":"Replay:Mystery Machine"},{"floor":11.0,"key":"Oddly Smooth Stone"},{"floor":12.0,"key":"jedi:Pinwheel"},{"floor":15.0,"key":"DemoMod:Orange"},{"floor":23,"key":"Old Coin"},{"floor":28,"key":"jedi:arcanewood"},{"floor":30,"key":"conspire:DecoderRing"},{"floor":32,"key":"Quantum Egg"},{"floor":41,"key":"theForsaken:ScaryMask"},{"floor":42,"key":"Bag of Preparation"},{"floor":44,"key":"DoctorsRemote"},{"floor":45,"key":"infinitespire:Midas Blood"},{"floor":46,"key":"DemoMod:VorpalBullet"}],"event_choices":[{"damage_healed":0.0,"max_hp_gain":0.0,"max_hp_loss":0.0,"gold_gain":0.0,"event_name":"Golden Idol","player_choice":"Take Damage","floor":9.0,"gold_loss":0.0,"damage_taken":18.0,"relics_obtained":["Golden Idol"]},{"damage_healed":0,"gold_gain":250,"player_choice":"Bet on Owner","damage_taken":0,"max_hp_gain":0,"max_hp_loss":0,"event_name":"The Joust","floor":22,"gold_loss":50}],"is_beta":false,"boss_relics":[{"not_picked":["theForsaken:PaleLantern","Busted Crown"],"picked":"Tiny House"},{"not_picked":[]},{"not_picked":["halation:SmartPhone","Black Star"],"picked":"SlaversCollar"},{"not_picked":[]}],"items_purged_floors":[],"is_endless":false,"potions_floor_spawned":[13,16,18,21,33,35,49],"ascension_level":0}}