{"host":"J","time":1608558537,"event":{"mods":["AchievementEnabler","BaseMod","Block Reminder","Highlight Path","Minty Spire (QoL Compilation)","Permanent Neow","Quick Restart","Relic Stats","UnlockEverythingMod"],"gold_per_floor":[117,117,267,267,277,306,306,331,331,43,43,43,59,71,71,71,71],"floor_reached":16,"playtime":1046,"items_purged":["Doubt"],"score":266,"play_id":"b9c0ef3f-6c20-4770-a0ff-49a3c02683ee","local_time":"20201221144857","is_ascension_mode":true,"campfire_choices":[{"data":"Crippling Poison","floor":7.0,"key":"SMITH"},{"floor":12.0,"key":"REST"},{"data":"Dodge and Roll","floor":15.0,"key":"SMITH"}],"circlet_count":0,"master_deck":["AscendersBane","Strike_G","Strike_G","Strike_G","Strike_G","Strike_G","Defend_G","Defend_G","Defend_G","Defend_G","Defend_G","Survivor","Neutralize","Crippling Poison+1","Dodge and Roll+1","Slice+1","Tools of the Trade","Acrobatics+1","Flying Knee+1","Dagger Spray+1","Caltrops","Neutralize+1","Heel Hook+1","Blade Dance+1","Cloak And Dagger+1"],"relics":["Ring of the Snake","NeowsBlessing","Ginger","Pear","Molten Egg 2","Toxic Egg 2"],"acts_visited":[],"potions_floor_usage":[],"damage_taken":[{"damage":0.0,"enemies":"Jaw Worm","floor":1.0,"turns":1.0},{"damage":0.0,"enemies":"2 Louse","floor":5.0,"turns":1.0},{"damage":0.0,"enemies":"3 Sentries","floor":6.0,"turns":1.0},{"damage":37.0,"enemies":"Lagavulin","floor":8.0,"turns":8.0},{"damage":0.0,"enemies":"Cultist","floor":13.0,"turns":2.0},{"damage":5.0,"enemies":"3 Louse","floor":14.0,"turns":2.0},{"damage":12,"enemies":"Slime Boss","floor":16,"turns":7}],"seed_played":"7567757713302173743","potions_obtained":[{"floor":1.0,"key":"Poison Potion"},{"floor":13.0,"key":"FearPotion"}],"is_trial":false,"path_per_floor":["M","?","?","T","M","E","R","E","T","$","?","R","M","M","R","B"],"character_chosen":"THE_SILENT","items_purchased":["Acrobatics+1","Flying Knee+1","Dagger Spray+1","Caltrops"],"campfire_rested":1,"item_purchase_floors":[10,10,10,10],"current_hp_per_floor":[59,33,33,43,43,43,43,6,6,6,6,28,28,23,23,11,11],"gold":71,"neow_bonus":"THREE_ENEMY_KILL","is_daily":false,"chose_seed":false,"campfire_upgraded":2,"win_rate":0.0,"timestamp":1608558537,"path_taken":["M","?","?","?","M","E","R","E","T","$","?","R","M","M","R","BOSS"],"items_purchased_type":["Card","Card","Card","Card"],"build_version":"2020-12-18","purchased_purges":1,"victory":false,"max_hp_per_floor":[66,66,66,76,76,76,76,76,76,76,76,76,76,76,76,76,76],"relic_stats":{"counters":[7,22],"Ginger":[2],"obtain_stats":[{"Pear":4,"NeowsBlessing":0,"Molten Egg 2":6,"Ginger":2,"Toxic Egg 2":8,"Ring of the Snake":0},{"Pear":1,"NeowsBlessing":0,"Molten Egg 2":3,"Ginger":1,"Toxic Egg 2":4,"Ring of the Snake":0},{"Pear":1,"NeowsBlessing":0,"Molten Egg 2":3,"Ginger":1,"Toxic Egg 2":11,"Ring of the Snake":0}],"Ring of the Snake":[14]},"card_choices":[{"not_picked":["Caltrops","Backflip"],"picked":"Crippling Poison","floor":1.0},{"not_picked":["Finisher","Prepared"],"picked":"Dodge and Roll","floor":5.0},{"not_picked":["Eviscerate+1","Skewer+1"],"picked":"Slice+1","floor":6.0},{"not_picked":["Blade Dance+1","Dagger Spray+1"],"picked":"Tools of the Trade","floor":8.0},{"not_picked":["Blade Dance+1","Dagger Throw+1"],"picked":"Cloak And Dagger+1","floor":13.0},{"not_picked":["Noxious Fumes","Sucker Punch+1","Acrobatics+1"],"picked":"SKIP","floor":14.0},{"not_picked":["Noxious Fumes","Sucker Punch+1","Acrobatics+1"],"picked":"SKIP","floor":14.0}],"player_experience":173422,"relics_obtained":[{"floor":4.0,"key":"Pear"},{"floor":6.0,"key":"Molten Egg 2"},{"floor":8.0,"key":"Toxic Egg 2"}],"event_choices":[{"damage_healed":0.0,"max_hp_gain":0.0,"max_hp_loss":0.0,"gold_gain":0.0,"event_name":"Scrap Ooze","player_choice":"Success","floor":2.0,"gold_loss":0.0,"damage_taken":26.0,"relics_obtained":["Ginger"]},{"damage_healed":0.0,"max_hp_gain":0.0,"max_hp_loss":0.0,"gold_gain":150.0,"event_name":"Liars Game","player_choice":"AGREE","floor":3.0,"gold_loss":0.0,"damage_taken":0.0,"cards_obtained":["Doubt"]},{"damage_healed":0.0,"max_hp_gain":0.0,"max_hp_loss":0.0,"gold_gain":0.0,"event_name":"Match and Keep!","player_choice":"3 cards matched","floor":11.0,"gold_loss":0.0,"damage_taken":0.0,"cards_obtained":["Neutralize","Heel Hook","Blade Dance"]}],"is_beta":true,"boss_relics":[],"items_purged_floors":[10],"is_endless":false,"potions_floor_spawned":[1,13],"killed_by":"Slime Boss","ascension_level":20}}