{"host":"ds3v42j7tpaaz1mg","time":1608529102,"event":{"mods":["AchievementEnabler","Aspiration","BaseMod","Bestiary","Better Altar","Better Note","Better Sensory Stone","BetterRewards","Block Reminder","Colored Powertips","Conspire","Downfall","Energized Spire","Halation","Hermit","Highlight Path","Hubris","Infinite Spire","Jorbs\u0027s Wanderer Trilogy","Minty Spire (QoL Compilation)","Relic Stats","Replay The Spire","StSLib","The Death Knight","The Elementalist","The Servant 0.9.4","vexMod"],"gold_per_floor":[114,84,99,99,119,149,165,179,179,4,33,46,61,76,76,178,178,195,195,210,230,244,244,244,244,326,342,342,361,361,361,361,462,462,474,474,474,494,494,494,511,5,28,65,65,65,90,90,90,120],"floor_reached":51,"playtime":2145,"items_purged":["DeathKnight:BloodStrike","Parasite","DeathKnight:Hysteria+1"],"score":616,"play_id":"a5540d1e-8615-4603-a849-4b31e77a9b42","local_time":"20201221003822","is_ascension_mode":false,"campfire_choices":[{"floor":15.0,"key":"REST"},{"floor":23.0,"key":"REST"},{"data":"DeathKnight:Contagion","floor":25.0,"key":"SMITH"},{"floor":32.0,"key":"REST"},{"data":"DeathKnight:Defile","floor":40,"key":"SMITH"},{"floor":46,"key":"REST"},{"floor":49,"key":"REST"}],"circlet_count":0,"master_deck":["DeathKnight:Defend_DeathKnight","DeathKnight:Defend_DeathKnight","DeathKnight:Defend_DeathKnight","DeathKnight:Defend_DeathKnight","DeathKnight:Defend_DeathKnight","DeathKnight:RuneTap","DeathKnight:RuneStrike","DeathKnight:Contagion+1","DeathKnight:MindFreeze","DeathKnight:FoulBulwark+1","DeathKnight:DeathAndDecay","DeathKnight:Hysteria+1","DeathKnight:DeathGrip","DeathKnight:MutagenicPlague+1","DeathKnight:Pestilence","DeathKnight:Defile+1","DeathKnight:Contagion+1","hubris:EnhanceAbility","Master of Strategy","Bite","Bite","Bite","Bite","Bite","DeathKnight:Defile+1","DeathKnight:MutagenicPlague+1","DeathKnight:UnholyPresence+1","Replay:SS_forest_6","infinitespire:Punishment"],"relics":["DeathKnight:BrokenRuneblade","NeowsBlessing","infinitespire:WardingShard","hubris:Reverence","Lantern","Akabeko","vexMod:ImprovementManual","Darkstone Periapt","Iron Hammer","energizedSpire:RedRose","hubris:Icosahedron","Lizard Tail","halation:IllGainedPizza","halation:LettersToHer","infinitespire:Bottled Soul"],"acts_visited":["Exordium","TheCity","TheBeyond"],"potions_floor_usage":[35,35,38,41,41,44,44,47],"damage_taken":[{"damage":0.0,"enemies":"2 Louse","floor":1.0,"turns":1.0},{"damage":0.0,"enemies":"Cultist","floor":3.0,"turns":1.0},{"damage":0.0,"enemies":"Jaw Worm","floor":5.0,"turns":1.0},{"damage":49.0,"enemies":"3 Sentries","floor":6.0,"turns":9.0},{"damage":3.0,"enemies":"2 Fungi Beasts","floor":7.0,"turns":3.0},{"damage":4.0,"enemies":"Lots of Slimes","floor":8.0,"turns":1.0},{"damage":1.0,"enemies":"Lagavulin","floor":11.0,"turns":6.0},{"damage":7.0,"enemies":"Blue Slaver","floor":12.0,"turns":4.0},{"damage":0.0,"enemies":"Gremlin Gang","floor":13.0,"turns":3.0},{"damage":9.0,"enemies":"2 Fungi Beasts","floor":14.0,"turns":2.0},{"damage":8.0,"enemies":"Fading Forest","floor":16.0,"turns":11.0},{"damage":4.0,"enemies":"Shell Parasite","floor":18.0,"turns":4.0},{"damage":27.0,"enemies":"3 Byrds","floor":20.0,"turns":4.0},{"damage":7.0,"enemies":"conspire:HollyBat","floor":21.0,"turns":6.0},{"damage":22.0,"enemies":"Centurion and Healer","floor":22.0,"turns":5.0},{"damage":21.0,"enemies":"Shelled Parasite and Fungi","floor":27.0,"turns":4.0},{"damage":15.0,"enemies":"Snake Plant","floor":29.0,"turns":3.0},{"damage":25,"enemies":"Champ","floor":33,"turns":8},{"damage":16,"enemies":"3 Shapes","floor":35,"turns":4},{"damage":6,"enemies":"Orb Walker","floor":38,"turns":4},{"damage":18,"enemies":"Writhing Mass","floor":41,"turns":6},{"damage":33,"enemies":"Nightmare","floor":44,"turns":6},{"damage":17,"enemies":"3 Darklings","floor":47,"turns":4},{"damage":33,"enemies":"Replay:Hell Engine","floor":50,"turns":9}],"seed_played":"-4340279393721668772","potions_obtained":[{"floor":1.0,"key":"conspire:TimeTravelPotion"},{"floor":2.0,"key":"hexamod:EctoCoolerPotion"},{"floor":2.0,"key":"FearPotion"},{"floor":7.0,"key":"AttackPotion"},{"floor":8.0,"key":"Swift Potion"},{"floor":14.0,"key":"Fire Potion"},{"floor":16.0,"key":"SpeedPotion"},{"floor":18.0,"key":"Flashbang"},{"floor":22.0,"key":"SpeedPotion"},{"floor":27.0,"key":"Weak Potion"},{"floor":33,"key":"Explosive Potion"},{"floor":35,"key":"DuplicationPotion"},{"floor":39,"key":"Ancient Potion"},{"floor":39,"key":"DuplicationPotion"},{"floor":39,"key":"Weak Potion"}],"is_trial":false,"path_per_floor":["M","?","M","?","M","E","M","M","T","$","E","M","M","M","R","B",null,"M","?","M","M","M","R","?","R","T","M","?","M","AVR","?","R","B",null,"M","?","?","M","?","R","M","$","T","NM","?","R","M","AVR","R","B",null],"character_chosen":"DEATH_KNIGHT","items_purchased":["DeathKnight:Hysteria","Lantern","Lizard Tail","Block Potion","Replay:SS_forest_6"],"campfire_rested":5,"item_purchase_floors":[10,10,42,42,42],"current_hp_per_floor":[75,75,75,75,75,35,32,28,28,28,27,20,20,11,33,35,75,71,71,44,37,15,37,37,37,37,16,16,1,1,1,16,6,52,41,41,41,46,46,46,46,46,46,21,21,37,30,30,46,28],"gold":120,"neow_bonus":"THREE_ENEMY_KILL","is_daily":false,"chose_seed":false,"campfire_upgraded":2,"win_rate":0.0,"timestamp":1608529102,"path_taken":["M","?","?","?","M","E","M","M","T","$","E","M","M","?","R","BOSS","M","?","?","M","M","R","?","R","T","M","?","M","AVR","?","R","BOSS","M","?","?","M","?","R","?","$","T","NM","?","R","?","AVR","R","BOSS"],"items_purchased_type":["Card","Relic","Relic","Potion","Card"],"build_version":"2020-12-13","purchased_purges":3,"victory":true,"max_hp_per_floor":[75,75,75,75,75,75,75,75,75,75,75,75,75,75,75,75,75,75,75,75,75,75,75,75,75,75,75,75,75,75,52,52,52,52,52,52,52,52,52,52,58,55,55,55,55,55,55,55,55,55],"relic_stats":{"Darkstone Periapt":6,"Lizard Tail":0,"counters":[24,109],"obtain_stats":[{"Darkstone Periapt":26,"energizedSpire:RedRose":34,"Lantern":10,"NeowsBlessing":0,"halation:IllGainedPizza":43,"Akabeko":11,"Lizard Tail":42,"hubris:Icosahedron":36,"infinitespire:WardingShard":6,"infinitespire:Bottled Soul":48,"Iron Hammer":30,"halation:LettersToHer":44,"DeathKnight:BrokenRuneblade":0,"vexMod:ImprovementManual":17,"hubris:Reverence":9},{"Darkstone Periapt":15,"energizedSpire:RedRose":18,"Lantern":6,"NeowsBlessing":0,"halation:IllGainedPizza":21,"Akabeko":7,"Lizard Tail":21,"hubris:Icosahedron":19,"infinitespire:WardingShard":4,"infinitespire:Bottled Soul":23,"Iron Hammer":17,"halation:LettersToHer":22,"DeathKnight:BrokenRuneblade":0,"vexMod:ImprovementManual":11,"hubris:Reverence":6},{"Darkstone Periapt":61,"energizedSpire:RedRose":76,"Lantern":16,"NeowsBlessing":0,"halation:IllGainedPizza":90,"Akabeko":22,"Lizard Tail":90,"hubris:Icosahedron":80,"infinitespire:WardingShard":12,"infinitespire:Bottled Soul":100,"Iron Hammer":68,"halation:LettersToHer":96,"DeathKnight:BrokenRuneblade":0,"vexMod:ImprovementManual":42,"hubris:Reverence":16}]},"card_choices":[{"not_picked":["DeathKnight:Ossuary","DeathKnight:Parry","DeathKnight:DreadStrike"],"picked":"SKIP","floor":1.0},{"not_picked":["DeathKnight:DeathAndDecay","DeathKnight:Obliterate"],"picked":"DeathKnight:Contagion","floor":3.0},{"not_picked":["DeathKnight:IcyTouch","DeathKnight:Parry"],"picked":"DeathKnight:BloodStrike","floor":5.0},{"not_picked":["DeathKnight:BloodEchoes","DeathKnight:ArmyOfTheDead"],"picked":"DeathKnight:MindFreeze","floor":6.0},{"not_picked":["DeathKnight:BloodEchoes","DeathKnight:BoneShield"],"picked":"DeathKnight:FoulBulwark","floor":7.0},{"not_picked":["DeathKnight:ShatteringStrikes","DeathKnight:DreadStrike"],"picked":"DeathKnight:DeathAndDecay","floor":8.0},{"not_picked":["DeathKnight:FrosPresence","DeathKnight:Hysteria"],"picked":"DeathKnight:DeathGrip","floor":11.0},{"not_picked":["DeathKnight:MindFreeze","DeathKnight:FesteringStrike"],"picked":"DeathKnight:MutagenicPlague","floor":12.0},{"not_picked":["DeathKnight:FrosPresence","DeathKnight:Rot"],"picked":"DeathKnight:Pestilence","floor":13.0},{"not_picked":["DeathKnight:ReapingStrike","DeathKnight:FrostStrike"],"picked":"DeathKnight:Hysteria","floor":14.0},{"not_picked":["DeathKnight:SindragosasBreath","DeathKnight:Razorice"],"picked":"DeathKnight:Defile","floor":16.0},{"not_picked":["DeathKnight:Runeguard","DeathKnight:BloodTap","DeathKnight:Pestilence+1"],"picked":"SKIP","floor":18.0},{"not_picked":["DeathKnight:RunicCorruption+1","DeathKnight:Hysteria+1","DeathKnight:BoneSpear"],"picked":"SKIP","floor":20.0},{"not_picked":["DeathKnight:BludPresence","DeathKnight:Rot"],"picked":"DeathKnight:Contagion","floor":21.0},{"not_picked":["DeathKnight:Contagion","DeathKnight:BladedArmor","DeathKnight:RunicCorruption"],"picked":"SKIP","floor":22.0},{"not_picked":["DeathKnight:Lichborne","DeathKnight:PillarOfFrost+1","DeathKnight:RunicCorruption"],"picked":"SKIP","floor":27.0},{"not_picked":["expansioncontent:GuardianWhirl","expansioncontent:LastStand"],"picked":"hubris:EnhanceAbility","floor":28.0},{"not_picked":["Sadistic Nature","HandOfGreed"],"picked":"Master of Strategy","floor":28.0},{"not_picked":["DeathKnight:BladedArmor","DeathKnight:DancingRuneblade","DeathKnight:HowlingBlast"],"picked":"SKIP","floor":29.0},{"not_picked":["DeathKnight:MarkOfBlood","DeathKnight:SindragosasBreath"],"picked":"DeathKnight:Defile","floor":33},{"not_picked":["DeathKnight:BloodStrike+1","DeathKnight:Pestilence","DeathKnight:Hemostasis"],"picked":"SKIP","floor":35},{"not_picked":["DeathKnight:HornOfWinter+1","DeathKnight:UnholyFrenzy","DeathKnight:MutagenicPlague+1"],"picked":"SKIP","floor":38},{"not_picked":["DeathKnight:HornOfWinter+1","DeathKnight:UnholyFrenzy"],"picked":"DeathKnight:MutagenicPlague+1","floor":38},{"not_picked":["DeathKnight:Hysteria+1","DeathKnight:UnholyFrenzy+1"],"picked":"DeathKnight:UnholyPresence+1","floor":41},{"not_picked":["ReplayTheSpireMod:Black Plague","ReplayTheSpireMod:Book of Names"],"picked":"infinitespire:Punishment","floor":44},{"not_picked":["DeathKnight:UnholyFrenzy+1","DeathKnight:RunicCorruption","DeathKnight:RuneShock+1"],"picked":"SKIP","floor":44},{"not_picked":["DeathKnight:DeathCoil","DeathKnight:HornOfWinter+1","DeathKnight:BladedArmor"],"picked":"SKIP","floor":47}],"player_experience":557542,"relics_obtained":[{"floor":6.0,"key":"infinitespire:WardingShard"},{"floor":9.0,"key":"hubris:Reverence"},{"floor":11.0,"key":"Akabeko"},{"floor":26.0,"key":"Darkstone Periapt"},{"floor":43,"key":"halation:IllGainedPizza"},{"floor":44,"key":"halation:LettersToHer"}],"event_choices":[{"damage_healed":0.0,"max_hp_gain":0.0,"max_hp_loss":0.0,"gold_gain":0.0,"event_name":"The Woman in Blue","player_choice":"Bought 2 Potions","floor":2.0,"gold_loss":0.0,"damage_taken":0.0},{"cards_removed":["DeathKnight:Strike_DeathKnight"],"damage_healed":0.0,"max_hp_gain":0.0,"max_hp_loss":0.0,"gold_gain":0.0,"event_name":"Wheel of Change","player_choice":"Card Removal","floor":4.0,"gold_loss":0.0,"damage_taken":0.0},{"damage_healed":0.0,"max_hp_gain":0.0,"max_hp_loss":0.0,"gold_gain":0.0,"event_name":"Accursed Blacksmith","player_choice":"Forge","floor":19.0,"gold_loss":0.0,"damage_taken":0.0,"cards_upgraded":["DeathKnight:FoulBulwark"]},{"damage_healed":0.0,"max_hp_gain":0.0,"max_hp_loss":0.0,"gold_gain":0.0,"event_name":"betterNote:BetterNote","player_choice":"Ignored","floor":24.0,"gold_loss":0.0,"damage_taken":0.0,"cards_obtained":["infinitespire:UltimateForm"]},{"damage_healed":0.0,"max_hp_gain":0.0,"max_hp_loss":0.0,"gold_gain":2.0,"event_name":"betterStone:BetterStone","player_choice":"1","floor":28.0,"gold_loss":0.0,"damage_taken":0.0},{"damage_healed":0.0,"max_hp_gain":0.0,"max_hp_loss":23.0,"gold_gain":0.0,"event_name":"Vampires","player_choice":"Became a vampire","floor":31.0,"gold_loss":0.0,"damage_taken":0.0,"cards_obtained":["Bite","Bite","Bite","Bite","Bite"]},{"damage_healed":0,"gold_gain":0,"player_choice":"Got Potions","damage_taken":0,"max_hp_gain":0,"max_hp_loss":0,"event_name":"Lab","floor":39,"gold_loss":0},{"damage_healed":0,"gold_gain":0,"player_choice":"Ignored","damage_taken":0,"max_hp_gain":0,"max_hp_loss":0,"event_name":"SecretPortal","floor":45,"gold_loss":0}],"is_beta":false,"boss_relics":[{"not_picked":["aspiration:RitualDagger","aspiration:PoetsPen_weak"],"picked":"vexMod:ImprovementManual"},{"not_picked":["infinitespire:Cupcake","energizedSpire:EnergizedDie"],"picked":"energizedSpire:RedRose"}],"items_purged_floors":[30,42,48],"is_endless":false,"potions_floor_spawned":[1,7,8,14,16,18,22,27,33,35],"ascension_level":0}}