{"host":"39k968ozul35lb6n","time":1608562217,"event":{"mods":["AchievementEnabler","BaseMod","Colored Map","DeckTracker","Highlight Path","Minty Spire (QoL Compilation)","Permanent Neow","StSLib"],"gold_per_floor":[112,112,112,112,126,126,186,219,219,235,249,249,249,259,259,361,361,361,361,361,361,361,361,361,361,361,361,361,361,361,361,361,361,361,361,361,361,361,361,361,361,361,361,361,361,361,361,361,361,361,361,361,361,361,361],"floor_reached":56,"playtime":642,"items_purged":[],"score":1626,"play_id":"ea2de363-dfbc-437e-9485-bb281a601625","local_time":"20201221235017","is_ascension_mode":true,"campfire_choices":[{"floor":6,"key":"RECALL"},{"floor":15,"key":"REST"},{"floor":24,"key":"REST"},{"floor":32,"key":"REST"},{"floor":45,"key":"REST"},{"floor":47,"key":"REST"},{"floor":49,"key":"REST"},{"floor":52,"key":"REST"}],"circlet_count":0,"master_deck":["Searing Blow+50","Searing Blow+50","Feed+1"],"relics":["Burning Blood","Boot","WingedGreaves","Sundial","Ectoplasm","Enchiridion","Pen Nib","Runic Cube","Ornamental Fan","Molten Egg 2","Paper Frog"],"acts_visited":["Exordium","TheCity","TheBeyond","TheEnding"],"potions_floor_usage":[],"damage_taken":[{"damage":0,"enemies":"Cultist","floor":1,"turns":1},{"damage":0,"enemies":"Jaw Worm","floor":2,"turns":1},{"damage":0,"enemies":"Small Slimes","floor":5,"turns":2},{"damage":0,"enemies":"Lagavulin","floor":8,"turns":1},{"damage":8,"enemies":"Exordium Wildlife","floor":10,"turns":2},{"damage":0,"enemies":"2 Fungi Beasts","floor":11,"turns":2},{"damage":0,"enemies":"Looter","floor":12,"turns":1},{"damage":0,"enemies":"Large Slime","floor":13,"turns":1},{"damage":16,"enemies":"3 Louse","floor":14,"turns":3},{"damage":0,"enemies":"Slime Boss","floor":16,"turns":1},{"damage":0,"enemies":"Shell Parasite","floor":18,"turns":1},{"damage":0,"enemies":"Chosen","floor":19,"turns":1},{"damage":0,"enemies":"Snecko","floor":21,"turns":1},{"damage":0,"enemies":"Book of Stabbing","floor":23,"turns":1},{"damage":0,"enemies":"3 Cultists","floor":25,"turns":2},{"damage":0,"enemies":"Cultist and Chosen","floor":29,"turns":1},{"damage":0,"enemies":"Centurion and Healer","floor":30,"turns":1},{"damage":0,"enemies":"Automaton","floor":33,"turns":1},{"damage":9,"enemies":"3 Darklings","floor":35,"turns":2},{"damage":0,"enemies":"Orb Walker","floor":37,"turns":1},{"damage":6,"enemies":"4 Shapes","floor":39,"turns":2},{"damage":0,"enemies":"Reptomancer","floor":40,"turns":1},{"damage":10,"enemies":"Sphere and 2 Shapes","floor":41,"turns":2},{"damage":14,"enemies":"3 Darklings","floor":42,"turns":2},{"damage":0,"enemies":"Maw","floor":46,"turns":1},{"damage":0,"enemies":"Donu and Deca","floor":50,"turns":1},{"damage":0,"enemies":"Shield and Spear","floor":54,"turns":1},{"damage":68,"enemies":"The Heart","floor":55,"turns":3}],"seed_played":"-9093449452378228840","potions_obtained":[{"floor":0,"key":"PowerPotion"},{"floor":0,"key":"FairyPotion"},{"floor":0,"key":"LiquidMemories"}],"is_trial":false,"path_per_floor":["M","M","?","?","M","R","?","E","T","M","M","M","M","M","R","B",null,"M","M","?","M","?","E","R","M","T","?","?","M","M","$","R","B",null,"M","?","M","?","M","E","M","M","T","?","R","M","R","$","R","B",null,"R","$","E","B",null],"character_chosen":"IRONCLAD","items_purchased":[],"campfire_rested":7,"item_purchase_floors":[],"current_hp_per_floor":[80,80,80,80,80,80,80,80,80,78,80,80,80,70,80,80,80,80,80,64,70,55,61,85,85,85,85,85,85,85,85,85,85,85,82,82,85,85,85,85,81,73,73,73,85,85,85,85,85,89,89,89,89,89,27],"gold":361,"neow_bonus":"THREE_SMALL_POTIONS","is_daily":false,"chose_seed":false,"campfire_upgraded":0,"win_rate":0.0,"timestamp":1608562217,"path_taken":["M","M","?","?","M","R","?","E","T","M","?","M","M","M","R","BOSS","M","M","?","M","?","E","R","M","T","?","?","M","M","$","R","BOSS","M","?","M","?","M","E","M","?","T","?","R","?","R","?","R","BOSS","R","$","E","BOSS"],"items_purchased_type":[],"build_version":"2020-12-13","purchased_purges":0,"victory":true,"max_hp_per_floor":[80,80,80,80,80,80,80,80,80,80,80,80,80,80,80,80,80,80,80,80,80,85,85,85,85,85,85,85,85,85,85,85,85,85,85,85,85,85,85,85,85,85,85,85,85,85,85,85,85,89,89,89,89,89,89],"card_choices":[{"not_picked":["Anger","Perfected Strike","Exhume"],"picked":"SKIP","floor":1},{"not_picked":["Shrug It Off","Cleave","Headbutt"],"picked":"SKIP","floor":2},{"not_picked":["Dropkick","Heavy Blade","Pummel"],"picked":"SKIP","floor":5},{"not_picked":["Shockwave","Havoc","Iron Wave"],"picked":"SKIP","floor":8},{"not_picked":["Twin Strike","Anger","Shrug It Off"],"picked":"SKIP","floor":10},{"not_picked":["Ghostly Armor","Dark Embrace","Warcry"],"picked":"SKIP","floor":11},{"not_picked":["Wild Strike","Sword Boomerang","Headbutt"],"picked":"SKIP","floor":12},{"not_picked":["Rage","Shrug It Off","Flame Barrier"],"picked":"SKIP","floor":13},{"not_picked":["Intimidate","Carnage","Anger"],"picked":"SKIP","floor":14},{"not_picked":["Sword Boomerang","Flame Barrier+1","Havoc"],"picked":"SKIP","floor":18},{"not_picked":["Havoc+1","Fire Breathing+1","Pommel Strike"],"picked":"SKIP","floor":19},{"not_picked":["Warcry","Heavy Blade","Clothesline+1"],"picked":"SKIP","floor":21},{"not_picked":["Headbutt","Pommel Strike","Perfected Strike+1"],"picked":"SKIP","floor":23},{"not_picked":["Iron Wave","Rampage","Rage"],"picked":"SKIP","floor":25},{"not_picked":["Rage","Cleave","True Grit+1"],"picked":"SKIP","floor":29},{"not_picked":["Sword Boomerang+1","Perfected Strike","Searing Blow"],"picked":"SKIP","floor":30},{"not_picked":["Armaments","Twin Strike+1","Dark Embrace+1"],"picked":"SKIP","floor":35},{"not_picked":["Clothesline+1","Pummel+1","True Grit"],"picked":"SKIP","floor":37},{"not_picked":["Carnage+1","Sword Boomerang+1","Whirlwind+1"],"picked":"SKIP","floor":39},{"not_picked":["Cleave+1","Seeing Red","Second Wind+1"],"picked":"SKIP","floor":40},{"not_picked":["Shrug It Off","Iron Wave+1","Dual Wield"],"picked":"SKIP","floor":41},{"not_picked":["True Grit","Second Wind","Evolve"],"picked":"SKIP","floor":42},{"not_picked":["Hemokinesis+1","Fire Breathing","Sword Boomerang+1"],"picked":"SKIP","floor":46},{"not_picked":["Havoc+1","Clash+1","Headbutt+1"],"picked":"SKIP","floor":54}],"player_experience":183382,"relics_obtained":[{"floor":8,"key":"Sundial"},{"floor":20,"key":"Enchiridion"},{"floor":26,"key":"Pen Nib"},{"floor":40,"key":"Ornamental Fan"},{"floor":43,"key":"Molten Egg 2"},{"floor":54,"key":"Paper Frog"}],"event_choices":[{"damage_healed":0,"gold_gain":0,"player_choice":"Ignored","damage_taken":0,"max_hp_gain":0,"max_hp_loss":0,"event_name":"Liars Game","floor":3,"gold_loss":0},{"damage_healed":0,"gold_gain":0,"player_choice":"Leave","damage_taken":0,"max_hp_gain":0,"max_hp_loss":0,"event_name":"The Cleric","floor":4,"gold_loss":0},{"damage_healed":0,"gold_gain":60,"player_choice":"Gained Gold","damage_taken":0,"max_hp_gain":0,"max_hp_loss":0,"event_name":"Golden Wing","floor":7,"gold_loss":0},{"damage_healed":0,"gold_gain":0,"player_choice":"Obtained Book","damage_taken":16,"max_hp_gain":0,"max_hp_loss":0,"event_name":"Cursed Tome","floor":20,"gold_loss":0},{"damage_healed":0,"gold_gain":0,"player_choice":"Shed Blood","damage_taken":20,"max_hp_gain":5,"max_hp_loss":0,"event_name":"Forgotten Altar","floor":22,"gold_loss":0},{"damage_healed":0,"gold_gain":0,"player_choice":"Ignored","damage_taken":0,"max_hp_gain":0,"max_hp_loss":0,"event_name":"Ghosts","floor":27,"gold_loss":0},{"damage_healed":0,"gold_gain":0,"player_choice":"Ignored","damage_taken":0,"max_hp_gain":0,"max_hp_loss":0,"event_name":"Vampires","floor":28,"gold_loss":0},{"damage_healed":0,"gold_gain":0,"player_choice":"Ignored","damage_taken":0,"max_hp_gain":0,"max_hp_loss":0,"event_name":"Tomb of Lord Red Mask","floor":36,"gold_loss":0},{"damage_healed":0,"gold_gain":0,"player_choice":"Full Heal","damage_taken":0,"max_hp_gain":0,"max_hp_loss":0,"event_name":"Wheel of Change","floor":38,"gold_loss":0},{"damage_healed":0,"gold_gain":100,"player_choice":"Pray","damage_taken":0,"max_hp_gain":0,"max_hp_loss":0,"event_name":"Golden Shrine","floor":44,"gold_loss":0}],"is_beta":false,"boss_relics":[{"not_picked":["Tiny House","Astrolabe"],"picked":"Ectoplasm"},{"not_picked":["Cursed Key","Empty Cage"],"picked":"Runic Cube"}],"items_purged_floors":[],"is_endless":false,"potions_floor_spawned":[2,8,11,13,14,16,19,21,29,33,39,40,42,54],"ascension_level":2}}