{"host":"63yhhrjweyj22b0v","time":1608547269,"event":{"mods":["BaseMod","Minty Spire (QoL Compilation)","Quick Restart"],"gold_per_floor":[118,133,308,20,20,20,20,36,83,110,110,129,129,143,143,244,244,259,12,25,44,60,60,75,93,93,93,106,106,116,147,147,147,147],"floor_reached":33,"playtime":1524,"items_purged":["Doubt","Strike_P"],"score":321,"play_id":"08a2324c-3f1a-42de-9314-3d9d7e630f9c","local_time":"20201221044109","is_ascension_mode":false,"campfire_choices":[{"data":"Eruption","floor":6,"key":"SMITH"},{"floor":11,"key":"REST"},{"data":"SandsOfTime","floor":15,"key":"SMITH"},{"floor":23,"key":"REST"},{"floor":27,"key":"REST"},{"floor":32,"key":"REST"}],"circlet_count":0,"master_deck":["Strike_P","Strike_P","Strike_P","Defend_P","Defend_P+1","Defend_P","Defend_P","Eruption+1","Vigilance","JustLucky","PathToVictory","LikeWater+1","ClearTheMind","Consecrate","FollowUp","Tantrum","PathToVictory+1","SandsOfTime+1","LessonLearned","SignatureMove","EmptyFist+1","PathToVictory","Consecrate","LikeWater","DeusExMachina","Consecrate+1","Consecrate+1"],"relics":["HolyWater","NeowsBlessing","Vajra","Damaru","Regal Pillow","Mercury Hourglass","Nloth\u0027s Gift","Molten Egg 2"],"acts_visited":["Exordium","TheCity"],"potions_floor_usage":[16,16,16,18,21,28,30,33],"damage_taken":[{"damage":0,"enemies":"Small Slimes","floor":1,"turns":1},{"damage":0,"enemies":"Jaw Worm","floor":2,"turns":1},{"damage":0,"enemies":"2 Louse","floor":8,"turns":1},{"damage":16,"enemies":"3 Sentries","floor":10,"turns":7},{"damage":13,"enemies":"Gremlin Gang","floor":12,"turns":3},{"damage":5,"enemies":"Blue Slaver","floor":14,"turns":2},{"damage":21,"enemies":"Hexaghost","floor":16,"turns":5},{"damage":0,"enemies":"Spheric Guardian","floor":18,"turns":2},{"damage":20,"enemies":"2 Thieves","floor":20,"turns":4},{"damage":38,"enemies":"Shelled Parasite and Fungi","floor":21,"turns":5},{"damage":0,"enemies":"Cultist and Chosen","floor":22,"turns":3},{"damage":10,"enemies":"3 Cultists","floor":24,"turns":3},{"damage":43,"enemies":"Centurion and Healer","floor":25,"turns":4},{"damage":4,"enemies":"Snake Plant","floor":28,"turns":3},{"damage":15,"enemies":"3 Cultists","floor":30,"turns":3},{"damage":0,"enemies":"Gremlin Leader","floor":31,"turns":4},{"damage":91,"enemies":"Champ","floor":33,"turns":7}],"seed_played":"9179026023286782473","potions_obtained":[{"floor":10,"key":"BottledMiracle"},{"floor":12,"key":"DistilledChaos"},{"floor":14,"key":"DistilledChaos"},{"floor":16,"key":"Explosive Potion"},{"floor":20,"key":"Fruit Juice"},{"floor":22,"key":"EssenceOfSteel"},{"floor":25,"key":"Block Potion"},{"floor":31,"key":"Explosive Potion"}],"is_trial":false,"path_per_floor":["M","M","?","$","?","R","$","M","T","E","R","M","?","M","R","B",null,"M","$","M","M","M","R","M","M","T","R","M","?","M","E","R","B"],"character_chosen":"WATCHER","items_purchased":["LikeWater","ClearTheMind","Consecrate","TalkToTheHand","Regal Pillow"],"campfire_rested":4,"item_purchase_floors":[4,4,4,4,19],"current_hp_per_floor":[72,72,72,72,60,60,60,60,60,44,65,52,72,67,67,46,72,72,72,52,19,19,57,47,4,4,42,38,38,23,23,61,0,0],"gold":147,"neow_bonus":"THREE_ENEMY_KILL","is_daily":false,"chose_seed":false,"campfire_upgraded":2,"win_rate":0.0,"timestamp":1608547269,"path_taken":["M","M","?","$","?","R","$","M","T","E","R","M","?","M","R","BOSS","M","$","M","M","M","R","M","M","T","R","?","?","M","E","R","BOSS"],"items_purchased_type":["Card","Card","Card","Card","Relic"],"build_version":"2020-12-13","purchased_purges":2,"victory":false,"max_hp_per_floor":[72,72,72,72,72,72,72,72,72,72,72,72,72,72,72,72,72,72,72,72,77,77,77,77,77,77,77,77,77,77,77,77,77,77],"card_choices":[{"not_picked":["DeceiveReality","Collect"],"picked":"JustLucky","floor":1},{"not_picked":["Conclude","WaveOfTheHand"],"picked":"PathToVictory","floor":2},{"not_picked":["ClearTheMind","Meditate","Evaluate"],"picked":"FollowUp","floor":8},{"not_picked":["Vengeance","WreathOfFlame","Fasting2"],"picked":"Tantrum","floor":10},{"not_picked":["Protect","Swivel","CrushJoints"],"picked":"PathToVictory","floor":12},{"not_picked":["Scrawl","EmptyFist","EmptyMind"],"picked":"SandsOfTime","floor":14},{"not_picked":["Brilliance","Vault","Scrawl"],"picked":"LessonLearned","floor":16},{"not_picked":["Conclude","Sanctity+1","Weave+1"],"picked":"SignatureMove","floor":18},{"not_picked":["JustLucky","WaveOfTheHand","CutThroughFate"],"picked":"EmptyFist","floor":20},{"not_picked":["EmptyFist+1","Protect","WreathOfFlame+1","FlyingSleeves"],"picked":"SKIP","floor":21},{"not_picked":["Indignation+1","TalkToTheHand","SashWhip"],"picked":"PathToVictory","floor":22},{"not_picked":["Evaluate","FlurryOfBlows","CrushJoints"],"picked":"Consecrate","floor":24},{"not_picked":["ClearTheMind","ReachHeaven+1","Collect+1"],"picked":"LikeWater","floor":25},{"not_picked":["JustLucky","Consecrate","FollowUp"],"picked":"DeusExMachina","floor":28},{"not_picked":["Protect","JustLucky"],"picked":"Consecrate+1","floor":30},{"not_picked":["Crescendo+1","EmptyFist+1"],"picked":"Consecrate+1","floor":31}],"player_experience":625226,"relics_obtained":[{"floor":9,"key":"Vajra"},{"floor":10,"key":"Damaru"},{"floor":26,"key":"Mercury Hourglass"},{"floor":31,"key":"Molten Egg 2"}],"event_choices":[{"damage_healed":0,"gold_gain":175,"player_choice":"AGREE","damage_taken":0,"max_hp_gain":0,"max_hp_loss":0,"event_name":"Liars Game","floor":3,"gold_loss":0,"cards_obtained":["Doubt"]},{"damage_healed":0,"gold_gain":0,"player_choice":"Success","damage_taken":12,"relics_obtained":["Question Card"],"max_hp_gain":0,"max_hp_loss":0,"event_name":"Scrap Ooze","floor":5,"gold_loss":0},{"cards_removed":["TalkToTheHand"],"damage_healed":20,"gold_gain":0,"player_choice":"Offered Uncommon","damage_taken":0,"max_hp_gain":0,"max_hp_loss":0,"event_name":"Bonfire Elementals","floor":13,"gold_loss":0},{"damage_healed":0,"gold_gain":0,"player_choice":"Traded Relic","damage_taken":0,"relics_obtained":["Nloth\u0027s Gift"],"max_hp_gain":0,"max_hp_loss":0,"event_name":"N\u0027loth","floor":29,"relics_lost":["Question Card"],"gold_loss":0}],"is_beta":false,"boss_relics":[{"not_picked":["Astrolabe","Velvet Choker"],"picked":"HolyWater"}],"items_purged_floors":[4,19],"is_endless":false,"potions_floor_spawned":[10,12,14,16,20,22,25,31],"killed_by":"Champ","ascension_level":0}}