{"host":"2nhpogk5xa0u9xre","time":1608525114,"event":{"mods":["Aspiration","BaseMod","Colored Powertips","Googly Eyes","Hubris","Infinite Spire","Minty Spire (QoL Compilation)","Rare Cards Sparkle","Replay The Spire","StSLib","The Construct","The Hayseed","The Hierophant","The Runesmith","everything is the same but u backflip on backflip"],"gold_per_floor":[116,131,131,149,166,198,198,123,123,140,166,166,17,27,27,125,125,136,118,131,149,165,165,165],"floor_reached":23,"playtime":1630,"items_purged":["construct:Strike_Gold","construct:Strike_Gold"],"score":257,"play_id":"23f1c5e0-b864-4279-b38f-3b8319c00dcc","local_time":"20201220233154","is_ascension_mode":false,"campfire_choices":[{"data":"construct:LaserCore","floor":7,"key":"SMITH"},{"floor":15,"key":"REST"}],"circlet_count":0,"master_deck":["construct:Strike_Gold","construct:Strike_Gold","construct:Strike_Gold","construct:Defend_Gold","construct:Defend_Gold","construct:Defend_Gold","construct:Defend_Gold","construct:Defend_Gold","construct:DefenseMode","construct:ReactiveShield","construct:ShiftGuard","construct:Boost","construct:ShiftGuard","construct:Analyze","construct:LaserCore+1","construct:ShieldGenerator","construct:Autoturret","construct:Autoturret","construct:FlameCore","construct:ShiftGuard","construct:Zapper+1","construct:GuardCore+1"],"relics":["construct:Cogwheel","Incense Burner","hubris:MedicalManual","Pantograph","Orichalcum","SlaversCollar"],"acts_visited":["Exordium","TheCity"],"potions_floor_usage":[11,11,14,14,16,19,19,19,19,19,19,21],"damage_taken":[{"damage":10,"enemies":"Cultist","floor":1,"turns":6},{"damage":0,"enemies":"2 Louse","floor":2,"turns":5},{"damage":6,"enemies":"Jaw Worm","floor":4,"turns":5},{"damage":5,"enemies":"Exordium Thugs","floor":5,"turns":7},{"damage":5,"enemies":"3 Sentries","floor":6,"turns":16},{"damage":0,"enemies":"Red Slaver","floor":10,"turns":6},{"damage":16,"enemies":"Gremlin Nob","floor":11,"turns":9},{"damage":12,"enemies":"Gremlin Gang","floor":14,"turns":5},{"damage":0,"enemies":"Fading Forest","floor":16,"turns":11},{"damage":3,"enemies":"Spheric Guardian","floor":18,"turns":8},{"damage":23,"enemies":"2 Thieves","floor":19,"turns":4},{"damage":15,"enemies":"Snake Plant","floor":20,"turns":10},{"damage":6,"enemies":"Centurion and Healer","floor":21,"turns":13},{"damage":10,"enemies":"Snecko","floor":22,"turns":8},{"damage":31,"enemies":"Slavers","floor":23,"turns":2}],"seed_played":"6009690237365074906","potions_obtained":[{"floor":2,"key":"Doom Potion"},{"floor":4,"key":"Weak Potion"},{"floor":11,"key":"EntropicBrew"},{"floor":14,"key":"EntropicBrew"},{"floor":16,"key":"construct:MegaPotion"},{"floor":20,"key":"SpeedPotion"}],"is_trial":false,"path_per_floor":["M","M","T","M","M","E","R","$","T","M","E","?","$","M","R","B",null,"M","M","M","M","M","E"],"character_chosen":"THE_CONSTRUCT_MOD","items_purchased":["construct:Autoturret"],"campfire_rested":1,"item_purchase_floors":[13],"current_hp_per_floor":[75,75,75,69,64,59,59,59,59,59,43,43,43,31,56,81,85,82,59,44,38,28,0,0],"gold":165,"neow_bonus":"THREE_CARDS","is_daily":false,"chose_seed":false,"campfire_upgraded":1,"win_rate":0.0,"timestamp":1608525114,"path_taken":["M","M","?","M","M","E","R","$","T","M","E","?","$","M","R","BOSS","M","M","?","M","M","E"],"items_purchased_type":["Card"],"build_version":"2020-12-13","purchased_purges":2,"victory":false,"max_hp_per_floor":[85,85,85,85,85,85,85,85,85,85,85,85,85,85,85,85,85,85,85,85,85,85,85,85],"card_choices":[{"not_picked":["construct:Forcefield","construct:ShiftStrike"],"picked":"construct:ReactiveShield","floor":0},{"not_picked":["construct:HeavyBolt","construct:Forcefield"],"picked":"construct:ShiftGuard","floor":1},{"not_picked":["construct:ScrapCannon","construct:SaveState"],"picked":"construct:Boost","floor":2},{"not_picked":["construct:ShiftStrike","construct:SyphonStrike"],"picked":"construct:ShiftGuard","floor":4},{"not_picked":["construct:ModeShift","construct:ForceCore"],"picked":"construct:Analyze","floor":5},{"not_picked":["construct:Missile","construct:ClusterMines"],"picked":"construct:LaserCore","floor":6},{"not_picked":["construct:ScrapCannon","construct:ClusterMines"],"picked":"construct:ShieldGenerator","floor":10},{"not_picked":["construct:Backfire","construct:Impenetrable"],"picked":"construct:Autoturret","floor":11},{"not_picked":["construct:CriticalHit","construct:Versatility","construct:Antimatter"],"picked":"SKIP","floor":14},{"not_picked":["construct:Isolate","construct:HardReboot"],"picked":"construct:FlameCore","floor":18},{"not_picked":["construct:ModeShift","construct:ClusterMines+1"],"picked":"construct:ShiftGuard","floor":19},{"not_picked":["construct:Impenetrable","construct:Electrocute+1","construct:OneWayMirror"],"picked":"SKIP","floor":20},{"not_picked":["construct:Autoturret","construct:VentSteam"],"picked":"construct:Zapper+1","floor":21},{"not_picked":["construct:SaveState+1","construct:Anticipate+1"],"picked":"construct:GuardCore+1","floor":22}],"player_experience":187500,"relics_obtained":[{"floor":3,"key":"Incense Burner"},{"floor":6,"key":"hubris:MedicalManual"},{"floor":9,"key":"Pantograph"},{"floor":11,"key":"Orichalcum"}],"event_choices":[{"cards_removed":["construct:AttackMode"],"damage_healed":0,"gold_gain":0,"player_choice":"Offered Basic","damage_taken":0,"max_hp_gain":0,"max_hp_loss":0,"event_name":"Bonfire Elementals","floor":12,"gold_loss":0}],"is_beta":false,"boss_relics":[{"not_picked":["construct:ClawGrip","Philosopher\u0027s Stone"],"picked":"SlaversCollar"}],"items_purged_floors":[8,13],"is_endless":false,"potions_floor_spawned":[2,4,11,14,16,18,20],"killed_by":"Slavers","ascension_level":0}}