{"host":"78dc0zfdqzrciwy4","time":1608593780,"event":{"mods":["Aspiration","BaseMod","BetterRewards","Colored Map","Downfall","Highlight Path","Hubris","Infinite Spire","Minty Spire (QoL Compilation)","Random Character Button","Relic Filter","Replay The Spire","StSLib","The Animator","vexMod"],"gold_per_floor":[117,65,100,100,118,149,149,176,229,256,256,256,281,313,325,442,454,483,495,518,530,556,568,580,607,619,39,52,67,92,92,92,194,194,208,226,226,240,240,267,267,283,283,313,313,313,332,364,364,364,364,364,93,128,128],"floor_reached":56,"playtime":9630,"items_purged":["champ:Defend","champ:Strike","champ:Strike","champ:Defend"],"score":1275,"play_id":"95eb41a7-6fb4-4599-840d-55743f0b3985","local_time":"20201221183620","is_ascension_mode":false,"campfire_choices":[{"floor":7,"key":"REST"},{"floor":11,"key":"REST"},{"data":"champ:VampiricStrike","floor":15,"key":"SMITH"},{"data":"champ:Backstep","floor":23,"key":"SMITH"},{"floor":41,"key":"REST"},{"floor":46,"key":"RECALL"},{"floor":49,"key":"REST"},{"floor":52,"key":"REST"}],"circlet_count":0,"master_deck":["champ:Strike","champ:Defend","champ:Execute","champ:Taunt","champ:FanOfKnives","champ:SkillfulDodge+1","champ:Shatter+1","champ:Encircle","champ:GladiatorStyle","champ:Duel","champ:VampiricStrike+1","champ:AdrenalArmor","champ:ShieldWall","champ:ShieldWall","champ:SteelEdge","champ:BringItOn+1","champ:AdrenalArmor","champ:DefensiveStyle","champ:CrownThrow","champ:FlashCut","champ:Backstep+1","champ:IronFortress","champ:PreciseThrust","champ:Backstep+1","champ:GladiatorsShout","champ:VampiricStrike","champ:BerserkersShout+1","champ:DeathBlow+1","champ:Duel+1","champ:AdrenalArmor+1","champ:Backstep+1","Heavy Blade","champ:GutPunch","champ:Haymaker","champ:GutPunch","Body Slam","champ:Haymaker+1","champ:CalledShot+1","champ:BerserkerStyle+1","champ:Backstep+1","champ:BringItOn+1"],"relics":["champ:ChampionCrown","FossilizedHelix","Pondfish Scales","aspiration:ChemicalBlood","Vajra","Prayer Wheel","MawBank","vexMod:TanglingVine","hubris:DisguiseKit","Lee\u0027s Waffle","infinitespire:Cupcake","Ice Cream","Medical Kit","Toxic Egg 2","Fusion Hammer","ReplayTheSpireMod:TigerMarble","Simple Rune","Frozen Egg 2","ReplayFunnel","Bronze Scales","Chemical X","Shuriken"],"acts_visited":["Exordium","TheCity","TheBeyond","TheEnding"],"potions_floor_usage":[10,20,20,22,28,30,30,33,40,47,48,50,50,54,55,55,55,55],"damage_taken":[{"damage":11,"enemies":"2 Louse","floor":1,"turns":3},{"damage":8,"enemies":"Cultist","floor":5,"turns":5},{"damage":48,"enemies":"3 Sentries","floor":6,"turns":9},{"damage":24,"enemies":"Gremlin Nob","floor":8,"turns":4},{"damage":21,"enemies":"3 Sentries","floor":10,"turns":7},{"damage":0,"enemies":"Jaw Worm","floor":13,"turns":2},{"damage":12,"enemies":"2 Fungi Beasts","floor":14,"turns":3},{"damage":50,"enemies":"The Guardian","floor":16,"turns":12},{"damage":16,"enemies":"Chosen","floor":18,"turns":6},{"damage":23,"enemies":"3 Byrds","floor":20,"turns":5},{"damage":4,"enemies":"Snake Plant","floor":22,"turns":3},{"damage":24,"enemies":"Centurion and Healer","floor":25,"turns":7},{"damage":41,"enemies":"3 Cultists","floor":28,"turns":6},{"damage":29,"enemies":"Chosen and Byrds","floor":29,"turns":6},{"damage":36,"enemies":"Slavers","floor":30,"turns":5},{"damage":107,"enemies":"Collector","floor":33,"turns":15},{"damage":35,"enemies":"Orb Walker","floor":35,"turns":5},{"damage":35,"enemies":"3 Darklings","floor":36,"turns":5},{"damage":49,"enemies":"Jaw Worm Horde","floor":38,"turns":4},{"damage":131,"enemies":"Nemesis","floor":40,"turns":7},{"damage":10,"enemies":"Spire Growth","floor":42,"turns":5},{"damage":47,"enemies":"Giant Head","floor":44,"turns":6},{"damage":45,"enemies":"Maw","floor":47,"turns":7},{"damage":20,"enemies":"Reptomancer","floor":48,"turns":3},{"damage":95,"enemies":"Awakened One","floor":50,"turns":8},{"damage":48,"enemies":"Shield and Spear","floor":54,"turns":5},{"damage":73,"enemies":"The Heart","floor":55,"turns":9}],"seed_played":"-7998213568212322790","potions_obtained":[{"floor":5,"key":"Dexterity Potion"},{"floor":6,"key":"champ:TechniquePotion"},{"floor":8,"key":"Milkshake"},{"floor":16,"key":"Flashbang"},{"floor":20,"key":"champ:CounterPotion"},{"floor":22,"key":"ColorlessPotion"},{"floor":25,"key":"Energy Potion"},{"floor":33,"key":"champ:CounterPotion"},{"floor":33,"key":"LiquidBronze"},{"floor":44,"key":"Strength Potion"},{"floor":47,"key":"Fruit Juice"},{"floor":47,"key":"SteroidPotion"},{"floor":48,"key":"Adrenaline Potion"},{"floor":50,"key":"SkillPotion"},{"floor":54,"key":"Adrenaline Potion"}],"is_trial":false,"path_per_floor":["M","$","?","?","M","E","R","E","T","E","R","?","M","M","R","B",null,"M","?","M","?","M","R","AVR","M","T","$","M","M","E","$","R_BF","B",null,"M","M","?","M","AVR","E","R","M","T","E","?","R","M","E","R","B",null,"R","$","E","B",null],"character_chosen":"THE_CHAMP","items_purchased":["champ:SkillfulDodge+1","Ice Cream","champ:PreciseThrust","Medical Kit","Chemical X","champ:Backstep+1"],"campfire_rested":5,"item_purchase_floors":[2,27,27,27,53,53],"current_hp_per_floor":[93,93,54,54,59,23,52,35,35,21,50,50,62,63,63,56,99,99,99,89,89,89,89,106,105,105,105,85,78,75,75,106,71,106,91,104,104,78,78,45,76,106,106,106,106,106,111,111,111,111,111,111,111,98,89],"gold":128,"neow_bonus":"TEN_PERCENT_HP_BONUS","is_daily":false,"chose_seed":false,"campfire_upgraded":2,"win_rate":0.0,"timestamp":1608593780,"path_taken":["M","$","?","?","?","E","R","E","T","E","R","?","M","M","R","BOSS","M","?","M","?","M","R","AVR","M","T","$","?","M","E","?","R_BF","BOSS","M","M","?","M","AVR","E","R","M","T","E","?","R","M","E","R","BOSS","R","$","E","BOSS"],"items_purchased_type":["Card","Relic","Card","Relic","Relic","Card"],"build_version":"2020-12-13","purchased_purges":4,"victory":true,"max_hp_per_floor":[99,99,99,99,99,99,99,99,99,99,99,99,99,99,99,99,99,99,99,99,99,99,99,106,106,106,106,106,106,106,106,106,106,106,106,106,106,106,106,106,106,106,106,106,106,106,111,111,111,111,111,111,111,111,111],"card_choices":[{"not_picked":["champ:RecklessLeap","champ:BerserkersShout"],"picked":"champ:FanOfKnives","floor":1},{"not_picked":["champ:BladeFlurry","champ:BerserkersShout"],"picked":"champ:Shatter","floor":3},{"not_picked":["champ:FlashCut","champ:CrookedStrike"],"picked":"champ:Encircle","floor":5},{"not_picked":["champ:RisingSlash","champ:GladiatorsShout"],"picked":"champ:GladiatorStyle","floor":6},{"not_picked":["champ:Circumvent","champ:RapidStrikes"],"picked":"champ:Duel","floor":8},{"not_picked":["champ:Encircle","champ:CrookedStrike"],"picked":"champ:VampiricStrike","floor":10},{"not_picked":["champ:HeartStrike","champ:GutPunch"],"picked":"champ:AdrenalArmor","floor":13},{"not_picked":["champ:BladeFlurry","champ:GladiatorsShout"],"picked":"champ:ShieldWall","floor":13},{"not_picked":["champ:SkillfulDodge","champ:EndlessRage"],"picked":"champ:ShieldWall","floor":14},{"not_picked":["champ:AdrenalArmor","champ:Lariat","champ:FalseCounter"],"picked":"SKIP","floor":14},{"not_picked":["champ:MurderStrike","champ:CrownThrow"],"picked":"champ:SteelEdge","floor":16},{"not_picked":["champ:CrookedStrike","champ:TornadoPunch+1"],"picked":"champ:BringItOn+1","floor":18},{"not_picked":["champ:FanOfKnives","champ:PerfectedStrike+1"],"picked":"champ:AdrenalArmor","floor":18},{"not_picked":["champ:FanOfKnives","champ:CrookedStrike+1"],"picked":"champ:DefensiveStyle","floor":20},{"not_picked":["champ:ArenaPreparation+1","champ:GladiatorsShout"],"picked":"champ:CrownThrow","floor":20},{"not_picked":["champ:TornadoPunch+1","champ:Circumvent","Combust"],"picked":"champ:FlashCut","floor":22},{"not_picked":["champ:EnGarde","champ:GladiatorsShout+1","Pommel Strike"],"picked":"champ:Backstep","floor":22},{"not_picked":["champ:DefensiveShout","champ:EndlessRage","Replay:Undeath\u0027s Touch"],"picked":"champ:IronFortress","floor":25},{"not_picked":["champ:DeathBlow+1","champ:Lariat+1","champ:FanOfKnives","Dual Wield"],"picked":"SKIP","floor":25},{"not_picked":["champ:PerfectedStrike","champ:CrookedStrike+1","Replay:Undeath\u0027s Touch"],"picked":"champ:Backstep+1","floor":28},{"not_picked":["champ:PerfectedStrike","champ:BladeFlurry+1","Armaments"],"picked":"champ:GladiatorsShout","floor":28},{"not_picked":["champ:PreciseThrust","champ:BringItOn","Warcry"],"picked":"champ:VampiricStrike","floor":29},{"not_picked":["champ:TornadoPunch","champ:RapidStrikes+1","champ:FanOfKnives+1","Thunderclap"],"picked":"SKIP","floor":29},{"not_picked":["champ:GladiatorsShout+1","champ:ShieldWall","Wild Strike"],"picked":"champ:BerserkersShout+1","floor":30},{"not_picked":["champ:BerserkerStyle","champ:HeavySlash","Clash"],"picked":"champ:DeathBlow+1","floor":35},{"not_picked":["champ:FocusedBerserking+1","champ:PreciseThrust+1","Iron Wave"],"picked":"champ:Duel+1","floor":35},{"not_picked":["champ:Haymaker","champ:HeartStrike+1","Evolve"],"picked":"champ:AdrenalArmor+1","floor":36},{"not_picked":["champ:FanOfKnives","champ:BerserkersShout+1","ReplayTheSpireMod:Stacked"],"picked":"champ:Backstep+1","floor":36},{"not_picked":["champ:BringItOn+1","champ:FalseCounter+1","champ:BerserkersShout+1"],"picked":"Heavy Blade","floor":38},{"not_picked":["champ:Encircle+1","champ:IronFortress","Flex"],"picked":"champ:GutPunch","floor":38},{"not_picked":["champ:AdrenalArmor+1","champ:EnGarde+1","Disarm"],"picked":"champ:Haymaker","floor":40},{"not_picked":["champ:Haymaker","champ:RisingSlash+1","Run Through"],"picked":"champ:GutPunch","floor":42},{"not_picked":["champ:BerserkersShout+1","champ:Haymaker+1","champ:FocusedDefense+1"],"picked":"Body Slam","floor":42},{"not_picked":["champ:Backstep+1","champ:FaceSlap+1","Anger"],"picked":"champ:Haymaker+1","floor":44},{"not_picked":["champ:StanceDance+1","champ:SkillfulDodge+1","Iron Wave"],"picked":"champ:CalledShot+1","floor":47},{"not_picked":["champ:RapidStrikes+1","champ:Riposte+1","champ:ShieldWall+1","Reckless Charge"],"picked":"SKIP","floor":47},{"not_picked":["champ:DefensiveShout+1","champ:FanOfKnives+1","Run Through"],"picked":"champ:BerserkerStyle+1","floor":48},{"not_picked":["champ:HeartStrike+1","champ:Circumvent+1","Bludgeon"],"picked":"champ:BringItOn+1","floor":54}],"player_experience":1763577,"relics_obtained":[{"floor":3,"key":"FossilizedHelix"},{"floor":6,"key":"Pondfish Scales"},{"floor":8,"key":"aspiration:ChemicalBlood"},{"floor":9,"key":"Vajra"},{"floor":10,"key":"Prayer Wheel"},{"floor":12,"key":"MawBank"},{"floor":30,"key":"Toxic Egg 2"},{"floor":40,"key":"Simple Rune"},{"floor":43,"key":"Frozen Egg 2"},{"floor":44,"key":"ReplayFunnel"},{"floor":48,"key":"Bronze Scales"},{"floor":54,"key":"Shuriken"}],"event_choices":[{"cards_removed":["champ:Strike"],"damage_healed":0,"gold_gain":0,"player_choice":"Purged","damage_taken":0,"max_hp_gain":0,"max_hp_loss":0,"event_name":"Purifier","floor":4,"gold_loss":0},{"damage_healed":0,"gold_gain":0,"player_choice":"Gave Potion","damage_taken":0,"relics_obtained":["hubris:DisguiseKit"],"max_hp_gain":0,"max_hp_loss":0,"event_name":"WeMeetAgain","floor":21,"gold_loss":0},{"cards_removed":["champ:Defend"],"damage_healed":0,"gold_gain":0,"player_choice":"Removed Skill","damage_taken":0,"max_hp_gain":0,"max_hp_loss":0,"event_name":"Falling","floor":37,"gold_loss":0}],"is_beta":false,"boss_relics":[{"not_picked":["Pandora\u0027s Box","Velvet Choker"],"picked":"vexMod:TanglingVine"},{"not_picked":["Runic Dome","ReplayTheSpireMod:SealedPack"],"picked":"Fusion Hammer"}],"items_purged_floors":[24,27,39,53],"is_endless":false,"potions_floor_spawned":[5,6,8,14,22,25,28,29,33,35,36,42,47,48],"ascension_level":0}}