{"host":"373g0ui1bgeshz9m","time":1608511177,"event":{"mods":["Act Like it!","Aspiration","BaseMod","Beaked The Cultist","Better Third Choice","Colored Map","Conspire","Downfall","Halation","Hermit","Hubris","Infinite Spire","Jorbs\u0027s Wanderer Trilogy","Minty Spire (QoL Compilation)","Pale of the Ancients","Permanent Neow","Quick Restart","Replay The Spire","Shade Mod","Shop Mod","Spikes Relics","StSLib","The Animator","The Bladedancer","The Bug Knight","The Construct","The Cursed","The Factory","The Florist","The Judge","The Jungle","The Necromancer","The Sage","The Wild Card","Trackpad","vexMod"],"gold_per_floor":[99,99,24,9,23,23,49,49,79,102,121,134,134,134,151,250,250,100,100,100,114,128,159,159,159,159,192,192,192,192,292,345,480,480,480,537,596,661,661,717,743,743,743,743,753,767,767,783,837,837],"floor_reached":51,"playtime":7081,"items_purged":["hubris:Envy"],"score":863,"play_id":"579ac007-0c88-4eef-9778-d0166b1bc3ab","local_time":"20201220193937","is_ascension_mode":false,"campfire_choices":[{"floor":1.0,"key":"RECALL"},{"data":"Dramatic Entrance","floor":3.0,"key":"SMITH"},{"data":"Slimebound:CorrosiveSpit","floor":6.0,"key":"SMITH"},{"data":"Slimebound:GoopSpray","floor":8.0,"key":"SMITH"},{"data":"Slimebound:LeadByExample","floor":18.0,"key":"SMITH"},{"data":"Disarm","floor":26.0,"key":"SMITH"},{"data":"Replay:Undeath\u0027s Touch","floor":35.0,"key":"SMITH"},{"data":"Replay:Undeath\u0027s Touch","floor":44,"key":"SMITH"}],"circlet_count":0,"master_deck":["Slimebound:Strike_Slimebound+1","Slimebound:Strike_Slimebound+1","Slimebound:Strike_Slimebound+1","Slimebound:Defend_Slimebound+1","Slimebound:Defend_Slimebound+1","Slimebound:Defend_Slimebound+1","Slimebound:Defend_Slimebound+1","Slimebound:Split","Slimebound:CorrosiveSpit+1","Dramatic Entrance+1","Slimebound:DisruptingSlam","Slimebound:SplitMire","Slimebound:GoopSpray+1","Slimebound:RainOfGoop","Slimebound:LeadByExample+1","Slimebound:Schlurp","Slimebound:RallyTheTroops","Slimebound:SlimeSlap+1","Slimebound:LeechLife","Slimebound:SamplingLick","Thunderclap+1","Slimebound:Nibble","Disarm+1","Slimebound:LevelUp+1","Slimebound:LevelUp+1","Replay:Undeath\u0027s Touch+1","Replay:Undeath\u0027s Touch+1","Slimebound:SpikyOuterGoop","Slimebound:MegaLick","Combust+1","Combust+1","Shockwave+1","Shockwave+1","Shockwave+1","Shockwave+1","expansioncontent:AwakenDeath","expansioncontent:AwakenDeath","expansioncontent:AwakenDeath","expansioncontent:AwakenDeath"],"relics":["Slimebound:AbsorbEndCombat","downfall:HeartBlessingRed","Boot","Odd Mushroom","Juzu Bracelet","hubris:EvacipatedBox","aspiration:IroncladSkillbook","downfall:HeartBlessingBlue","downfall:HeartBlessingGreen","Orichalcum","Replay:Baseball","halation:NonexistentMirror","vexMod:BigBerry","Gremlin Food","downfall:KnowingSkull","ReplayTheSpireMod:CursedCoin","Philosopher\u0027s Stone","trackpad:IceCube","RollingBoulder","trackpad:SappingStone"],"acts_visited":["Exordium","TheCity","TheBeyond"],"potions_floor_usage":[],"damage_taken":[{"damage":4.0,"enemies":"downfall:FleeingMerchant","floor":4.0,"turns":4.0},{"damage":0.0,"enemies":"Small Slimes","floor":5.0,"turns":1.0},{"damage":29.0,"enemies":"Lagavulin","floor":9.0,"turns":5.0},{"damage":3.0,"enemies":"The Mushroom Lair","floor":10.0,"turns":2.0},{"damage":13.0,"enemies":"Jaw Worm","floor":11.0,"turns":2.0},{"damage":0.0,"enemies":"2 Louse","floor":12.0,"turns":1.0},{"damage":0.0,"enemies":"Exordium Wildlife","floor":15.0,"turns":3.0},{"damage":51.0,"enemies":"downfall:Silent","floor":16.0,"turns":7.0},{"damage":11.0,"enemies":"Spheric Guardian","floor":21.0,"turns":3.0},{"damage":12.0,"enemies":"Chosen","floor":22.0,"turns":4.0},{"damage":4.0,"enemies":"Gremlin Leader","floor":23.0,"turns":5.0},{"damage":18.0,"enemies":"Book of Stabbing","floor":27.0,"turns":6.0},{"damage":13.0,"enemies":"downfall:FleeingMerchant","floor":31.0,"turns":4.0},{"damage":10.0,"enemies":"Centurion and Healer","floor":32.0,"turns":5.0},{"damage":76.0,"enemies":"downfall:Watcher","floor":33.0,"turns":9.0},{"damage":19.0,"enemies":"3 Darklings","floor":36.0,"turns":3.0},{"damage":8.0,"enemies":"Orb Walker","floor":37.0,"turns":3.0},{"damage":14.0,"enemies":"Nemesis","floor":38.0,"turns":5.0},{"damage":31,"enemies":"Maw","floor":40,"turns":6},{"damage":4,"enemies":"Transient","floor":45,"turns":5},{"damage":22,"enemies":"Sphere and 2 Shapes","floor":46,"turns":6},{"damage":40,"enemies":"Maw","floor":48,"turns":8},{"damage":44,"enemies":"Transient","floor":49,"turns":5},{"damage":110,"enemies":"downfall:Defect","floor":50,"turns":10}],"seed_played":"-4365828940514270264","potions_obtained":[{"floor":10.0,"key":"Regen Potion"},{"floor":11.0,"key":"Ancient Potion"},{"floor":15.0,"key":"Elixir"},{"floor":23.0,"key":"sneckomod:MuddlingPotion"},{"floor":27.0,"key":"Regen Potion"},{"floor":32.0,"key":"Slimebound:ThreeZeroPotion"}],"is_trial":false,"path_per_floor":["R","?","R","$","M","R","T","R","E","?","M","M","?","$","M","B",null,"R","?","?","M","M","E","T","AVR","R","E","?","?","?","$","M","B",null,"R_BF","M","M","E","?","M","T","?","T","R","M","M","?","M","M","B",null],"character_chosen":"SLIMEBOUND","items_purchased":["Juzu Bracelet","hubris:EvacipatedBox","ReplayTheSpireMod:CursedCoin"],"campfire_rested":0,"item_purchase_floors":[14,14,31],"current_hp_per_floor":[60,60,60,60,60,60,60,60,47,48,51,55,55,26,38,22,60,70,62,62,70,70,70,70,100,100,100,94,94,94,100,100,79,100,100,100,100,100,100,100,100,100,100,100,100,98,98,96,83,63],"gold":837,"neow_bonus":"RANDOM_COLORLESS","is_daily":false,"chose_seed":false,"campfire_upgraded":7,"win_rate":0.0,"timestamp":1608511177,"path_taken":["R","?","R","?","M","R","T","R","E","?","M","?","?","?","M","BOSS","R","?","?","M","M","E","T","AVR","R","E","?","?","?","?","M","BOSS","R_BF","M","M","E","?","M","T","?","?","R","M","M","?","M","M","BOSS"],"items_purchased_type":["Relic","Relic","Relic"],"build_version":"2020-12-13","purchased_purges":1,"victory":true,"max_hp_per_floor":[60,60,60,60,60,60,60,60,60,60,60,60,60,60,60,60,60,70,70,70,70,70,70,70,100,100,100,100,100,100,100,100,100,100,100,100,100,100,100,100,100,100,100,100,100,100,100,100,100,100],"card_choices":[{"not_picked":["Madness","expansioncontent:Sear"],"picked":"Dramatic Entrance","floor":0.0},{"not_picked":["Slimebound:RejuvenatingLick","Slimebound:LivingWall"],"picked":"Slimebound:SplitMire","floor":4.0},{"not_picked":["Slimebound:SplitAcid","Slimebound:HauntingLick"],"picked":"Slimebound:GoopSpray","floor":5.0},{"not_picked":["Slimebound:SpikyOuterGoop","Slimebound:SamplingLick"],"picked":"Slimebound:RainOfGoop","floor":9.0},{"not_picked":["Slimebound:SplitAcid","Slimebound:ViciousTackle"],"picked":"Slimebound:LeadByExample","floor":10.0},{"not_picked":["Slimebound:RainOfGoop","Slimebound:PressTheAttack"],"picked":"Slimebound:Schlurp","floor":11.0},{"not_picked":["Slimebound:GrowthPunch","Slimebound:ComboTackle"],"picked":"Slimebound:RallyTheTroops","floor":12.0},{"not_picked":["Slimebound:SplitAcid","Slimebound:GrowthPunch","Slimebound:LevelUp"],"picked":"SKIP","floor":15.0},{"not_picked":["Slimebound:Teamwork","Slimebound:DuplicatedForm"],"picked":"Slimebound:LeechLife","floor":16.0},{"not_picked":["Slimebound:Grow","Slimebound:PressTheAttack+1","Slimebound:FirmFortitude"],"picked":"Slimebound:SamplingLick","floor":19.0},{"not_picked":["Slimebound:GrowthPunch","Slimebound:SplitAcid","Heavy Blade+1"],"picked":"Thunderclap+1","floor":21.0},{"not_picked":["Slimebound:FinishingTackle","Slimebound:SelfFormingGoo","Armaments"],"picked":"Slimebound:Nibble","floor":22.0},{"not_picked":["True Grit","Slimebound:GoopTackle","Slimebound:Chomp+1"],"picked":"Disarm","floor":23.0},{"not_picked":["Slimebound:SplitBruiser+1","Carnage+1","Headbutt"],"picked":"Slimebound:LevelUp+1","floor":27.0},{"not_picked":["Abandon","Slimebound:SamplingLick","Flex"],"picked":"Replay:Undeath\u0027s Touch","floor":31.0},{"not_picked":["Iron Wave","hubris:CleavingFinish","Perfected Strike+1","Slimebound:GrowthPunch"],"picked":"SKIP","floor":32.0},{"not_picked":["Pommel Strike","Spot Weakness+1","Heavy Blade"],"picked":"Slimebound:SpikyOuterGoop","floor":36.0},{"not_picked":["Slimebound:ForwardTackle+1","Slimebound:ComboTackle+1","Anger+1"],"picked":"Slimebound:SamplingLick+1","floor":37.0},{"not_picked":["True Grit+1","Hemogenesis","Body Slam"],"picked":"Slimebound:MegaLick","floor":38.0},{"not_picked":["Invigoration","Dark Embrace","Perfected Strike"],"picked":"Combust+1","floor":40},{"not_picked":["Slimebound:LeechEnergy","Slimebound:SplitBruiser+1","Dual Wield"],"picked":"Shockwave+1","floor":45},{"not_picked":["Twin Strike+1","Slimebound:Schlurp+1","Iron Wave+1","hubris:ReadiedAction"],"picked":"SKIP","floor":46},{"not_picked":["Replay:SS_fish_1","expansioncontent:HyperBeam","expansioncontent:SuperHexaguard"],"picked":"expansioncontent:AwakenDeath","floor":47},{"not_picked":["Berserk","Flex+1","Invigoration","Clash"],"picked":"SKIP","floor":48},{"not_picked":["Warcry+1","Anger","Slimebound:SplitAcid+1","Slimebound:Dissolve+1"],"picked":"SKIP","floor":49}],"player_experience":125798,"relics_obtained":[{"floor":9.0,"key":"Boot"},{"floor":10.0,"key":"Odd Mushroom"},{"floor":23.0,"key":"Orichalcum"},{"floor":24.0,"key":"Replay:Baseball"},{"floor":27.0,"key":"Gremlin Food"},{"floor":38.0,"key":"trackpad:IceCube"},{"floor":41,"key":"RollingBoulder"},{"floor":43,"key":"trackpad:SappingStone"}],"event_choices":[{"damage_healed":0.0,"max_hp_gain":0.0,"max_hp_loss":0.0,"gold_gain":0.0,"event_name":"Mushrooms","player_choice":"Fought Mushrooms","floor":10.0,"gold_loss":0.0,"damage_taken":0.0},{"damage_healed":0.0,"max_hp_gain":0.0,"max_hp_loss":0.0,"gold_gain":0.0,"event_name":"NoteForYourself","player_choice":"Ignored","floor":20.0,"gold_loss":0.0,"damage_taken":0.0},{"damage_healed":0.0,"max_hp_gain":0.0,"max_hp_loss":7.0,"gold_gain":0.0,"event_name":"betterThird:BetterWriting","player_choice":"Simplicity","floor":29.0,"gold_loss":0.0,"damage_taken":0.0},{"damage_healed":0.0,"max_hp_gain":0.0,"max_hp_loss":0.0,"gold_gain":0.0,"event_name":"The Library","player_choice":"Read","floor":30.0,"gold_loss":0.0,"damage_taken":0.0,"cards_obtained":["Replay:Undeath\u0027s Touch"]},{"cards_removed":["Slimebound:SamplingLick"],"damage_healed":0,"gold_gain":0,"player_choice":"Removed Skill","damage_taken":0,"max_hp_gain":0,"max_hp_loss":0,"event_name":"Falling","floor":42,"gold_loss":0}],"is_beta":false,"boss_relics":[{"not_picked":["Honey Jar","construct:ClawGrip","aspiration:BeakedSkillbook"],"picked":"aspiration:IroncladSkillbook"},{"not_picked":["hubris:RunicObelisk","halation:ForbiddenBikini","Replay:Wanted Poster"],"picked":"Philosopher\u0027s Stone"}],"items_purged_floors":[31],"is_endless":false,"potions_floor_spawned":[10,11,15,23,27,32,33,36,38,40,45,49],"ascension_level":0}}