{"host":"cb9xh4d0ss8ax8yb","time":1608562901,"event":{"mods":["BaseMod","Jess\u0027s Bottle","Minty Spire (QoL Compilation)","StSLib","The Dragon Tamer","The Gatherer"],"gold_per_floor":[114,114,39,49,49,76,89,89,89,89,89,102,133,150,150,250,250,265,275,285,300,31,59,59,86,86,100,100,37,37,49,49,148,148,166,166,44,44,44,44,73,73,97,97,146,181,0,28,28,28,28,28,1,33,33,33],"floor_reached":55,"playtime":3872,"items_purged":["Strike_R","Strike_R","Defend_R"],"score":1093,"play_id":"28021155-2a32-463f-8a8f-18fe9805258c","local_time":"20201222000141","is_ascension_mode":true,"campfire_choices":[{"data":"Blood for Blood","floor":8,"key":"SMITH"},{"data":"Flame Barrier","floor":11,"key":"SMITH"},{"data":"Bash","floor":15,"key":"SMITH"},{"data":"Whirlwind","floor":28,"key":"SMITH"},{"data":"Barricade","floor":30,"key":"SMITH"},{"data":"Metallicize","floor":32,"key":"SMITH"},{"floor":40,"key":"RECALL"},{"floor":42,"key":"REST"},{"floor":44,"key":"REST"},{"floor":49,"key":"REST"},{"floor":52,"key":"REST"}],"circlet_count":0,"master_deck":["Defend_R","Defend_R","Bash+1","Inflame","Flame Barrier+1","Combust","Blood for Blood+1","Intimidate","Metallicize+1","Burning Pact","Barricade+1","Infernal Blade+1","Entrench+1","Fire Breathing","Carnage","Sentinel","Whirlwind+1","Thunderclap+1","Battle Trance","Feel No Pain+1","Sentinel","Immolate+1","Battle Trance+1","Secret Technique","Rampage+1","Uppercut+1","Sentinel","Armaments","Flex"],"relics":["Burning Blood","jessBottle:WaterBottleRelic","Self Forming Clay","Juzu Bracelet","White Beast Statue","Astrolabe","Membership Card","Anchor","Molten Egg 2","Akabeko","Frozen Egg 2","Fusion Hammer","Singing Bowl","Charon\u0027s Ashes","Gambling Chip","Ice Cream","Pen Nib","Red Mask","Smiling Mask","Mummified Hand"],"acts_visited":["Exordium","TheCity","TheBeyond","TheEnding"],"potions_floor_usage":[6,16,16,20,23,25,27,33,41,45,46,48,50,50,54,55],"damage_taken":[{"damage":1,"enemies":"Small Slimes","floor":1,"turns":4},{"damage":1,"enemies":"Cultist","floor":4,"turns":4},{"damage":8,"enemies":"3 Sentries","floor":6,"turns":10},{"damage":2,"enemies":"Jaw Worm","floor":7,"turns":4},{"damage":0,"enemies":"Red Slaver","floor":12,"turns":3},{"damage":5,"enemies":"Lagavulin","floor":13,"turns":6},{"damage":2,"enemies":"Blue Slaver","floor":14,"turns":3},{"damage":3,"enemies":"Slime Boss","floor":16,"turns":4},{"damage":2,"enemies":"Chosen","floor":18,"turns":3},{"damage":8,"enemies":"3 Byrds","floor":19,"turns":4},{"damage":13,"enemies":"Shelled Parasite and Fungi","floor":20,"turns":6},{"damage":26,"enemies":"Snake Plant","floor":21,"turns":4},{"damage":13,"enemies":"Gremlin Leader","floor":23,"turns":5},{"damage":17,"enemies":"Slavers","floor":25,"turns":4},{"damage":1,"enemies":"3 Cultists","floor":27,"turns":2},{"damage":0,"enemies":"Centurion and Healer","floor":31,"turns":6},{"damage":7,"enemies":"Collector","floor":33,"turns":8},{"damage":2,"enemies":"3 Shapes","floor":35,"turns":3},{"damage":35,"enemies":"Nemesis","floor":41,"turns":5},{"damage":0,"enemies":"2 Orb Walkers","floor":45,"turns":1},{"damage":18,"enemies":"Reptomancer","floor":46,"turns":3},{"damage":19,"enemies":"Giant Head","floor":48,"turns":6},{"damage":20,"enemies":"Donu and Deca","floor":50,"turns":8},{"damage":53,"enemies":"Shield and Spear","floor":54,"turns":4},{"damage":99,"enemies":"The Heart","floor":55,"turns":9}],"seed_played":"5905444931322753875","potions_obtained":[{"floor":1,"key":"SkillPotion"},{"floor":12,"key":"DistilledChaos"},{"floor":13,"key":"GamblersBrew"},{"floor":14,"key":"PowerPotion"},{"floor":16,"key":"ElixirPotion"},{"floor":18,"key":"Strength Potion"},{"floor":20,"key":"Explosive Potion"},{"floor":23,"key":"Strength Potion"},{"floor":25,"key":"DistilledChaos"},{"floor":27,"key":"SpeedPotion"},{"floor":31,"key":"Energy Potion"},{"floor":33,"key":"PowerPotion"},{"floor":36,"key":"BloodPotion"},{"floor":41,"key":"SteroidPotion"},{"floor":45,"key":"AttackPotion"},{"floor":46,"key":"SteroidPotion"},{"floor":48,"key":"Dexterity Potion"},{"floor":54,"key":"Regen Potion"}],"is_trial":false,"path_per_floor":["M","?","$","M","?","E","M","R","T","?","R","M","E","M","R","B",null,"M","M","M","M","$","E","$","E","T","M","R","$","R","M","R","B",null,"M","?","$","?","?","R","E","R","T","R","?","E","?","E","R","B",null,"R","$","E","B"],"character_chosen":"IRONCLAD","items_purchased":["Membership Card","Anchor","Singing Bowl","Armaments"],"campfire_rested":4,"item_purchase_floors":[22,22,37,53],"current_hp_per_floor":[88,88,88,88,88,86,88,88,88,88,88,88,88,88,88,88,88,88,86,79,59,59,52,52,41,41,46,46,46,46,52,52,51,79,83,83,83,83,83,83,54,80,80,88,90,78,78,65,90,76,87,90,90,61,0,0],"gold":33,"neow_bonus":"TEN_PERCENT_HP_BONUS","is_daily":false,"chose_seed":false,"campfire_upgraded":6,"win_rate":0.0,"timestamp":1608562901,"path_taken":["M","?","?","?","?","E","?","R","T","?","R","M","E","M","R","BOSS","M","M","M","M","$","E","$","E","T","M","R","$","R","M","R","BOSS","M","?","$","?","?","R","E","R","T","R","?","E","?","E","R","BOSS","R","$","E","BOSS"],"items_purchased_type":["Relic","Relic","Relic","Card"],"build_version":"2020-12-13","purchased_purges":3,"victory":false,"max_hp_per_floor":[88,88,88,88,88,88,88,88,88,88,88,88,88,88,88,88,88,88,88,88,88,88,88,88,88,88,88,88,88,88,88,88,88,88,88,88,88,88,88,88,88,88,88,88,90,90,90,90,90,90,90,90,90,90,90,90],"card_choices":[{"not_picked":["Hemokinesis","Rampage"],"picked":"Inflame","floor":1},{"not_picked":["Armaments","Havoc"],"picked":"Flame Barrier","floor":4},{"not_picked":["Havoc","Cleave"],"picked":"Combust","floor":6},{"not_picked":["Flex","Havoc"],"picked":"Blood for Blood","floor":7},{"not_picked":["Cleave","Clash"],"picked":"Intimidate","floor":12},{"not_picked":["Flame Barrier","Shockwave"],"picked":"Metallicize","floor":13},{"not_picked":["Wild Strike","Dropkick"],"picked":"Burning Pact","floor":14},{"not_picked":["Impervious","Offering"],"picked":"Barricade","floor":16},{"not_picked":["Sentinel","Havoc"],"picked":"Fire Breathing","floor":18},{"not_picked":["Flex","Perfected Strike"],"picked":"Carnage","floor":19},{"not_picked":["Searing Blow","Carnage+1"],"picked":"Sentinel","floor":20},{"not_picked":["Wild Strike","Flame Barrier"],"picked":"Whirlwind","floor":21},{"not_picked":["Twin Strike+1","Searing Blow+1"],"picked":"Thunderclap+1","floor":23},{"not_picked":["Wild Strike+1","True Grit+1"],"picked":"Battle Trance","floor":25},{"not_picked":["Reckless Charge+1","Armaments"],"picked":"Feel No Pain+1","floor":27},{"not_picked":["Entrench","Barricade+1"],"picked":"Sentinel","floor":31},{"not_picked":["Barricade+1","Bludgeon+1"],"picked":"Immolate+1","floor":33},{"not_picked":["Clothesline+1","Disarm"],"picked":"Battle Trance+1","floor":35},{"not_picked":["Purity","Impatience"],"picked":"Secret Technique","floor":39},{"not_picked":["Inflame+1","Flame Barrier+1"],"picked":"Rampage+1","floor":41},{"not_picked":["Clash+1","Dual Wield+1","Dropkick+1"],"picked":"Singing Bowl","floor":45},{"not_picked":["Armaments","Anger+1"],"picked":"Uppercut+1","floor":46},{"not_picked":["Whirlwind+1","Uppercut+1"],"picked":"Sentinel","floor":48},{"not_picked":["Thunderclap+1","Anger+1"],"picked":"Flex","floor":54}],"player_experience":438868,"relics_obtained":[{"floor":0,"key":"jessBottle:WaterBottleRelic"},{"floor":6,"key":"Self Forming Clay"},{"floor":9,"key":"Juzu Bracelet"},{"floor":13,"key":"White Beast Statue"},{"floor":23,"key":"Molten Egg 2"},{"floor":25,"key":"Akabeko"},{"floor":26,"key":"Frozen Egg 2"},{"floor":41,"key":"Gambling Chip"},{"floor":45,"key":"Ice Cream"},{"floor":46,"key":"Pen Nib"},{"floor":48,"key":"Smiling Mask"},{"floor":54,"key":"Mummified Hand"}],"event_choices":[{"cards_removed":["Strike_R"],"damage_healed":0,"gold_gain":0,"player_choice":"Offered Basic","damage_taken":0,"max_hp_gain":0,"max_hp_loss":0,"event_name":"Bonfire Elementals","floor":2,"gold_loss":0},{"damage_healed":0,"gold_gain":0,"player_choice":"0 cards matched","damage_taken":0,"max_hp_gain":0,"max_hp_loss":0,"event_name":"Match and Keep!","floor":5,"gold_loss":0,"cards_obtained":[]},{"damage_healed":0,"gold_gain":0,"player_choice":"Ignored","damage_taken":0,"max_hp_gain":0,"max_hp_loss":0,"event_name":"Liars Game","floor":10,"gold_loss":0},{"damage_healed":0,"gold_gain":0,"player_choice":"Got Potions","damage_taken":0,"max_hp_gain":0,"max_hp_loss":0,"event_name":"Lab","floor":36,"gold_loss":0},{"cards_removed":["Immolate"],"damage_healed":0,"gold_gain":0,"player_choice":"Gave Card","damage_taken":0,"relics_obtained":["Charon\u0027s Ashes"],"max_hp_gain":0,"max_hp_loss":0,"event_name":"WeMeetAgain","floor":38,"gold_loss":0},{"damage_healed":0,"gold_gain":0,"player_choice":"Memory 1","damage_taken":0,"max_hp_gain":0,"max_hp_loss":0,"event_name":"SensoryStone","floor":39,"gold_loss":0},{"damage_healed":0,"gold_gain":0,"player_choice":"Fight","damage_taken":0,"max_hp_gain":0,"max_hp_loss":0,"event_name":"Mysterious Sphere","floor":45,"gold_loss":0},{"damage_healed":0,"gold_gain":0,"player_choice":"Paid","damage_taken":0,"relics_obtained":["Red Mask"],"max_hp_gain":0,"max_hp_loss":0,"event_name":"Tomb of Lord Red Mask","floor":47,"gold_loss":181}],"is_beta":false,"boss_relics":[{"not_picked":["Calling Bell","Mark of Pain"],"picked":"Astrolabe"},{"not_picked":["SlaversCollar","Black Blood"],"picked":"Fusion Hammer"}],"items_purged_floors":[3,22,29],"is_endless":false,"potions_floor_spawned":[1,12,13,14,16,18,19,20,21,23,25,27,31,33,35,41,45,46,48,54],"killed_by":"The Heart","ascension_level":5}}