{"host":"n7mxhpjy89lltbhc","time":1608578409,"event":{"mods":["2.2 Compatiblity","Act Like it!","Bard","BaseMod","Better Match","Better Sensory Stone","Better Synergies","Better Third Choice","Better Vampires","BetterRewards","Challenge The Spire","Colored Map","Colored Powertips","Downfall","Hubris","Infinite Spire","Jedi Mod","Marisa????????","Marked Mod","Minty Spire (QoL Compilation)","Permanent Neow","Rare Cards Sparkle","Relic Sorter","Relic Stats","Replay The Spire","Shop Mod","Spicy Shops","StSLib","Strawberry Spire","The Blue Laboratory","The Disciple","The Servant 0.9.4","Uncapped","Waifu the Spire"],"gold_per_floor":[99,115,143,143,143,68,141,141,66,93,107,265,265,265,265,265,265,190,190,190,190,190,190,190,190,190,190,190,175,175,175,175,175,175,175,175,175,175,175,175,175,175,175,202,317,335,262,280,291,291,291,317,33,33,33],"floor_reached":56,"playtime":2987,"items_purged":["champ:Strike"],"score":1434,"play_id":"655a37f4-5c5b-4ed6-9967-29753a88c8b8","local_time":"25631222022009","is_ascension_mode":false,"campfire_choices":[{"data":"champ:Taunt","floor":1,"key":"SMITH"},{"floor":4,"key":"RECALL"},{"data":"1","floor":6,"key":"LIFT"},{"data":"champ:TornadoPunch","floor":9,"key":"SMITH"},{"data":"champ:Lariat","floor":18,"key":"SMITH"},{"data":"champ:PerfectedStrike","floor":35,"key":"SMITH"},{"data":"champ:PerfectedStrike","floor":39,"key":"SMITH"},{"data":"2","floor":43,"key":"LIFT"},{"data":"3","floor":54,"key":"LIFT"}],"circlet_count":0,"master_deck":["champ:Strike","champ:Strike","champ:Defend","champ:Defend","champ:Defend","champ:Defend","champ:Execute","champ:Taunt+1","champ:Duel+1","champ:BringItOn","champ:TornadoPunch+1","champ:PreciseThrust+1","champ:Haymaker+1","champ:LastStand","champ:FlashCut+1","champ:Lariat+1","champ:FocusedGladiator","champ:FlashCut+1","champ:VampiricStrike+1","champ:PerfectedStrike+1","champ:FlashCut+1","champ:FanOfKnives+1","champ:PerfectedStrike+1","champ:StanceDance+1","champ:ShieldWall","champ:PerfectedStrike+1","champ:RisingSlash","champ:BladeFlurry","champ:FlashCut+1","champ:ArenaPreparation","champ:PerfectedStrike+1","champ:BladeFlurry+1","champ:HeavySlash","champ:PerfectedStrike+1","expansioncontent:SuperHexaguard","champ:BladeFlurry","champ:RapidStrikes+1","champ:MurderStrike","champ:FlashCut+1","champ:ShieldSlam","champ:CrookedStrike+1","champ:StrikeOfGenius"],"relics":["champ:ChampionCrown","Prayer Wheel","Girya","downfall:HeartBlessingRed","downfall:HeartBlessingBlue","jedi:ominousloannote","Sozu","downfall:HeartBlessingGreen","downfall:RedIOU","jedi:cryingmask","Thread and Needle","Shovel","Enchiridion","champ:ChampionCrownUpgraded","infinitespire:Satchel","jedi:archwizardhat","Regal Pillow","Orrery","Snack Pack","infinitespire:Bottled Soul","Chemical X","Gremlin Horn"],"acts_visited":["Exordium","TheCity","TheBeyond","TheEnding"],"potions_floor_usage":[50],"damage_taken":[{"damage":5,"enemies":"2 Louse","floor":2,"turns":3},{"damage":15,"enemies":"Lagavulin","floor":3,"turns":5},{"damage":17,"enemies":"3 Sentries","floor":10,"turns":9},{"damage":0,"enemies":"Small Slimes","floor":11,"turns":3},{"damage":0,"enemies":"downfall:FleeingMerchant","floor":12,"turns":4},{"damage":0,"enemies":"Cultist","floor":13,"turns":3},{"damage":2,"enemies":"Blue Slaver","floor":14,"turns":3},{"damage":0,"enemies":"Gremlin Gang","floor":15,"turns":4},{"damage":28,"enemies":"downfall:Ironclad","floor":16,"turns":7},{"damage":20,"enemies":"Shell Parasite","floor":19,"turns":5},{"damage":19,"enemies":"Slavers","floor":21,"turns":5},{"damage":6,"enemies":"Chosen","floor":23,"turns":2},{"damage":0,"enemies":"Snake Plant","floor":25,"turns":2},{"damage":0,"enemies":"Book of Stabbing","floor":26,"turns":4},{"damage":0,"enemies":"Centurion and Healer","floor":27,"turns":5},{"damage":6,"enemies":"Shelled Parasite and Fungi","floor":28,"turns":3},{"damage":0,"enemies":"downfall:FleeingMerchant","floor":29,"turns":4},{"damage":5,"enemies":"Chosen and Byrds","floor":31,"turns":3},{"damage":5,"enemies":"Snake Plant","floor":32,"turns":2},{"damage":22,"enemies":"downfall:Watcher","floor":33,"turns":6},{"damage":40,"enemies":"Giant Head","floor":36,"turns":5},{"damage":23,"enemies":"Orb Walker","floor":37,"turns":1},{"damage":0,"enemies":"3 Shapes","floor":40,"turns":2},{"damage":46,"enemies":"Nightmare","floor":44,"turns":5},{"damage":15,"enemies":"Spire Growth","floor":46,"turns":3},{"damage":11,"enemies":"downfall:FleeingMerchant","floor":47,"turns":3},{"damage":23,"enemies":"Transient","floor":48,"turns":5},{"damage":18,"enemies":"Sphere and 2 Shapes","floor":49,"turns":5},{"damage":14,"enemies":"downfall:Defect","floor":50,"turns":3},{"damage":56,"enemies":"downfall:CharBossMerchant","floor":52,"turns":5},{"damage":147,"enemies":"downfall:NeowBoss","floor":55,"turns":20}],"seed_played":"5149735959856757560","potions_obtained":[{"floor":11,"key":"blueLaboratory:FrostheartPotion"},{"floor":13,"key":"BlessingOfTheForge"},{"floor":15,"key":"Adrenaline Potion"},{"floor":16,"key":"champ:OpenerPotion"}],"is_trial":false,"path_per_floor":["R","M","E","R","?","R","T","?","R","E","M","$","M","M","M","B",null,"R","M","?","E","?","M","T","M","E","M","M","$","?","M","M","B",null,"R","E","M","?","R","M","T","?","R","NM","?","M","$","M","M","B",null,"E","$","R","B",null],"character_chosen":"THE_CHAMP","items_purchased":["jedi:ominousloannote","champ:LastStand","Orrery","Snack Pack","Chemical X","Gremlin Horn"],"campfire_rested":0,"item_purchase_floors":[12,12,47,47,53,53],"current_hp_per_floor":[63,63,63,63,63,63,63,63,73,61,61,61,61,59,59,31,100,100,100,100,81,81,95,95,100,100,100,94,94,78,78,92,78,100,100,91,91,91,91,91,91,91,91,89,89,89,87,100,95,97,100,81,81,81,100],"gold":33,"neow_bonus":"ONE_RARE_RELIC","is_daily":false,"chose_seed":false,"campfire_upgraded":5,"win_rate":0.0,"timestamp":1608578409,"path_taken":["R","M","E","R","?","R","T","?","R","E","?","$","M","M","M","BOSS","R","M","?","E","?","M","T","?","E","M","M","$","?","M","M","BOSS","R","E","M","?","R","M","T","?","R","NM","?","M","$","?","M","BOSS","E","$","R","BOSS"],"items_purchased_type":["Relic","Card","Relic","Relic","Relic","Relic"],"build_version":"2020-12-13","purchased_purges":1,"victory":true,"max_hp_per_floor":[90,90,90,90,90,90,90,90,100,100,100,100,100,100,100,100,100,100,100,100,100,100,100,100,100,100,100,100,100,100,100,100,100,100,100,100,100,100,100,100,100,100,100,100,100,100,100,100,100,100,100,100,100,100,100],"relic_stats":{"Sozu":7,"Regal Pillow":0,"Shovel":0,"Gremlin Horn":[3,3],"counters":[31,139],"Prayer Wheel":17,"Chemical X":[2],"obtain_stats":[{"Girya":3,"Regal Pillow":44,"downfall:HeartBlessingRed":6,"Gremlin Horn":53,"Enchiridion":30,"champ:ChampionCrown":0,"downfall:HeartBlessingGreen":18,"Thread and Needle":24,"champ:ChampionCrownUpgraded":34,"jedi:archwizardhat":41,"Sozu":17,"Shovel":26,"downfall:HeartBlessingBlue":9,"jedi:ominousloannote":12,"infinitespire:Bottled Soul":52,"infinitespire:Satchel":36,"Orrery":47,"Prayer Wheel":0,"Molten Egg 2":10,"jedi:cryingmask":21,"downfall:RedIOU":20,"Snack Pack":47,"Chemical X":53},{"Girya":2,"Regal Pillow":24,"downfall:HeartBlessingRed":2,"Gremlin Horn":30,"Enchiridion":17,"champ:ChampionCrown":0,"downfall:HeartBlessingGreen":9,"Thread and Needle":12,"champ:ChampionCrownUpgraded":20,"jedi:archwizardhat":23,"Sozu":9,"Shovel":14,"downfall:HeartBlessingBlue":2,"jedi:ominousloannote":5,"infinitespire:Bottled Soul":30,"infinitespire:Satchel":21,"Orrery":26,"Prayer Wheel":0,"Molten Egg 2":3,"jedi:cryingmask":11,"downfall:RedIOU":10,"Snack Pack":26,"Chemical X":30},{"Girya":8,"Regal Pillow":95,"downfall:HeartBlessingRed":8,"Gremlin Horn":119,"Enchiridion":71,"champ:ChampionCrown":0,"downfall:HeartBlessingGreen":41,"Thread and Needle":53,"champ:ChampionCrownUpgraded":82,"jedi:archwizardhat":90,"Sozu":41,"Shovel":59,"downfall:HeartBlessingBlue":8,"jedi:ominousloannote":24,"infinitespire:Bottled Soul":119,"infinitespire:Satchel":87,"Orrery":101,"Prayer Wheel":0,"Molten Egg 2":17,"jedi:cryingmask":51,"downfall:RedIOU":46,"Snack Pack":101,"Chemical X":119}]},"card_choices":[{"not_picked":["champ:DefensiveStyle","champ:ArenaPreparation"],"picked":"champ:Duel","floor":2},{"not_picked":["champ:BladeFlurry","champ:Circumvent"],"picked":"champ:BringItOn","floor":2},{"not_picked":["champ:CalledShot","champ:FocusedBerserking"],"picked":"champ:TornadoPunch","floor":3},{"not_picked":["champ:FightOn","champ:EnragedBash+1"],"picked":"champ:PreciseThrust+1","floor":10},{"not_picked":["champ:GladiatorsShout","champ:FanOfKnives+1"],"picked":"champ:IronFortress","floor":11},{"not_picked":["champ:CrookedStrike+1","champ:FightOn","champ:BerserkersShout"],"picked":"SKIP","floor":11},{"not_picked":["champ:EndlessRage","champ:BerserkersShout"],"picked":"champ:Haymaker+1","floor":12},{"not_picked":["champ:BringItOn","champ:StrikeOfGenius"],"picked":"champ:FlashCut+1","floor":13},{"not_picked":["champ:RapidStrikes+1","champ:ShieldWall","champ:AdrenalArmor"],"picked":"SKIP","floor":13},{"not_picked":["champ:Shatter+1","champ:CrookedStrike+1"],"picked":"champ:Lariat","floor":14},{"not_picked":["champ:BladeFlurry+1","champ:CalledShot","champ:Encircle+1"],"picked":"SKIP","floor":14},{"not_picked":["champ:BladeFlurry+1","champ:CalledShot","champ:Encircle+1"],"picked":"SKIP","floor":14},{"not_picked":["champ:TornadoPunch+1","champ:FightOn"],"picked":"champ:FocusedGladiator","floor":15},{"not_picked":["champ:BerserkerStyle","champ:Circumvent"],"picked":"champ:FlashCut+1","floor":15},{"not_picked":["champ:IgnorePain","champ:CrownThrow+1"],"picked":"champ:VampiricStrike+1","floor":16},{"not_picked":["champ:BerserkersShout","champ:DefensiveShout"],"picked":"champ:PerfectedStrike+1","floor":19},{"not_picked":["champ:Backstep","champ:AdrenalArmor"],"picked":"champ:FlashCut+1","floor":19},{"not_picked":["champ:DeathBlow+1","champ:TornadoPunch"],"picked":"champ:FanOfKnives+1","floor":21},{"not_picked":["champ:BerserkersShout","champ:HoldFirm","champ:GladiatorsShout+1"],"picked":"SKIP","floor":23},{"not_picked":["champ:Encircle","champ:GladiatorsShout","champ:RapidStrikes"],"picked":"SKIP","floor":23},{"not_picked":["champ:FightOn","champ:BringItOn"],"picked":"champ:StanceDance+1","floor":25},{"not_picked":["champ:Circumvent","champ:GladiatorsShout"],"picked":"champ:ShieldWall","floor":25},{"not_picked":["champ:TornadoPunch","champ:AdrenalArmor"],"picked":"champ:PerfectedStrike+1","floor":26},{"not_picked":["champ:FocusedBerserking","champ:PreciseThrust"],"picked":"champ:RisingSlash","floor":27},{"not_picked":["champ:Shatter","champ:BerserkerStyle","champ:FanOfKnives+1"],"picked":"SKIP","floor":27},{"not_picked":["champ:PreciseThrust+1","champ:DefensiveStyle"],"picked":"champ:BladeFlurry","floor":28},{"not_picked":["champ:AdrenalArmor+1","champ:DeathBlow"],"picked":"champ:FlashCut+1","floor":28},{"not_picked":["champ:Circumvent","champ:CrookedStrike"],"picked":"champ:ArenaPreparation","floor":29},{"not_picked":["champ:Encircle+1","champ:FanOfKnives+1"],"picked":"champ:PerfectedStrike","floor":31},{"not_picked":["champ:BringItOn","champ:AdrenalArmor+1"],"picked":"champ:BladeFlurry+1","floor":31},{"not_picked":["champ:DefensiveShout","champ:RisingSlash"],"picked":"champ:HeavySlash","floor":32},{"not_picked":["champ:FanOfKnives","champ:Encircle","champ:AdrenalArmor"],"picked":"SKIP","floor":32},{"not_picked":["champ:FightOn","champ:CrookedStrike"],"picked":"champ:PerfectedStrike+1","floor":36},{"not_picked":["champ:FocusedDefense+1","champ:EnragedBash+1","champ:Encircle"],"picked":"SKIP","floor":37},{"not_picked":["champ:RisingSlash+1","champ:ArenaPreparation","champ:EnGarde+1"],"picked":"SKIP","floor":37},{"not_picked":["Replay:SS_fish_2","Replay:SS_forest_5"],"picked":"expansioncontent:SuperHexaguard","floor":38},{"not_picked":["champ:RapidStrikes+1","champ:FocusedBerserking+1","champ:ViciousMockery+1"],"picked":"SKIP","floor":40},{"not_picked":["champ:GladiatorStyle","champ:Backstep","champ:CalledShot+1"],"picked":"SKIP","floor":40},{"not_picked":["champ:StanceDance+1","champ:ArenaPreparation+1","champ:Lariat+1"],"picked":"SKIP","floor":44},{"not_picked":["champ:Backstep+1","champ:ArenaPreparation+1"],"picked":"champ:BladeFlurry","floor":45},{"not_picked":["champ:BerserkerStyle","champ:IronFortress"],"picked":"champ:RapidStrikes+1","floor":46},{"not_picked":["champ:PreciseThrust+1","champ:StanceDance+1","champ:FanOfKnives+1"],"picked":"SKIP","floor":46},{"not_picked":["champ:Circumvent","champ:HeartStrike","champ:BerserkersShout+1"],"picked":"SKIP","floor":47},{"not_picked":["champ:BringItOn","champ:FalseCounter"],"picked":"champ:MurderStrike","floor":47},{"not_picked":["champ:BerserkerStyle+1","champ:BerserkersShout"],"picked":"champ:FlashCut+1","floor":47},{"not_picked":["champ:GladiatorsShout","champ:BringItOn+1"],"picked":"champ:ShieldSlam","floor":47},{"not_picked":["champ:BringItOn+1","champ:Encircle"],"picked":"champ:CrookedStrike+1","floor":47},{"not_picked":["champ:GladiatorsShout+1","champ:BladeFlurry"],"picked":"champ:StrikeOfGenius","floor":48},{"not_picked":["champ:RecklessLeap","champ:CalledShot","champ:Haymaker+1"],"picked":"SKIP","floor":48},{"not_picked":["champ:FlashCut","champ:StanceDance","champ:Backstep+1"],"picked":"SKIP","floor":49},{"not_picked":["champ:Circumvent+1","champ:Shatter+1","champ:HeartStrike"],"picked":"SKIP","floor":49},{"not_picked":["champ:PreciseThrust+1","champ:DeathBlow+1","champ:FocusedDefense+1"],"picked":"SKIP","floor":52}],"player_experience":986721,"relics_obtained":[{"floor":3,"key":"Girya"},{"floor":10,"key":"Molten Egg 2"},{"floor":21,"key":"jedi:cryingmask"},{"floor":24,"key":"Thread and Needle"},{"floor":26,"key":"Shovel"},{"floor":30,"key":"Enchiridion"},{"floor":36,"key":"infinitespire:Satchel"},{"floor":41,"key":"jedi:archwizardhat"},{"floor":44,"key":"Regal Pillow"},{"floor":52,"key":"infinitespire:Bottled Soul"}],"event_choices":[{"cards_removed":["champ:Strike"],"damage_healed":0,"gold_gain":0,"player_choice":"Purged","damage_taken":0,"max_hp_gain":0,"max_hp_loss":0,"event_name":"Purifier","floor":8,"gold_loss":0},{"damage_healed":0,"gold_gain":0,"cards_transformed":["champ:IronFortress"],"player_choice":"Transformed","damage_taken":0,"max_hp_gain":0,"max_hp_loss":0,"event_name":"Transmorgrifier","floor":22,"gold_loss":0,"cards_obtained":["champ:PerfectedStrike"]},{"damage_healed":0,"gold_gain":3,"player_choice":"1","damage_taken":0,"max_hp_gain":0,"max_hp_loss":0,"event_name":"betterStone:BetterStone","floor":42,"gold_loss":0}],"is_beta":false,"boss_relics":[{"not_picked":["Honey Jar","Runic Pyramid"],"picked":"Sozu"},{"not_picked":["Painkiller Herb","Empty Cage"],"picked":"champ:ChampionCrownUpgraded"}],"items_purged_floors":[12],"is_endless":false,"potions_floor_spawned":[11,13,15,16,19,21,23,26,31,36,40,46,48],"ascension_level":0}}