{"host":"mal0jdk4f6ubgyb8","time":1608566439,"event":{"mods":["BaseMod","Koishi","Luminous","Marisa（F雨　魔理沙）","Minty Spire (QoL Compilation)","Quick Restart","Reimu（博丽灵梦）","Relic Stats","Remilia（蕾米莉亚）","StSLib","WarShipGirlsR/战舰少女R mod","Youmu（魂魄妖梦）","Yuri Mod","Yuyuko","【东方二次创作】八云紫mod"],"gold_per_floor":[112,187,187,250,264,296,48,80,80,92,142,158,158,169,169,271,271,287,337,387,399,449,449,481,481,552,552,577,640,615,632,632,736,736,751,530,580,630,643,662,680,381,430,447,461,486,486,506,506,501,501,501,52,77,72],"floor_reached":56,"playtime":3319,"items_purged":["Koishi:BasicStrike+1"],"score":1310,"play_id":"4d4913f2-74b4-4b3a-bc04-24c5d4a523fc","local_time":"20201222000039","is_ascension_mode":false,"campfire_choices":[{"data":"Koishi:UnseenTerror","floor":13.0,"key":"SMITH"},{"data":"Koishi:RacingHeart","floor":15.0,"key":"SMITH"},{"data":"Koishi:MassHysteria","floor":23.0,"key":"SMITH"},{"data":"Koishi:Heartbroken","floor":25.0,"key":"SMITH"},{"data":"Koishi:BramblyRoseGarden","floor":27.0,"key":"SMITH"},{"data":"Koishi:ReleaseOfTheId","floor":32.0,"key":"SMITH"},{"data":"Koishi:RollingInRichesHeart","floor":47.0,"key":"SMITH"},{"floor":49.0,"key":"RECALL"},{"data":"Koishi:Ego","floor":52.0,"key":"SMITH"}],"circlet_count":0,"master_deck":["Koishi:BasicDefend+1","Koishi:BasicDefend+1","Koishi:BasicDefend+1","Koishi:BasicDefend+1","Koishi:HauntingSlash","Koishi:RacingHeart","Koishi:JumpScare","Koishi:PredatoryInstincts","Koishi:DreadfulBlow","Koishi:RacingHeart+1","Koishi:Ego+1","Koishi:UnseenTerror+1","Koishi:ReleaseOfTheId+1","Koishi:Heartbroken+1","Koishi:MassHysteria+1","Koishi:SubconsciousSweep+1","Koishi:IdleWhim","Koishi:BramblyRoseGarden+1","Koishi:DanmakuParanoia","Koishi:FleetingPhantom+1","Koishi:RollingInRichesHeart+1","Koishi:BloodcurdlingScream","Koishi:SubconsciousSweep+1","Koishi:EmbersOfLove+1","Koishi:PredatoryInstincts","Koishi:FleetingPhantom+1","Sadistic Nature","Swift Strike","Violence","Koishi:DreadfulBlow+1","Koishi:SpiritedAway+1","Parasite","Koishi:Catatonia+1","Koishi:ImGoingToCallYouNow","Sadistic Nature","Trip"],"relics":["Koishi:ImaginaryFriend","NeowsBlessing","SsserpentHead","CaptainsWheel","Shuriken","Kunai","Philosopher\u0027s Stone","MutagenicStrength","Bottled Lightning","Bottled Flame","Pen Nib","SlaversCollar","Orrery","Koishi:LettersToReimu","Toolbox","Akabeko","Dream Catcher","The Courier","Du-Vu Doll","OrangePellets","Blue Candle"],"acts_visited":["Exordium","TheCity","TheBeyond","TheEnding"],"potions_floor_usage":[55,55,55],"damage_taken":[{"damage":0.0,"enemies":"Jaw Worm","floor":1.0,"turns":1.0},{"damage":0.0,"enemies":"Small Slimes","floor":4.0,"turns":1.0},{"damage":0.0,"enemies":"Cultist","floor":5.0,"turns":1.0},{"damage":41.0,"enemies":"Lagavulin","floor":6.0,"turns":10.0},{"damage":26.0,"enemies":"3 Sentries","floor":8.0,"turns":10.0},{"damage":5.0,"enemies":"Large Slime","floor":10.0,"turns":6.0},{"damage":0.0,"enemies":"Red Slaver","floor":12.0,"turns":4.0},{"damage":15.0,"enemies":"Looter","floor":14.0,"turns":3.0},{"damage":32.0,"enemies":"The Guardian","floor":16.0,"turns":12.0},{"damage":27.0,"enemies":"2 Thieves","floor":18.0,"turns":4.0},{"damage":14.0,"enemies":"Shell Parasite","floor":21.0,"turns":6.0},{"damage":20.0,"enemies":"Book of Stabbing","floor":24.0,"turns":4.0},{"damage":33.0,"enemies":"Slavers","floor":28.0,"turns":5.0},{"damage":2.0,"enemies":"Centurion and Healer","floor":29.0,"turns":7.0},{"damage":2.0,"enemies":"Snecko","floor":31.0,"turns":4.0},{"damage":47.0,"enemies":"Automaton","floor":33.0,"turns":7.0},{"damage":14.0,"enemies":"3 Shapes","floor":35.0,"turns":4.0},{"damage":3.0,"enemies":"Orb Walker","floor":39.0,"turns":4.0},{"damage":28.0,"enemies":"Giant Head","floor":40.0,"turns":9.0},{"damage":4.0,"enemies":"4 Shapes","floor":41.0,"turns":3.0},{"damage":0.0,"enemies":"3 Darklings","floor":44.0,"turns":5.0},{"damage":20.0,"enemies":"Writhing Mass","floor":45.0,"turns":6.0},{"damage":6.0,"enemies":"Nemesis","floor":46.0,"turns":5.0},{"damage":8.0,"enemies":"Giant Head","floor":48.0,"turns":5.0},{"damage":27.0,"enemies":"Donu and Deca","floor":50.0,"turns":7.0},{"damage":16.0,"enemies":"Shield and Spear","floor":54.0,"turns":4.0},{"damage":29,"enemies":"The Heart","floor":55,"turns":6}],"seed_played":"687911059876272501","potions_obtained":[{"floor":1.0,"key":"LiquidBronze"},{"floor":8.0,"key":"Explosive Potion"},{"floor":10.0,"key":"ZuzhouPotion:ReiMu"},{"floor":12.0,"key":"Weak Potion"},{"floor":16.0,"key":"PowerPotion"},{"floor":24.0,"key":"PowerPotion"},{"floor":28.0,"key":"PowerPotion"},{"floor":31.0,"key":"MagicPotion:ReiMu"},{"floor":33.0,"key":"Strength Potion"},{"floor":39.0,"key":"GamblersBrew"},{"floor":40.0,"key":"SpeedPotion"},{"floor":41.0,"key":"Ancient Potion"},{"floor":48.0,"key":"BlessingOfTheForge"}],"is_trial":false,"path_per_floor":["M","?","?","M","M","E","$","E","T","M","?","M","R","M","R","B",null,"M","?","?","M","?","R","E","R","T","R","E","M","?","M","R","B",null,"M","$","?","?","M","E","M","$","T","M","M","E","R","E","R","B",null,"R","$","E","B",null],"character_chosen":"KOISHI","items_purchased":["Shuriken","Orrery","Toolbox","Akabeko","OrangePellets","Koishi:ImGoingToCallYouNow","Energy Potion","Sadistic Nature","Trip"],"campfire_rested":0,"item_purchase_floors":[7,36,42,42,53,53,53,53,53],"current_hp_per_floor":[60,49,49,49,49,26,26,14,14,26,26,38,38,34,34,29,60,49,49,49,52,52,52,48,48,48,48,32,50,50,60,60,22,60,52,52,42,42,53,53,60,60,60,60,57,60,60,60,60,54,60,60,60,51,35],"gold":72,"neow_bonus":"THREE_ENEMY_KILL","is_daily":false,"chose_seed":false,"campfire_upgraded":8,"win_rate":0.0,"timestamp":1608566439,"path_taken":["M","?","?","?","M","E","$","E","T","M","?","M","R","M","R","BOSS","M","?","?","M","?","R","E","R","T","R","E","?","?","M","R","BOSS","M","$","?","?","M","E","M","$","T","M","M","E","R","E","R","BOSS","R","$","E","BOSS"],"items_purchased_type":["Relic","Relic","Relic","Relic","Relic","Card","Potion","Card","Card"],"build_version":"2020-12-13","purchased_purges":1,"victory":true,"max_hp_per_floor":[60,60,60,60,60,60,60,60,60,60,60,60,60,60,60,60,60,60,60,60,60,60,60,60,60,60,60,60,60,60,60,60,60,60,60,60,60,60,60,60,60,60,60,60,60,60,60,60,60,60,60,60,60,60,60],"relic_stats":{"SsserpentHead":450,"OrangePellets":[3],"Dream Catcher":0,"counters":[27,143],"Shuriken":[29],"Blue Candle":[1],"Pen Nib":[14],"Kunai":[27],"obtain_stats":[{"NeowsBlessing":0,"Blue Candle":54,"Pen Nib":28,"The Courier":46,"Akabeko":42,"Du-Vu Doll":48,"SsserpentHead":3,"SlaversCollar":34,"OrangePellets":53,"CaptainsWheel":6,"Bottled Flame":26,"Dream Catcher":43,"Shuriken":7,"MutagenicStrength":20,"Orrery":36,"Toolbox":42,"Philosopher\u0027s Stone":17,"Kunai":8,"Bottled Lightning":24,"Koishi:ImaginaryFriend":0,"Koishi:LettersToReimu":40},{"NeowsBlessing":0,"Blue Candle":26,"Pen Nib":13,"The Courier":23,"Akabeko":20,"Du-Vu Doll":24,"SsserpentHead":1,"SlaversCollar":16,"OrangePellets":25,"CaptainsWheel":4,"Bottled Flame":12,"Dream Catcher":20,"Shuriken":4,"MutagenicStrength":10,"Orrery":17,"Toolbox":20,"Philosopher\u0027s Stone":9,"Kunai":5,"Bottled Lightning":12,"Koishi:ImaginaryFriend":0,"Koishi:LettersToReimu":19},{"NeowsBlessing":0,"Blue Candle":137,"Pen Nib":67,"The Courier":121,"Akabeko":105,"Du-Vu Doll":126,"SsserpentHead":1,"SlaversCollar":85,"OrangePellets":133,"CaptainsWheel":13,"Bottled Flame":62,"Dream Catcher":105,"Shuriken":13,"MutagenicStrength":52,"Orrery":89,"Toolbox":105,"Philosopher\u0027s Stone":48,"Kunai":23,"Bottled Lightning":62,"Koishi:ImaginaryFriend":0,"Koishi:LettersToReimu":102}]},"card_choices":[{"not_picked":["Koishi:StrangeCloudFist","Koishi:SpiritedAway"],"picked":"Koishi:RacingHeart","floor":1.0},{"not_picked":["Koishi:UnconsciousUprising","Koishi:UnansweredLove"],"picked":"Koishi:JumpScare","floor":4.0},{"not_picked":["Koishi:ReflexRadar","Koishi:FleetingPhantom"],"picked":"Koishi:PredatoryInstincts","floor":5.0},{"not_picked":["Koishi:RacingHeart","Koishi:PredatoryInstincts"],"picked":"Koishi:DreadfulBlow","floor":6.0},{"not_picked":["Koishi:FleetingPhantom","Koishi:ReflexRadar"],"picked":"Koishi:RacingHeart","floor":8.0},{"not_picked":["Koishi:EmbryosDream","Koishi:SpiritedAway"],"picked":"Koishi:Ego","floor":10.0},{"not_picked":["Koishi:UnconsciousUrges","Koishi:CatchAndRose"],"picked":"Koishi:UnseenTerror","floor":12.0},{"not_picked":["Koishi:Prune","Koishi:ReflexRadar"],"picked":"Koishi:ReleaseOfTheId","floor":14.0},{"not_picked":["Koishi:FormlessExistence","Koishi:ConditionedTeleport"],"picked":"Koishi:Heartbroken","floor":16.0},{"not_picked":["Koishi:StingingMind","Koishi:GhostParty"],"picked":"Koishi:MassHysteria","floor":18.0},{"not_picked":["Koishi:IdleWhim","Koishi:ParalyzingFear+1"],"picked":"Koishi:SubconsciousSweep+1","floor":21.0},{"not_picked":["Koishi:DreadfulBlow","Koishi:ParalyzingFear+1"],"picked":"Koishi:BramblyRoseGarden","floor":24.0},{"not_picked":["Koishi:Jaunt","Koishi:TraumaticStroke"],"picked":"Koishi:DanmakuParanoia","floor":28.0},{"not_picked":["Koishi:HeartfeltFancy","Koishi:SubterraneanRose","Koishi:IdleWhim"],"picked":"SKIP","floor":29.0},{"not_picked":["Koishi:UnansweredLove+1","Koishi:StingingMind+1"],"picked":"Koishi:FleetingPhantom+1","floor":31.0},{"not_picked":["Koishi:ConfinedInnocent","Koishi:Heartbroken"],"picked":"Koishi:RollingInRichesHeart","floor":33.0},{"not_picked":["Koishi:Prune+1","Koishi:IdleWhim","Koishi:Jaunt+1"],"picked":"SKIP","floor":35.0},{"not_picked":["Koishi:FleetingPhantom","Koishi:HeartfeltFancy+1"],"picked":"Koishi:BloodcurdlingScream","floor":36.0},{"not_picked":["Koishi:UnconsciousUprising","Koishi:Untouchable"],"picked":"Koishi:SubconsciousSweep+1","floor":36.0},{"not_picked":["Koishi:CatchAndRose","Koishi:JumpScare"],"picked":"Koishi:EmbersOfLove+1","floor":36.0},{"not_picked":["Koishi:DreadfulBlow","Koishi:UnansweredLove"],"picked":"Koishi:PredatoryInstincts","floor":36.0},{"not_picked":["Koishi:Jaunt+1","Koishi:Whimsy"],"picked":"Koishi:FleetingPhantom+1","floor":36.0},{"not_picked":["Enlightenment","Dark Shackles"],"picked":"Sadistic Nature","floor":37.0},{"not_picked":["Good Instincts","Mind Blast"],"picked":"Swift Strike","floor":37.0},{"not_picked":["Good Instincts","Mind Blast"],"picked":"Violence","floor":37.0},{"not_picked":["Koishi:HeartfeltFancy+1","Koishi:UnansweredLove+1","Koishi:DanmakuParanoia"],"picked":"SKIP","floor":39.0},{"not_picked":["Koishi:RacingHeart","Koishi:CatchAndRose","Koishi:Jaunt"],"picked":"SKIP","floor":40.0},{"not_picked":["Koishi:RollingInRichesHeart","Koishi:UnansweredLove"],"picked":"Koishi:DreadfulBlow+1","floor":41.0},{"not_picked":["Koishi:JumpScare+1","Koishi:ParalyzingFear+1"],"picked":"Koishi:SpiritedAway+1","floor":44.0},{"not_picked":["Koishi:PhantomBarrier","Koishi:ReflexRadar+1","Koishi:Untouchable"],"picked":"SKIP","floor":45.0},{"not_picked":["Koishi:ReleaseOfTheId","Koishi:MindStellarRelief"],"picked":"Koishi:Catatonia+1","floor":46.0},{"not_picked":["Koishi:Bloodlust","Koishi:EmbryosDream","Koishi:FleetingPhantom"],"picked":"SKIP","floor":48.0},{"not_picked":["Koishi:SubconsciousSweep+1","Koishi:RuptureMind","Koishi:ApparitionsStalkTheNight"],"picked":"SKIP","floor":54.0}],"player_experience":276600,"relics_obtained":[{"floor":6.0,"key":"CaptainsWheel"},{"floor":8.0,"key":"Kunai"},{"floor":24.0,"key":"Bottled Lightning"},{"floor":26.0,"key":"Bottled Flame"},{"floor":28.0,"key":"Pen Nib"},{"floor":40.0,"key":"Koishi:LettersToReimu"},{"floor":43.0,"key":"Dream Catcher"},{"floor":46.0,"key":"The Courier"},{"floor":48.0,"key":"Du-Vu Doll"},{"floor":54.0,"key":"Blue Candle"}],"event_choices":[{"damage_healed":0.0,"max_hp_gain":0.0,"max_hp_loss":0.0,"gold_gain":75.0,"event_name":"World of Goop","player_choice":"Gather Gold","floor":2.0,"gold_loss":0.0,"damage_taken":11.0},{"damage_healed":0.0,"max_hp_gain":0.0,"max_hp_loss":0.0,"gold_gain":0.0,"event_name":"FaceTrader","player_choice":"Trade","floor":3.0,"gold_loss":0.0,"damage_taken":0.0,"relics_obtained":["SsserpentHead"]},{"cards_removed":["Koishi:BasicStrike"],"damage_healed":0.0,"max_hp_gain":0.0,"max_hp_loss":0.0,"gold_gain":0.0,"event_name":"Bonfire Elementals","player_choice":"Offered Basic","floor":11.0,"gold_loss":0.0,"damage_taken":0.0},{"damage_healed":0.0,"max_hp_gain":0.0,"max_hp_loss":0.0,"gold_gain":0.0,"event_name":"Back to Basics","player_choice":"Simplicity","floor":19.0,"gold_loss":0.0,"damage_taken":0.0,"cards_upgraded":["Koishi:BasicStrike","Koishi:BasicStrike","Koishi:BasicStrike","Koishi:BasicDefend","Koishi:BasicDefend","Koishi:BasicDefend","Koishi:BasicDefend"]},{"damage_healed":0.0,"max_hp_gain":0.0,"max_hp_loss":0.0,"gold_gain":0.0,"event_name":"Drug Dealer","player_choice":"Inject Mutagens","floor":20.0,"gold_loss":0.0,"damage_taken":0.0,"relics_obtained":["MutagenicStrength"]},{"damage_healed":0.0,"max_hp_gain":0.0,"max_hp_loss":0.0,"gold_gain":0.0,"cards_transformed":["Koishi:Provoke"],"event_name":"Transmorgrifier","player_choice":"Transformed","floor":22.0,"gold_loss":0.0,"damage_taken":0.0,"cards_obtained":["Koishi:IdleWhim"]},{"cards_removed":["Koishi:BasicStrike"],"damage_healed":0.0,"max_hp_gain":0.0,"max_hp_loss":0.0,"gold_gain":0.0,"event_name":"Beggar","player_choice":"Gave Gold","floor":30.0,"gold_loss":75.0,"damage_taken":0.0},{"damage_healed":0.0,"max_hp_gain":0.0,"max_hp_loss":0.0,"gold_gain":0.0,"event_name":"SensoryStone","player_choice":"Memory 3","floor":37.0,"gold_loss":0.0,"damage_taken":10.0},{"cards_removed":["Koishi:BasicStrike"],"damage_healed":0.0,"max_hp_gain":0.0,"max_hp_loss":0.0,"gold_gain":0.0,"event_name":"Falling","player_choice":"Removed Attack","floor":38.0,"gold_loss":0.0,"damage_taken":0.0}],"is_beta":false,"boss_relics":[{"not_picked":["Black Star","RedLine:ReiMu"],"picked":"Philosopher\u0027s Stone"},{"not_picked":["SacredBark","Empty Cage"],"picked":"SlaversCollar"}],"items_purged_floors":[36],"is_endless":false,"potions_floor_spawned":[1,8,10,12,16,24,28,31,33,39,40,41,48],"ascension_level":0}}