{"host":"bxn2em57qlx5u4i0","time":1608512834,"event":{"mods":["BaseMod","Colored Map","Colored Powertips","Highlight Path","Minty Spire (QoL Compilation)","Random Character Button","Relic Sorter","Relic Stats","StSLib","SuperFastMode"],"gold_per_floor":[20,20,20,40,59,59,89,89,141,159,109,109,4,29,29,106,106,119,119,34,49,59,59,9,36,36,49,99,99,199,225,225,304,304,319,109,125,136,147,147,181,181,208,234,234,26,60,85,97,109,121,133,145,20,55,55,55],"floor_reached":56,"playtime":2141,"items_purged":["Strike_G","Strike_G","Strike_G","Slice","Defend_G","Defend_G"],"score":2012,"play_id":"6b700d21-1296-42f9-9c1c-6413a0117068","local_time":"20201220200714","is_ascension_mode":true,"campfire_choices":[{"data":"Dagger Spray","floor":6.0,"key":"SMITH"},{"data":"Corpse Explosion","floor":8.0,"key":"SMITH"},{"data":"Noxious Fumes","floor":15.0,"key":"SMITH"},{"floor":23.0,"key":"REST"},{"floor":29.0,"key":"REST"},{"floor":32.0,"key":"RECALL"},{"floor":40.0,"key":"REST"},{"floor":42.0,"key":"REST"},{"floor":49.0,"key":"REST"},{"floor":53.0,"key":"REST"}],"circlet_count":0,"master_deck":["AscendersBane","Defend_G","Defend_G","Survivor","Neutralize","Sucker Punch","Dagger Spray+1","Leg Sweep","Footwork","Corpse Explosion+1","Noxious Fumes+1","Adrenaline","PiercingWail+1","Escape Plan","Dodge and Roll+1","Noxious Fumes+1","Backflip","Catalyst","Crippling Poison+1","Footwork"],"relics":["Ring of the Serpent","Smiling Mask","Toy Ornithopter","TungstenRod","Fusion Hammer","Nilry\u0027s Codex","PreservedInsect","Mercury Hourglass","Centennial Puzzle","Turnip","StrikeDummy","Darkstone Periapt","MealTicket","Orichalcum","Bottled Tornado","TheAbacus","MawBank","Art of War"],"acts_visited":["Exordium","TheCity","TheBeyond","TheEnding"],"potions_floor_usage":[],"damage_taken":[{"damage":0.0,"enemies":"2 Louse","floor":1.0,"turns":3.0},{"damage":1.0,"enemies":"Cultist","floor":4.0,"turns":4.0},{"damage":2.0,"enemies":"Jaw Worm","floor":5.0,"turns":5.0},{"damage":6.0,"enemies":"3 Sentries","floor":7.0,"turns":9.0},{"damage":0.0,"enemies":"Exordium Wildlife","floor":10.0,"turns":2.0},{"damage":10.0,"enemies":"Lagavulin","floor":14.0,"turns":9.0},{"damage":12.0,"enemies":"The Guardian","floor":16.0,"turns":10.0},{"damage":0.0,"enemies":"Spheric Guardian","floor":18.0,"turns":3.0},{"damage":3.0,"enemies":"Chosen","floor":21.0,"turns":5.0},{"damage":0.0,"enemies":"Snake Plant","floor":22.0,"turns":5.0},{"damage":23.0,"enemies":"Book of Stabbing","floor":25.0,"turns":6.0},{"damage":0.0,"enemies":"Snecko","floor":27.0,"turns":4.0},{"damage":6.0,"enemies":"Colosseum Slavers","floor":30.0,"turns":3.0},{"damage":0.0,"enemies":"Colosseum Nobs","floor":30.0,"turns":2.0},{"damage":0.0,"enemies":"Slavers","floor":31.0,"turns":2.0},{"damage":27.0,"enemies":"Collector","floor":33.0,"turns":9.0},{"damage":17.0,"enemies":"Orb Walker","floor":35.0,"turns":6.0},{"damage":0.0,"enemies":"3 Shapes","floor":37.0,"turns":4.0},{"damage":4.0,"enemies":"Transient","floor":38.0,"turns":6.0},{"damage":26.0,"enemies":"Jaw Worm Horde","floor":39.0,"turns":3.0},{"damage":11.0,"enemies":"Giant Head","floor":41.0,"turns":9.0},{"damage":6.0,"enemies":"Nemesis","floor":44.0,"turns":11.0},{"damage":15.0,"enemies":"Reptomancer","floor":47.0,"turns":6.0},{"damage":0.0,"enemies":"Writhing Mass","floor":48.0,"turns":6.0},{"damage":34.0,"enemies":"Awakened One","floor":50.0,"turns":14.0},{"damage":23.0,"enemies":"Donu and Deca","floor":51.0,"turns":5.0},{"damage":31.0,"enemies":"Shield and Spear","floor":55.0,"turns":6.0},{"damage":40,"enemies":"The Heart","floor":56,"turns":3}],"seed_played":"2667017234440639120","potions_obtained":[{"floor":3.0,"key":"GamblersBrew"},{"floor":3.0,"key":"SkillPotion"},{"floor":4.0,"key":"Block Potion"},{"floor":16.0,"key":"Strength Potion"},{"floor":18.0,"key":"Fire Potion"},{"floor":21.0,"key":"Explosive Potion"},{"floor":27.0,"key":"FearPotion"},{"floor":35.0,"key":"ColorlessPotion"},{"floor":38.0,"key":"Poison Potion"},{"floor":41.0,"key":"DuplicationPotion"},{"floor":47.0,"key":"Fire Potion"}],"is_trial":false,"path_per_floor":["M","$","?","M","M","R","E","R","T","M","$","?","$","E","R","B",null,"M","?","?","M","M","R","$","E","T","M","?","R","?","E","R","B",null,"M","$","M","M","M","R","E","R","T","E","?","$","E","M","R","B","B",null,"R","$","E","B"],"character_chosen":"THE_SILENT","items_purchased":["Explosive Potion","MealTicket","TheAbacus","DuplicationPotion"],"campfire_rested":6,"item_purchase_floors":[13,36,46,54],"current_hp_per_floor":[59,59,59,58,56,56,50,50,50,50,50,43,43,38,38,26,56,56,39,39,36,36,55,55,42,42,42,42,61,55,55,55,28,57,40,40,40,41,15,34,28,47,47,46,46,61,46,46,65,31,8,52,66,66,40,0,0],"gold":55,"neow_bonus":"TRANSFORM_TWO_CARDS","is_daily":false,"chose_seed":false,"campfire_upgraded":3,"win_rate":0.0,"timestamp":1608512834,"path_taken":["M","$","?","?","M","R","E","R","T","?","$","?","?","E","R","BOSS","M","?","?","M","M","R","$","E","T","?","?","R","?","E","R","BOSS","M","$","M","M","M","R","E","R","T","E","?","$","E","M","R","BOSS","BOSS","R","$","E","BOSS"],"items_purchased_type":["Potion","Relic","Relic","Potion"],"build_version":"2020-12-13","purchased_purges":6,"victory":false,"max_hp_per_floor":[66,66,66,66,66,66,66,66,66,66,66,66,66,66,66,66,66,66,66,66,66,66,66,66,66,66,66,66,66,66,66,66,66,66,66,66,66,66,66,66,66,66,66,66,66,66,66,66,66,66,66,66,66,66,66,66,66],"relic_stats":{"Darkstone Periapt":0,"counters":[28,160],"PreservedInsect":441,"Orichalcum":[6],"Smiling Mask":525,"MawBank":84,"Mercury Hourglass":[383],"Centennial Puzzle":[36],"TheAbacus":[96],"MealTicket":15,"Turnip":[7],"Art of War":[1],"obtain_stats":[{"Darkstone Periapt":31,"Nilry\u0027s Codex":19,"PreservedInsect":20,"Orichalcum":41,"Bottled Tornado":44,"Smiling Mask":7,"MawBank":47,"Mercury Hourglass":25,"Centennial Puzzle":26,"TheAbacus":46,"MealTicket":36,"Fusion Hammer":17,"Turnip":30,"Art of War":55,"StrikeDummy":30,"Toy Ornithopter":9,"TungstenRod":14,"Ring of the Serpent":34,"Ring of the Snake":0},{"Darkstone Periapt":15,"Nilry\u0027s Codex":8,"PreservedInsect":8,"Orichalcum":21,"Bottled Tornado":22,"Smiling Mask":4,"MawBank":23,"Mercury Hourglass":11,"Centennial Puzzle":11,"TheAbacus":22,"MealTicket":17,"Fusion Hammer":7,"Turnip":14,"Art of War":27,"StrikeDummy":14,"Toy Ornithopter":4,"TungstenRod":6,"Ring of the Serpent":16,"Ring of the Snake":0},{"Darkstone Periapt":72,"Nilry\u0027s Codex":45,"PreservedInsect":45,"Orichalcum":109,"Bottled Tornado":120,"Smiling Mask":21,"MawBank":126,"Mercury Hourglass":61,"Centennial Puzzle":61,"TheAbacus":120,"MealTicket":87,"Fusion Hammer":42,"Turnip":70,"Art of War":157,"StrikeDummy":70,"Toy Ornithopter":21,"TungstenRod":32,"Ring of the Serpent":81,"Ring of the Snake":0}],"Toy Ornithopter":35,"TungstenRod":46},"card_choices":[{"not_picked":["Dodge and Roll","Backflip"],"picked":"Dagger Spray","floor":1.0},{"not_picked":["Dagger Spray","Blade Dance"],"picked":"Leg Sweep","floor":4.0},{"not_picked":["Distraction","Heel Hook"],"picked":"Footwork","floor":5.0},{"not_picked":["Sucker Punch","Leg Sweep"],"picked":"Corpse Explosion","floor":7.0},{"not_picked":["Deflect","Prepared"],"picked":"Noxious Fumes","floor":10.0},{"not_picked":["Skewer","Dodge and Roll","Masterful Stab"],"picked":"SKIP","floor":14.0},{"not_picked":["Malaise","Night Terror"],"picked":"Adrenaline","floor":16.0},{"not_picked":["Distraction","Prepared","Blade Dance+1"],"picked":"SKIP","floor":18.0},{"not_picked":["Poisoned Stab","Tactician"],"picked":"PiercingWail+1","floor":21.0},{"not_picked":["Eviscerate","Finisher","Tactician"],"picked":"SKIP","floor":22.0},{"not_picked":["Grand Finale","Blade Dance","Slice"],"picked":"SKIP","floor":25.0},{"not_picked":["Distraction","Flechettes","Sucker Punch"],"picked":"SKIP","floor":27.0},{"not_picked":["Dagger Throw","Flying Knee"],"picked":"Escape Plan","floor":31.0},{"not_picked":["Tactician","Distraction+1"],"picked":"Dodge and Roll+1","floor":35.0},{"not_picked":["Acrobatics","Flying Knee"],"picked":"Noxious Fumes+1","floor":37.0},{"not_picked":["Acrobatics","Poisoned Stab","Flechettes"],"picked":"SKIP","floor":38.0},{"not_picked":["Bane","Eviscerate","Finisher"],"picked":"SKIP","floor":39.0},{"not_picked":["Grand Finale","Bouncing Flask"],"picked":"Backflip","floor":41.0},{"not_picked":["Envenom","Quick Slash","Expertise"],"picked":"SKIP","floor":44.0},{"not_picked":["Flying Knee","Tactician"],"picked":"Catalyst","floor":47.0},{"not_picked":["Acrobatics","Quick Slash+1"],"picked":"Crippling Poison+1","floor":48.0},{"not_picked":["Acrobatics","Unload"],"picked":"Footwork","floor":55.0}],"player_experience":2839863,"relics_obtained":[{"floor":7.0,"key":"Smiling Mask"},{"floor":9.0,"key":"Toy Ornithopter"},{"floor":14.0,"key":"TungstenRod"},{"floor":19.0,"key":"Nilry\u0027s Codex"},{"floor":25.0,"key":"Mercury Hourglass"},{"floor":26.0,"key":"Centennial Puzzle"},{"floor":30.0,"key":"Turnip"},{"floor":30.0,"key":"StrikeDummy"},{"floor":31.0,"key":"Darkstone Periapt"},{"floor":41.0,"key":"Orichalcum"},{"floor":44.0,"key":"Bottled Tornado"},{"floor":47.0,"key":"MawBank"},{"floor":55.0,"key":"Art of War"}],"event_choices":[{"damage_healed":0.0,"max_hp_gain":0.0,"max_hp_loss":0.0,"gold_gain":0.0,"event_name":"Lab","player_choice":"Got Potions","floor":3.0,"gold_loss":0.0,"damage_taken":0.0},{"cards_removed":["Strike_G"],"damage_healed":0.0,"max_hp_gain":0.0,"max_hp_loss":0.0,"gold_gain":0.0,"event_name":"Golden Wing","player_choice":"Card Removal","floor":12.0,"gold_loss":0.0,"damage_taken":7.0},{"damage_healed":0.0,"max_hp_gain":0.0,"max_hp_loss":0.0,"gold_gain":0.0,"event_name":"Cursed Tome","player_choice":"Obtained Book","floor":19.0,"gold_loss":0.0,"damage_taken":21.0},{"damage_healed":0.0,"max_hp_gain":0.0,"max_hp_loss":0.0,"gold_gain":0.0,"event_name":"Addict","player_choice":"Obtained Relic","floor":20.0,"gold_loss":85.0,"damage_taken":0.0,"relics_obtained":["PreservedInsect"]},{"damage_healed":0.0,"max_hp_gain":0.0,"max_hp_loss":0.0,"gold_gain":50.0,"event_name":"Nest","player_choice":"Stole From Cult","floor":28.0,"gold_loss":0.0,"damage_taken":0.0},{"damage_healed":0.0,"max_hp_gain":0.0,"max_hp_loss":0.0,"gold_gain":0.0,"event_name":"Colosseum","player_choice":"Fight","floor":30.0,"gold_loss":0.0,"damage_taken":0.0},{"damage_healed":0.0,"max_hp_gain":0.0,"max_hp_loss":0.0,"gold_gain":0.0,"event_name":"Colosseum","player_choice":"Fought Nobs","floor":30.0,"gold_loss":0.0,"damage_taken":0.0},{"damage_healed":0.0,"max_hp_gain":0.0,"max_hp_loss":0.0,"gold_gain":0.0,"event_name":"Tomb of Lord Red Mask","player_choice":"Ignored","floor":45.0,"gold_loss":0.0,"damage_taken":0.0}],"is_beta":false,"boss_relics":[{"not_picked":["Velvet Choker","Calling Bell"],"picked":"Fusion Hammer"},{"not_picked":["Runic Dome","Snecko Eye"],"picked":"Ring of the Serpent"}],"items_purged_floors":[11,13,24,36,46,54],"is_endless":false,"potions_floor_spawned":[4,16,18,21,27,35,38,41,47],"killed_by":"The Heart","ascension_level":20}}