{"host":"hvwa7s69zr612rn1","time":1608541003,"event":{"mods":["BaseMod","Colored Map","Colored Powertips","Downfall","Minty Spire (QoL Compilation)","StSLib"],"gold_per_floor":[99,112,212,212,225,245,272,272,272,306,326,337,352,352,362,461,461,461,371,390,490,517,533,587,602,602,627,644,644,494,494,509,604,604,604,618,649,668,679,564,646,656,323,348,348,457,457,467,467],"floor_reached":50,"playtime":3703,"items_purged":["Parasite","champ:Defend","champ:Defend"],"score":919,"play_id":"09806bb0-e6cb-417b-8201-1c7e61933167","local_time":"20201221195643","is_ascension_mode":false,"campfire_choices":[{"data":"expansioncontent:Collect","floor":1,"key":"SMITH"},{"data":"champ:Circumvent","floor":8,"key":"SMITH"},{"data":"champ:Lariat","floor":18,"key":"SMITH"},{"data":"champ:SkillfulDodge","floor":26,"key":"SMITH"},{"data":"champ:DefensiveStyle","floor":35,"key":"SMITH"}],"circlet_count":0,"master_deck":["champ:Strike","champ:Strike","champ:Strike+1","champ:Defend+1","champ:Execute","champ:Taunt+1","expansioncontent:Collect+1","champ:ViciousMockery","champ:DefensiveStyle+1","champ:Circumvent+1","champ:Lariat+1","champ:TornadoPunch","champ:SkillfulDodge+1","champ:HoldFirm","champ:EnGarde+1","champ:ArenaPreparation+1","Ghostly","champ:ShieldSlam","champ:FalseCounter+1","champ:FocusedDefense","champ:ShieldThrow"],"relics":["champ:ChampionCrown","CloakClasp","champ:DefensiveTrainingManual","Blood Vial","champ:LiftRelic","Astrolabe","champ:BlackKnightHelmet","Question Card","Art of War","Pocketwatch","Coffee Dripper","Potion Belt","Blue Candle","The Courier","Red Mask","downfall:RedIOUUpgrade","Medical Kit","downfall:TeleportStone"],"acts_visited":["Exordium","TheCity","TheBeyond"],"potions_floor_usage":[11,16,21,22,22,27,49,49,49,49,49],"damage_taken":[{"damage":9,"enemies":"Small Slimes","floor":2,"turns":6},{"damage":75,"enemies":"Small Slimes","floor":3,"turns":16},{"damage":1,"enemies":"Jaw Worm","floor":5,"turns":5},{"damage":2,"enemies":"2 Louse","floor":6,"turns":2},{"damage":20,"enemies":"Lagavulin","floor":10,"turns":8},{"damage":0,"enemies":"2 Fungi Beasts","floor":11,"turns":4},{"damage":7,"enemies":"Exordium Wildlife","floor":12,"turns":8},{"damage":0,"enemies":"Blue Slaver","floor":13,"turns":3},{"damage":4,"enemies":"Exordium Thugs","floor":15,"turns":6},{"damage":17,"enemies":"downfall:Watcher","floor":16,"turns":14},{"damage":0,"enemies":"downfall:FleeingMerchant","floor":19,"turns":4},{"damage":0,"enemies":"Spheric Guardian","floor":20,"turns":4},{"damage":22,"enemies":"Spheric Guardian","floor":21,"turns":6},{"damage":23,"enemies":"Gremlin Leader","floor":22,"turns":10},{"damage":13,"enemies":"Chosen","floor":23,"turns":7},{"damage":5,"enemies":"Snecko","floor":25,"turns":3},{"damage":18,"enemies":"Book of Stabbing","floor":27,"turns":5},{"damage":20,"enemies":"Chosen and Byrds","floor":28,"turns":4},{"damage":5,"enemies":"Sentry and Sphere","floor":32,"turns":8},{"damage":11,"enemies":"downfall:Defect","floor":33,"turns":7},{"damage":1,"enemies":"Orb Walker","floor":36,"turns":2},{"damage":10,"enemies":"Giant Head","floor":37,"turns":6},{"damage":1,"enemies":"3 Shapes","floor":38,"turns":5},{"damage":1,"enemies":"Jaw Worm Horde","floor":39,"turns":4},{"damage":20,"enemies":"downfall:FleeingMerchant","floor":40,"turns":4},{"damage":14,"enemies":"Sphere and 2 Shapes","floor":42,"turns":4},{"damage":13,"enemies":"Reptomancer","floor":44,"turns":6},{"damage":20,"enemies":"downfall:FleeingMerchant","floor":46,"turns":4},{"damage":5,"enemies":"Spire Growth","floor":48,"turns":3},{"damage":55,"enemies":"downfall:Silent","floor":49,"turns":4}],"seed_played":"2856612502949308093","potions_obtained":[{"floor":2,"key":"GamblersBrew"},{"floor":3,"key":"LiquidBronze"},{"floor":6,"key":"Explosive Potion"},{"floor":15,"key":"champ:OpenerPotion"},{"floor":16,"key":"champ:TechniquePotion"},{"floor":23,"key":"Dexterity Potion"},{"floor":25,"key":"EssenceOfSteel"},{"floor":27,"key":"FearPotion"},{"floor":28,"key":"Dexterity Potion"},{"floor":44,"key":"SkillPotion"},{"floor":48,"key":"ColorlessPotion"}],"is_trial":false,"path_per_floor":["R","M","?","?","M","M","T","R","?","E","M","M","M","?","M","B",null,"R","$","M","?","E","M","T","M","R","E","M","?","?","?","M","B",null,"R","M","E","M","M","$","T","M","?","E","?","$","?","M","B",null],"character_chosen":"THE_CHAMP","items_purchased":["Medical Kit"],"campfire_rested":0,"item_purchase_floors":[46],"current_hp_per_floor":[90,86,39,39,38,36,36,36,41,26,28,23,25,25,23,13,95,95,92,92,75,64,63,63,65,65,59,61,43,43,43,45,46,97,97,97,92,93,97,97,97,88,109,106,106,108,108,109,64],"gold":467,"neow_bonus":"RANDOM_COLORLESS","is_daily":false,"chose_seed":false,"campfire_upgraded":5,"win_rate":0.0,"timestamp":1608541003,"path_taken":["R","M","?","?","M","M","T","R","?","E","M","M","M","?","M","BOSS","R","$","M","?","E","M","T","M","R","E","M","?","?","?","M","BOSS","R","M","E","M","M","$","T","M","?","E","?","$","?","M","BOSS"],"items_purchased_type":["Relic"],"build_version":"2020-12-13","purchased_purges":3,"victory":true,"max_hp_per_floor":[90,90,90,90,90,90,90,90,95,95,95,95,95,95,95,95,95,95,92,92,92,92,92,92,92,92,92,92,97,97,97,97,97,97,97,97,97,97,97,97,97,97,109,109,109,109,109,109,109],"card_choices":[{"not_picked":["expansioncontent:ManipulateTime","expansioncontent:HyperBeam"],"picked":"expansioncontent:Collect","floor":0},{"not_picked":["champ:StanceDance","champ:FocusedBerserking"],"picked":"champ:ViciousMockery","floor":2},{"not_picked":["champ:FanOfKnives","champ:BladeFlurry"],"picked":"champ:DefensiveStyle","floor":5},{"not_picked":["champ:GladiatorStyle","champ:DefensiveShout"],"picked":"champ:Circumvent","floor":6},{"not_picked":["champ:Shatter","champ:Haymaker","champ:StanceDance"],"picked":"SKIP","floor":10},{"not_picked":["champ:BerserkersShout","champ:GladiatorsShout"],"picked":"champ:Lariat","floor":11},{"not_picked":["champ:Haymaker","champ:ArenaPreparation"],"picked":"champ:TornadoPunch","floor":12},{"not_picked":["champ:PreciseThrust","champ:IronFortress"],"picked":"champ:SkillfulDodge","floor":13},{"not_picked":["champ:Control","champ:CrookedStrike","champ:Balance"],"picked":"SKIP","floor":15},{"not_picked":["champ:CrownThrow","champ:ShieldThrow"],"picked":"champ:HoldFirm","floor":16},{"not_picked":["champ:FocusedBerserking+1","champ:AdrenalArmor"],"picked":"champ:RisingSlash","floor":19},{"not_picked":["champ:Circumvent","champ:DefensiveShout","champ:TornadoPunch+1"],"picked":"SKIP","floor":20},{"not_picked":["champ:Riposte","champ:FocusedGladiator","champ:FanOfKnives+1","champ:Backstep"],"picked":"SKIP","floor":22},{"not_picked":["champ:FanOfKnives","champ:BladeFlurry","champ:FlashCut+1","champ:DancingMaster"],"picked":"SKIP","floor":23},{"not_picked":["champ:BerserkersShout","champ:Haymaker","champ:Encircle","champ:PreciseThrust"],"picked":"SKIP","floor":25},{"not_picked":["champ:Riposte","champ:Encircle+1","champ:DeathBlow","champ:CrookedStrike"],"picked":"SKIP","floor":27},{"not_picked":["champ:DefensiveShout","champ:Encircle","champ:FocusedGladiator","champ:BladeFlurry"],"picked":"SKIP","floor":28},{"not_picked":["champ:HeavySlash","champ:AdrenalArmor+1","champ:IronFortress","champ:TornadoPunch"],"picked":"SKIP","floor":32},{"not_picked":["champ:VampiricStrike","champ:LastStand","champ:Devastate"],"picked":"champ:ShieldSlam","floor":33},{"not_picked":["champ:Balance","champ:Encircle+1","champ:FanOfKnives+1"],"picked":"champ:FalseCounter+1","floor":36},{"not_picked":["champ:GladiatorsShout+1","champ:BladeFlurry","champ:TornadoPunch","champ:Lariat"],"picked":"SKIP","floor":37},{"not_picked":["champ:Backstep+1","champ:RisingSlash+1","champ:Encircle+1"],"picked":"champ:FocusedDefense","floor":38},{"not_picked":["champ:DancingMaster","champ:DefensiveShout+1","champ:DeathBlow","champ:StanceDance"],"picked":"SKIP","floor":39},{"not_picked":["champ:SwordThrow","champ:Circumvent","champ:Haymaker","champ:Riposte"],"picked":"SKIP","floor":40},{"not_picked":["champ:DeathBlow+1","champ:CrookedStrike","champ:GladiatorsShout+1","champ:TornadoPunch"],"picked":"SKIP","floor":42},{"not_picked":["champ:BringItOn","champ:CrookedStrike+1","champ:ViciousMockery"],"picked":"champ:ShieldThrow","floor":44},{"not_picked":["champ:TornadoPunch","champ:BladeFlurry","champ:Haymaker+1","champ:Backstep"],"picked":"SKIP","floor":46},{"not_picked":["champ:FanOfKnives","champ:DefensiveShout+1","champ:GutPunch+1","champ:PerfectedStrike+1"],"picked":"SKIP","floor":48}],"player_experience":382802,"relics_obtained":[{"floor":3,"key":"CloakClasp"},{"floor":7,"key":"champ:DefensiveTrainingManual"},{"floor":10,"key":"Blood Vial"},{"floor":21,"key":"champ:BlackKnightHelmet"},{"floor":21,"key":"Question Card"},{"floor":22,"key":"Juzu Bracelet"},{"floor":24,"key":"Art of War"},{"floor":27,"key":"Pocketwatch"},{"floor":37,"key":"Potion Belt"},{"floor":41,"key":"Blue Candle"},{"floor":44,"key":"The Courier"}],"event_choices":[{"damage_healed":0,"gold_gain":0,"player_choice":"Donut","damage_taken":0,"max_hp_gain":5,"max_hp_loss":0,"event_name":"Big Fish","floor":9,"gold_loss":0}],"is_beta":false,"boss_relics":[{"not_picked":["Pandora\u0027s Box","Snecko Eye"],"picked":"Astrolabe"},{"not_picked":["Runic Pyramid","Busted Crown"],"picked":"Coffee Dripper"}],"items_purged_floors":[19,40,46],"is_endless":false,"potions_floor_spawned":[2,3,6,15,16,23,25,27,28,32,36,44,48],"ascension_level":0}}