{"host":"30jsp143e4v19aze","time":1608592804,"event":{"mods":["BaseMod","Colored Map","Colored Powertips","Curses Come First","DeckTracker","Highlight Path","Minty Spire (QoL Compilation)","Quick Restart","Relic Stats","StSLib"],"gold_per_floor":[114,128,303,303,316,316,345,80,80,80,0,18,48,48,48,124,124,136,146,157,432,182,216,235,235,235,270,18,18,53,70,70,147,147,164,70,70,86,98,98,0,32,86,86,86,10,20,20,20],"floor_reached":48,"playtime":2999,"items_purged":["Doubt","Regret","Strike_G","Strike_G+1"],"score":969,"play_id":"7b0c2438-b451-41a6-91ad-3fe12da7cf5d","local_time":"20201222002004","is_ascension_mode":true,"campfire_choices":[{"data":"Underhanded Strike","floor":6,"key":"SMITH"},{"data":"Die Die Die","floor":10,"key":"SMITH"},{"data":"Caltrops","floor":15,"key":"SMITH"},{"data":"Wraith Form v2","floor":25,"key":"SMITH"},{"floor":32,"key":"REST"},{"data":"Crippling Poison","floor":40,"key":"SMITH"},{"floor":44,"key":"REST"}],"circlet_count":0,"master_deck":["AscendersBane","Strike_G+1","Strike_G+1","Strike_G+1","Defend_G+1","Defend_G+1","Defend_G+1","Defend_G+1","Defend_G+1","Survivor","Neutralize","Acrobatics","Underhanded Strike+1","Caltrops+1","Die Die Die+1","Well Laid Plans","PiercingWail","Bouncing Flask","Corpse Explosion","Dodge and Roll+1","Wraith Form v2+1","Crippling Poison+1","Noxious Fumes","Leg Sweep","Backflip","Backflip+1","Tools of the Trade","Footwork","Parasite","Madness","Dark Shackles","Dark Shackles","Acrobatics+1"],"relics":["Ring of the Serpent","Meat on the Bone","Centennial Puzzle","Membership Card","Regal Pillow","PreservedInsect","FaceOfCleric","Black Star","Singing Bowl","Strawberry","Blue Candle","Bag of Preparation","Bottled Lightning","Ancient Tea Set","Pantograph","White Beast Statue","Gambling Chip","Gremlin Horn","Red Mask","Ornamental Fan","Lantern","ClockworkSouvenir"],"acts_visited":["Exordium","TheCity","TheBeyond"],"potions_floor_usage":[7,13,20,23,27,30,31,33,42,48],"damage_taken":[{"damage":3,"enemies":"Jaw Worm","floor":1,"turns":5},{"damage":1,"enemies":"Cultist","floor":2,"turns":4},{"damage":14,"enemies":"2 Louse","floor":5,"turns":3},{"damage":17,"enemies":"Lagavulin","floor":7,"turns":5},{"damage":6,"enemies":"Lots of Slimes","floor":12,"turns":3},{"damage":18,"enemies":"Gremlin Nob","floor":13,"turns":5},{"damage":28,"enemies":"Hexaghost","floor":16,"turns":9},{"damage":17,"enemies":"Chosen","floor":18,"turns":5},{"damage":8,"enemies":"3 Byrds","floor":19,"turns":4},{"damage":22,"enemies":"3 Cultists","floor":20,"turns":4},{"damage":26,"enemies":"Slavers","floor":23,"turns":3},{"damage":0,"enemies":"Cultist and Chosen","floor":24,"turns":4},{"damage":12,"enemies":"Book of Stabbing","floor":27,"turns":6},{"damage":11,"enemies":"Slavers","floor":30,"turns":2},{"damage":36,"enemies":"Centurion and Healer","floor":31,"turns":11},{"damage":23,"enemies":"Collector","floor":33,"turns":9},{"damage":40,"enemies":"Orb Walker","floor":35,"turns":10},{"damage":5,"enemies":"3 Shapes","floor":38,"turns":4},{"damage":27,"enemies":"Writhing Mass","floor":39,"turns":9},{"damage":28,"enemies":"Nemesis","floor":42,"turns":9},{"damage":27,"enemies":"Transient","floor":47,"turns":5},{"damage":156,"enemies":"Giant Head","floor":48,"turns":12}],"seed_played":"5403129630956161985","potions_obtained":[{"floor":1,"key":"DistilledChaos"},{"floor":5,"key":"FearPotion"},{"floor":7,"key":"Dexterity Potion"},{"floor":16,"key":"Weak Potion"},{"floor":19,"key":"PowerPotion"},{"floor":20,"key":"BlessingOfTheForge"},{"floor":23,"key":"SteroidPotion"},{"floor":30,"key":"DistilledChaos"},{"floor":31,"key":"SneckoOil"},{"floor":33,"key":"FairyPotion"},{"floor":35,"key":"ColorlessPotion"},{"floor":38,"key":"PowerPotion"},{"floor":42,"key":"DistilledChaos"}],"is_trial":false,"path_per_floor":["M","M","?","?","M","R","E","$","T","R","$","M","E","?","R","B",null,"M","M","M","?","$","E","M","R","T","E","$","?","E","M","R","B",null,"M","$","?","M","M","R","?","E","T","R","?","$","M","E"],"character_chosen":"THE_SILENT","items_purchased":["Membership Card","Die Die Die","Well Laid Plans","PiercingWail","Dash","Singing Bowl","Strawberry","Leg Sweep","Backflip","White Beast Statue","Footwork","ClockworkSouvenir"],"campfire_rested":2,"item_purchase_floors":[8,8,11,11,11,22,22,28,28,28,36,46],"current_hp_per_floor":[62,61,61,49,47,47,42,42,42,42,42,48,42,42,42,27,62,46,39,30,30,37,24,37,37,37,38,38,38,40,19,61,64,84,59,59,59,57,45,45,45,32,32,77,67,67,53,0,0],"gold":20,"neow_bonus":"TEN_PERCENT_HP_BONUS","is_daily":false,"chose_seed":false,"campfire_upgraded":5,"win_rate":0.0,"timestamp":1608592804,"path_taken":["M","M","?","?","M","R","E","?","T","R","$","?","E","?","R","BOSS","M","M","?","?","$","E","?","R","T","E","$","?","E","M","R","BOSS","M","$","?","M","M","R","?","E","T","R","?","$","M","E"],"items_purchased_type":["Relic","Card","Card","Card","Card","Relic","Relic","Card","Card","Relic","Card","Relic"],"build_version":"2020-12-13","purchased_purges":4,"victory":false,"max_hp_per_floor":[72,72,72,72,72,72,72,72,72,72,72,72,72,72,72,73,73,74,75,76,76,83,84,85,85,85,86,86,86,87,90,90,91,91,94,94,94,97,100,100,100,103,103,103,103,103,104,104,104],"relic_stats":{"Regal Pillow":30,"Singing Bowl":10,"Gremlin Horn":[7,7],"counters":[22,131],"Blue Candle":[2],"PreservedInsect":305,"Bag of Preparation":[22],"Centennial Puzzle":[51],"FaceOfCleric":15,"Ornamental Fan":[4],"Pantograph":25,"Gambling Chip":[31],"Black Star":4,"obtain_stats":[{"Regal Pillow":9,"Lantern":42,"Singing Bowl":22,"Gremlin Horn":30,"Blue Candle":23,"PreservedInsect":13,"Bag of Preparation":23,"Ancient Tea Set":27,"White Beast Statue":28,"ClockworkSouvenir":46,"Centennial Puzzle":7,"FaceOfCleric":14,"Ornamental Fan":42,"Strawberry":22,"Pantograph":27,"Gambling Chip":30,"Black Star":17,"Red Mask":41,"Membership Card":8,"Bottled Lightning":26,"Ring of the Serpent":34,"Ring of the Snake":0,"Meat on the Bone":4},{"Regal Pillow":4,"Lantern":20,"Singing Bowl":10,"Gremlin Horn":14,"Blue Candle":11,"PreservedInsect":6,"Bag of Preparation":11,"Ancient Tea Set":13,"White Beast Statue":13,"ClockworkSouvenir":20,"Centennial Puzzle":4,"FaceOfCleric":6,"Ornamental Fan":20,"Strawberry":10,"Pantograph":13,"Gambling Chip":14,"Black Star":7,"Red Mask":19,"Membership Card":4,"Bottled Lightning":12,"Ring of the Serpent":16,"Ring of the Snake":0,"Meat on the Bone":2},{"Regal Pillow":17,"Lantern":114,"Singing Bowl":47,"Gremlin Horn":62,"Blue Candle":50,"PreservedInsect":25,"Bag of Preparation":50,"Ancient Tea Set":60,"White Beast Statue":60,"ClockworkSouvenir":114,"Centennial Puzzle":17,"FaceOfCleric":25,"Ornamental Fan":114,"Strawberry":47,"Pantograph":60,"Gambling Chip":62,"Black Star":34,"Red Mask":105,"Membership Card":17,"Bottled Lightning":54,"Ring of the Serpent":82,"Ring of the Snake":0,"Meat on the Bone":9}],"Meat on the Bone":180},"card_choices":[{"not_picked":["Expertise","Dodge and Roll"],"picked":"Acrobatics","floor":1},{"not_picked":["Leg Sweep","Acrobatics"],"picked":"Underhanded Strike","floor":2},{"not_picked":["Deflect","Underhanded Strike"],"picked":"Caltrops","floor":5},{"not_picked":["Acrobatics","Underhanded Strike","Deflect"],"picked":"SKIP","floor":7},{"not_picked":["Cloak And Dagger","Underhanded Strike"],"picked":"Bouncing Flask","floor":12},{"not_picked":["Deflect","Dodge and Roll","Phantasmal Killer"],"picked":"SKIP","floor":13},{"not_picked":["Glass Knife","Phantasmal Killer"],"picked":"Corpse Explosion","floor":16},{"not_picked":["Escape Plan+1","Deflect","Dagger Throw"],"picked":"SKIP","floor":18},{"not_picked":["Skewer","Sucker Punch"],"picked":"Dodge and Roll+1","floor":19},{"not_picked":["Quick Slash","Deflect+1","Escape Plan"],"picked":"SKIP","floor":20},{"not_picked":["Riddle With Holes","Deflect"],"picked":"Wraith Form v2","floor":23},{"not_picked":["Deflect","Underhanded Strike"],"picked":"Crippling Poison","floor":24},{"not_picked":["Blur","Heel Hook"],"picked":"Noxious Fumes","floor":27},{"not_picked":["Deadly Poison+1","Skewer+1"],"picked":"Backflip+1","floor":30},{"not_picked":["PiercingWail","Caltrops","Flying Knee"],"picked":"Singing Bowl","floor":31},{"not_picked":["Doppelganger","Envenom"],"picked":"Tools of the Trade","floor":33},{"not_picked":["Setup","Acrobatics","Finisher"],"picked":"Singing Bowl","floor":35},{"not_picked":["Tactician+1","Footwork","Sucker Punch"],"picked":"Singing Bowl","floor":38},{"not_picked":["Bane","Blade Dance+1","Choke"],"picked":"Singing Bowl","floor":39},{"not_picked":["Dodge and Roll+1","Reflex","Deadly Poison"],"picked":"Singing Bowl","floor":42},{"not_picked":["Magnetism","Good Instincts"],"picked":"Madness","floor":45},{"not_picked":["Purity","PanicButton"],"picked":"Dark Shackles","floor":45},{"not_picked":["Flash of Steel","Magnetism"],"picked":"Dark Shackles","floor":45},{"not_picked":["Eviscerate","Dodge and Roll"],"picked":"Acrobatics+1","floor":47}],"player_experience":3036877,"relics_obtained":[{"floor":7,"key":"Centennial Puzzle"},{"floor":9,"key":"Regal Pillow"},{"floor":13,"key":"PreservedInsect"},{"floor":23,"key":"Blue Candle"},{"floor":23,"key":"Bag of Preparation"},{"floor":26,"key":"Bottled Lightning"},{"floor":27,"key":"Ancient Tea Set"},{"floor":27,"key":"Pantograph"},{"floor":30,"key":"Gambling Chip"},{"floor":30,"key":"Gremlin Horn"},{"floor":42,"key":"Ornamental Fan"},{"floor":42,"key":"Lantern"}],"event_choices":[{"damage_healed":0,"gold_gain":175,"player_choice":"AGREE","damage_taken":0,"max_hp_gain":0,"max_hp_loss":0,"event_name":"Liars Game","floor":3,"gold_loss":0,"cards_obtained":["Doubt"]},{"damage_healed":0,"gold_gain":0,"player_choice":"Success","damage_taken":12,"relics_obtained":["Meat on the Bone"],"max_hp_gain":0,"max_hp_loss":0,"event_name":"Scrap Ooze","floor":4,"gold_loss":0},{"damage_healed":0,"gold_gain":0,"player_choice":"Trade","damage_taken":0,"relics_obtained":["FaceOfCleric"],"max_hp_gain":0,"max_hp_loss":0,"event_name":"FaceTrader","floor":14,"gold_loss":0},{"damage_healed":0,"gold_gain":275,"player_choice":"Desecrate","damage_taken":0,"max_hp_gain":0,"max_hp_loss":0,"event_name":"Golden Shrine","floor":21,"gold_loss":0,"cards_obtained":["Regret"]},{"damage_healed":0,"gold_gain":0,"player_choice":"Simplicity","damage_taken":0,"max_hp_gain":0,"max_hp_loss":0,"event_name":"Back to Basics","floor":29,"gold_loss":0,"cards_upgraded":["Strike_G","Strike_G","Strike_G","Strike_G","Defend_G","Defend_G","Defend_G","Defend_G","Defend_G"]},{"cards_removed":["Dash"],"damage_healed":0,"gold_gain":0,"player_choice":"Removed Attack","damage_taken":0,"max_hp_gain":0,"max_hp_loss":0,"event_name":"Falling","floor":37,"gold_loss":0},{"damage_healed":0,"gold_gain":0,"player_choice":"Paid","damage_taken":0,"relics_obtained":["Red Mask"],"max_hp_gain":0,"max_hp_loss":0,"event_name":"Tomb of Lord Red Mask","floor":41,"gold_loss":98},{"damage_healed":0,"gold_gain":0,"player_choice":"Memory 3","damage_taken":10,"max_hp_gain":0,"max_hp_loss":0,"event_name":"SensoryStone","floor":45,"gold_loss":0}],"is_beta":false,"boss_relics":[{"not_picked":["Runic Dome","Pandora\u0027s Box"],"picked":"Black Star"},{"not_picked":["Empty Cage","WristBlade"],"picked":"Ring of the Serpent"}],"items_purged_floors":[8,22,28,36],"is_endless":false,"potions_floor_spawned":[1,5,7,16,19,20,23,30,31,33,35,38,39,42,47],"killed_by":"Giant Head","ascension_level":14}}