{"host":"8g24zuco0epbjwbo","time":1608587448,"event":{"mods":["BaseMod","Downfall","Minty Spire (QoL Compilation)","Relic Stats","StSLib"],"gold_per_floor":[0,20,195,645,645,663,663,763,763,763,763],"floor_reached":9,"playtime":333,"items_purged":[],"score":49,"play_id":"976ede4b-5538-441f-901d-78e7698177ff","local_time":"20201221165048","is_ascension_mode":false,"campfire_choices":[{"data":"champ:Devastate","floor":1,"key":"SMITH"}],"circlet_count":0,"master_deck":["champ:Strike","champ:Strike","champ:Strike","champ:Strike","champ:Defend","champ:Defend","champ:Defend","champ:Defend","champ:Execute","champ:Taunt","champ:Devastate+1","champ:BerserkerStyle","Doubt","Slimebound:Icky","Slimebound:Icky","Slimebound:Icky","champ:BringItOn"],"relics":["champ:ChampionCrown","Mummified Hand","downfall:GremlinWheel"],"acts_visited":["Exordium"],"potions_floor_usage":[8],"damage_taken":[{"damage":0,"enemies":"2 Louse","floor":2,"turns":4},{"damage":24,"enemies":"Small Slimes","floor":6,"turns":7},{"damage":31,"enemies":"Small Slimes","floor":8,"turns":5},{"damage":57,"enemies":"3 Sentries","floor":9,"turns":9}],"seed_played":"-669785251312427087","potions_obtained":[{"floor":6,"key":"Explosive Potion"}],"is_trial":false,"path_per_floor":["R","M","?","?","?","M","T","?","E"],"character_chosen":"THE_CHAMP","items_purchased":[],"campfire_rested":0,"item_purchase_floors":[],"current_hp_per_floor":[90,90,90,90,90,71,71,45,0,0,0],"gold":763,"neow_bonus":"THREE_RARE_CARDS","is_daily":false,"chose_seed":false,"campfire_upgraded":1,"win_rate":0.0,"timestamp":1608587448,"path_taken":["R","M","?","?","?","?","T","?","E"],"items_purchased_type":[],"build_version":"2020-12-13","purchased_purges":0,"victory":false,"max_hp_per_floor":[90,90,90,90,90,90,90,90,90,90,90],"relic_stats":{"counters":[4,25],"Mummified Hand":[3],"obtain_stats":[{"downfall:GremlinWheel":8,"Mummified Hand":7,"champ:ChampionCrown":0},{"downfall:GremlinWheel":3,"Mummified Hand":2,"champ:ChampionCrown":0},{"downfall:GremlinWheel":16,"Mummified Hand":11,"champ:ChampionCrown":0}]},"card_choices":[{"not_picked":["champ:PerfectForm","champ:ShieldThrow"],"picked":"champ:Devastate","floor":0},{"not_picked":["champ:BerserkersShout","champ:FocusedBerserking"],"picked":"champ:BerserkerStyle","floor":2},{"not_picked":["champ:AdrenalArmor","champ:Aggression"],"picked":"champ:BringItOn","floor":6}],"player_experience":428772,"relics_obtained":[{"floor":7,"key":"Mummified Hand"},{"floor":8,"key":"downfall:GremlinWheel"}],"event_choices":[],"is_beta":false,"boss_relics":[],"items_purged_floors":[],"is_endless":false,"potions_floor_spawned":[6],"killed_by":"3 Sentries","ascension_level":0}}