{"host":"s8k08j4eybfen9r6","time":1608562662,"event":{"mods":["Aspiration","BaseMod","Better Altar","Better Match","Better Note","Better Sensory Stone","Better Skull","Better Third Choice","BetterRewards","Downfall","Hubris","Lobotomy","Minty Spire (QoL Compilation)","MostiFishMod","Rare Cards Sparkle","Reworked Bosses","Shop Mod","Spicy Shops","StSLib","The Alterego","The Animator"],"gold_per_floor":[109,131,150,425,455,455,455],"floor_reached":6,"playtime":426,"items_purged":[],"score":40,"play_id":"1854e8fd-c791-4e72-9dfb-24d62d46f42b","local_time":"20201222005742","is_ascension_mode":true,"campfire_choices":[],"circlet_count":0,"master_deck":["animator:Strike_Konosuba","animator:Defend_Konosuba","animator:Strike","animator:Strike","animator:Strike","animator:Defend","animator:Defend","animator:Defend","animator:Kazuma","animator:Aqua","animator:Layla","animator:Melzalgald","animator:MetalKnight","Regret","animator:Tatsumaki"],"relics":["animator:LivingPicture","animator:TheMissingPiece","DaveBox","animator:PurgingStone","Nloth\u0027s Gift","Question Card"],"acts_visited":["Exordium"],"potions_floor_usage":[6,6],"damage_taken":[{"damage":8,"enemies":"2 Louse","floor":1,"turns":2},{"damage":0,"enemies":"Cultist","floor":2,"turns":3},{"damage":11,"enemies":"Jaw Worm","floor":3,"turns":3},{"damage":23,"enemies":"2 Fungi Beasts","floor":5,"turns":3},{"damage":56,"enemies":"Gremlin Nob","floor":6,"turns":5}],"seed_played":"2983374432710526896","potions_obtained":[{"floor":3,"key":"Strength Potion"},{"floor":5,"key":"Guardian:BlockOnCardUsePotion"}],"is_trial":false,"path_per_floor":["M","M","M","?","M","E"],"character_chosen":"THE_ANIMATOR","items_purchased":[],"campfire_rested":0,"item_purchase_floors":[],"current_hp_per_floor":[60,62,54,54,33,0,0],"gold":455,"neow_bonus":"","is_daily":false,"chose_seed":false,"campfire_upgraded":0,"win_rate":0.0,"timestamp":1608562662,"path_taken":["M","M","M","?","M","E"],"items_purchased_type":[],"build_version":"2020-12-13","purchased_purges":0,"victory":false,"max_hp_per_floor":[66,66,67,67,67,67,67],"card_choices":[{"not_picked":["animator:Tyuule","animator:Illya"],"picked":"animator:Layla","floor":1},{"not_picked":["animator:YaoHaDucy","animator:Arpeggio","animator:Alexander"],"picked":"animator:Melzalgald","floor":2},{"not_picked":["animator:Alexander","animator:Yuuichirou","animator:Kazuma"],"picked":"animator:MetalKnight","floor":3},{"not_picked":["animator:MumenRider","animator:Melzalgald","animator:Genos"],"picked":"animator:Tatsumaki","floor":5}],"player_experience":360441,"relics_obtained":[{"floor":1,"key":"Question Card"}],"event_choices":[{"damage_healed":0,"gold_gain":275,"player_choice":"Desecrate","damage_taken":0,"max_hp_gain":0,"max_hp_loss":0,"event_name":"Golden Shrine","floor":4,"gold_loss":0,"cards_obtained":["Regret"]}],"is_beta":false,"boss_relics":[],"items_purged_floors":[],"is_endless":false,"potions_floor_spawned":[3,5],"killed_by":"Gremlin Nob","ascension_level":1}}