{"host":"fne7yx97fnz7kq05","time":1608526080,"event":{"mods":["BaseMod","Colored Map","Colored Powertips","Highlight Path","Minty Spire (QoL Compilation)","Relic Stats"],"gold_per_floor":[17,30,46,196,211,211,230,230,230,155,183,183,183,209,209,280,280,297,324,324,341,354,354,368,368,368,396,396,409,441,541,541,618,618,629,645,664,664,29,56,56,56,82,107,117,117,30,62,62,62,62,62,19,48,48,48],"floor_reached":55,"playtime":4355,"items_purged":["Doubt","Strike_R"],"score":1439,"play_id":"051837c8-a8ad-4925-823c-093d3e26f827","local_time":"20201220224800","is_ascension_mode":true,"campfire_choices":[{"data":"Rampage","floor":6,"key":"SMITH"},{"floor":13,"key":"REST"},{"data":"Second Wind","floor":15,"key":"SMITH"},{"floor":23,"key":"REST"},{"floor":25,"key":"REST"},{"data":"RitualDagger","floor":28,"key":"SMITH"},{"floor":32,"key":"REST"},{"floor":41,"key":"REST"},{"floor":42,"key":"REST"},{"floor":46,"key":"RECALL"},{"floor":49,"key":"REST"},{"data":"Double Tap","floor":52,"key":"SMITH"}],"circlet_count":0,"master_deck":["AscendersBane","Strike_R","Strike_R+1","Strike_R","Strike_R","Defend_R","Defend_R","Defend_R","Defend_R","Bash","Rampage+1","Shrug It Off+1","Twin Strike","Cleave","Double Tap+1","Second Wind+1","Juggernaut","Spot Weakness","RitualDagger+1","Shrug It Off","Headbutt","Clothesline","Impervious","Flame Barrier","Disarm","Shrug It Off+1","Impervious","PanicButton","Heavy Blade+1"],"relics":["Burning Blood","Pocketwatch","Self Forming Clay","Blood Vial","Torii","Velvet Choker","Red Mask","Thread and Needle","Bottled Flame","Bird Faced Urn","The Courier","Black Star","Molten Egg 2","WingedGreaves","Lizard Tail","Centennial Puzzle","Potion Belt","Vajra","Dream Catcher","Bag of Marbles","Singing Bowl","Nunchaku","Sundial"],"acts_visited":["Exordium","TheCity","TheBeyond","TheEnding"],"potions_floor_usage":[8,11,16,19,24,27,29,31,33,40,48,48,55,55,55],"damage_taken":[{"damage":10,"enemies":"Small Slimes","floor":1,"turns":4},{"damage":2,"enemies":"Jaw Worm","floor":2,"turns":3},{"damage":0,"enemies":"2 Louse","floor":3,"turns":4},{"damage":18,"enemies":"Large Slime","floor":5,"turns":8},{"damage":19,"enemies":"Lots of Slimes","floor":7,"turns":4},{"damage":19,"enemies":"3 Sentries","floor":11,"turns":7},{"damage":16,"enemies":"Lagavulin","floor":14,"turns":7},{"damage":22,"enemies":"Slime Boss","floor":16,"turns":7},{"damage":22,"enemies":"3 Byrds","floor":18,"turns":6},{"damage":21,"enemies":"Masked Bandits","floor":19,"turns":5},{"damage":17,"enemies":"2 Thieves","floor":21,"turns":3},{"damage":18,"enemies":"Snake Plant","floor":22,"turns":5},{"damage":16,"enemies":"Shelled Parasite and Fungi","floor":24,"turns":5},{"damage":9,"enemies":"Gremlin Leader","floor":27,"turns":7},{"damage":7,"enemies":"3 Cultists","floor":29,"turns":4},{"damage":14,"enemies":"Slavers","floor":30,"turns":5},{"damage":1,"enemies":"Colosseum Slavers","floor":31,"turns":4},{"damage":16,"enemies":"Colosseum Nobs","floor":31,"turns":5},{"damage":58,"enemies":"Champ","floor":33,"turns":12},{"damage":0,"enemies":"3 Shapes","floor":35,"turns":5},{"damage":37,"enemies":"3 Darklings","floor":36,"turns":11},{"damage":2,"enemies":"Jaw Worm Horde","floor":37,"turns":7},{"damage":62,"enemies":"Giant Head","floor":40,"turns":9},{"damage":21,"enemies":"Nemesis","floor":44,"turns":7},{"damage":5,"enemies":"Writhing Mass","floor":45,"turns":8},{"damage":36,"enemies":"Giant Head","floor":48,"turns":8},{"damage":52,"enemies":"Awakened One","floor":50,"turns":15},{"damage":8,"enemies":"Shield and Spear","floor":54,"turns":6},{"damage":160,"enemies":"The Heart","floor":55,"turns":11}],"seed_played":"-4447881200355846861","potions_obtained":[{"floor":1,"key":"Fruit Juice"},{"floor":7,"key":"EntropicBrew"},{"floor":18,"key":"LiquidMemories"},{"floor":21,"key":"Fire Potion"},{"floor":24,"key":"Weak Potion"},{"floor":29,"key":"Dexterity Potion"},{"floor":30,"key":"FearPotion"},{"floor":31,"key":"FearPotion"},{"floor":35,"key":"Weak Potion"},{"floor":44,"key":"ElixirPotion"},{"floor":45,"key":"ColorlessPotion"}],"is_trial":false,"path_per_floor":["M","M","M","?","M","R","M","?","T","$","E","?","R","E","R","B",null,"M","?","?","M","M","R","M","R","T","E","R","M","E","?","R","B",null,"M","M","M","?","$","E","R","R","T","E","M","R","$","E","R","B",null,"R","$","E","B"],"character_chosen":"IRONCLAD","items_purchased":["PanicButton","Molten Egg 2","WingedGreaves","BloodPotion","Heavy Blade+1","Explosive Potion"],"campfire_rested":7,"item_purchase_floors":[39,39,39,47,47,53],"current_hp_per_floor":[64,68,74,74,62,62,49,59,59,59,46,20,45,37,37,23,70,56,43,37,28,18,43,35,60,60,59,59,60,54,53,78,30,71,81,54,62,62,62,10,35,60,60,49,52,52,52,26,54,10,69,69,69,73,0,0],"gold":48,"neow_bonus":"ONE_RARE_RELIC","is_daily":false,"chose_seed":false,"campfire_upgraded":4,"win_rate":0.0,"timestamp":1608526080,"path_taken":["M","M","M","?","M","R","M","?","T","$","E","?","R","E","R","BOSS","M","?","?","M","M","R","M","R","T","E","R","M","E","?","R","BOSS","M","M","M","?","$","E","R","R","T","E","?","R","$","E","R","BOSS","R","$","E","BOSS"],"items_purchased_type":["Card","Relic","Relic","Potion","Card","Potion"],"build_version":"2020-12-13","purchased_purges":2,"victory":false,"max_hp_per_floor":[75,75,75,75,75,75,75,85,85,85,85,85,85,85,85,85,85,85,85,85,85,85,85,85,85,85,85,85,85,85,85,85,85,85,85,85,85,85,85,85,85,85,85,85,85,85,85,87,89,89,89,89,89,91,91,91],"relic_stats":{"Torii":112,"Singing Bowl":6,"counters":[29,192],"Self Forming Clay":[327],"Burning Blood":168,"Blood Vial":46,"Lizard Tail":45,"Centennial Puzzle":[18],"Dream Catcher":1,"Nunchaku":[1],"Sundial":[2],"Bird Faced Urn":[16],"Black Star":4,"obtain_stats":[{"Potion Belt":43,"Torii":14,"Singing Bowl":48,"Self Forming Clay":9,"Velvet Choker":17,"Vajra":44,"Thread and Needle":27,"The Courier":31,"Burning Blood":0,"Blood Vial":11,"Bottled Flame":30,"Lizard Tail":40,"Centennial Puzzle":40,"Dream Catcher":44,"Nunchaku":54,"Sundial":54,"Bird Faced Urn":31,"Molten Egg 2":39,"WingedGreaves":39,"Red Mask":19,"Black Star":34,"Bag of Marbles":48,"Pocketwatch":0},{"Potion Belt":23,"Torii":7,"Singing Bowl":26,"Self Forming Clay":5,"Velvet Choker":8,"Vajra":24,"Thread and Needle":14,"The Courier":18,"Burning Blood":0,"Blood Vial":6,"Bottled Flame":16,"Lizard Tail":23,"Centennial Puzzle":23,"Dream Catcher":24,"Nunchaku":28,"Sundial":28,"Bird Faced Urn":18,"Molten Egg 2":22,"WingedGreaves":22,"Red Mask":10,"Black Star":19,"Bag of Marbles":26,"Pocketwatch":0},{"Potion Belt":137,"Torii":37,"Singing Bowl":160,"Self Forming Clay":23,"Velvet Choker":44,"Vajra":144,"Thread and Needle":75,"The Courier":93,"Burning Blood":0,"Blood Vial":30,"Bottled Flame":84,"Lizard Tail":137,"Centennial Puzzle":137,"Dream Catcher":144,"Nunchaku":181,"Sundial":181,"Bird Faced Urn":93,"Molten Egg 2":128,"WingedGreaves":128,"Red Mask":55,"Black Star":105,"Bag of Marbles":160,"Pocketwatch":0}],"Pocketwatch":[387]},"card_choices":[{"not_picked":["Headbutt","Sword Boomerang"],"picked":"Rampage","floor":1},{"not_picked":["True Grit","Second Wind"],"picked":"Shrug It Off","floor":2},{"not_picked":["Dropkick","Hemokinesis"],"picked":"Twin Strike","floor":3},{"not_picked":["Entrench","Shrug It Off"],"picked":"Cleave","floor":5},{"not_picked":["Blood for Blood","Sentinel","Thunderclap"],"picked":"SKIP","floor":7},{"not_picked":["Seeing Red","Rupture"],"picked":"Double Tap","floor":11},{"not_picked":["Heavy Blade","Thunderclap"],"picked":"Second Wind","floor":14},{"not_picked":["Berserk","Reaper"],"picked":"Juggernaut","floor":16},{"not_picked":["Ghostly Armor","Perfected Strike"],"picked":"Spot Weakness","floor":18},{"not_picked":["Flex","Perfected Strike"],"picked":"Shrug It Off","floor":21},{"not_picked":["Burning Pact","Flex"],"picked":"Headbutt","floor":22},{"not_picked":["Metallicize","Iron Wave"],"picked":"Clothesline","floor":24},{"not_picked":["Sentinel","Sword Boomerang"],"picked":"Impervious","floor":27},{"not_picked":["True Grit","Hemokinesis"],"picked":"Flame Barrier","floor":29},{"not_picked":["Wild Strike","True Grit"],"picked":"Disarm","floor":30},{"not_picked":["Disarm","Body Slam+1"],"picked":"Shrug It Off+1","floor":31},{"not_picked":["Juggernaut","Feed"],"picked":"Impervious","floor":33},{"not_picked":["Hemokinesis+1","Warcry","Bloodletting"],"picked":"SKIP","floor":35},{"not_picked":["Pommel Strike","Shrug It Off","Hemokinesis"],"picked":"SKIP","floor":36},{"not_picked":["True Grit","Flame Barrier","Sword Boomerang+1"],"picked":"SKIP","floor":37},{"not_picked":["Immolate+1","Perfected Strike+1","Sword Boomerang+1"],"picked":"SKIP","floor":40},{"not_picked":["Anger+1","Shrug It Off","Rupture"],"picked":"SKIP","floor":44},{"not_picked":["Havoc+1","Headbutt+1","Flex+1"],"picked":"SKIP","floor":45},{"not_picked":["Power Through","Armaments","Clash+1"],"picked":"Singing Bowl","floor":48},{"not_picked":["Pommel Strike+1","Shrug It Off+1","Combust+1"],"picked":"Singing Bowl","floor":49},{"not_picked":["Clothesline+1","Anger+1","Perfected Strike+1"],"picked":"Singing Bowl","floor":54}],"player_experience":106287,"relics_obtained":[{"floor":9,"key":"Self Forming Clay"},{"floor":11,"key":"Blood Vial"},{"floor":14,"key":"Torii"},{"floor":19,"key":"Red Mask"},{"floor":27,"key":"Thread and Needle"},{"floor":30,"key":"Bottled Flame"},{"floor":31,"key":"Bird Faced Urn"},{"floor":31,"key":"The Courier"},{"floor":40,"key":"Lizard Tail"},{"floor":40,"key":"Centennial Puzzle"},{"floor":43,"key":"Potion Belt"},{"floor":44,"key":"Vajra"},{"floor":44,"key":"Dream Catcher"},{"floor":48,"key":"Bag of Marbles"},{"floor":48,"key":"Singing Bowl"},{"floor":54,"key":"Nunchaku"},{"floor":54,"key":"Sundial"}],"event_choices":[{"damage_healed":0,"gold_gain":150,"player_choice":"AGREE","damage_taken":0,"max_hp_gain":0,"max_hp_loss":0,"event_name":"Liars Game","floor":4,"gold_loss":0,"cards_obtained":["Doubt"]},{"damage_healed":0,"gold_gain":0,"player_choice":"Donut","damage_taken":0,"max_hp_gain":5,"max_hp_loss":0,"event_name":"Big Fish","floor":8,"gold_loss":0},{"damage_healed":0,"gold_gain":0,"player_choice":"Entered Light","damage_taken":26,"max_hp_gain":0,"max_hp_loss":0,"event_name":"Shining Light","floor":12,"gold_loss":0,"cards_upgraded":["Strike_R","Shrug It Off"]},{"damage_healed":0,"gold_gain":0,"player_choice":"Fought Bandits","damage_taken":0,"max_hp_gain":0,"max_hp_loss":0,"event_name":"Masked Bandits","floor":19,"gold_loss":0},{"damage_healed":0,"gold_gain":0,"player_choice":"Joined the Cult","damage_taken":6,"max_hp_gain":0,"max_hp_loss":0,"event_name":"Nest","floor":20,"gold_loss":0,"cards_obtained":["RitualDagger"]},{"damage_healed":0,"gold_gain":0,"player_choice":"Fight","damage_taken":0,"max_hp_gain":0,"max_hp_loss":0,"event_name":"Colosseum","floor":31,"gold_loss":0},{"damage_healed":0,"gold_gain":0,"player_choice":"Fought Nobs","damage_taken":0,"max_hp_gain":0,"max_hp_loss":0,"event_name":"Colosseum","floor":31,"gold_loss":0},{"damage_healed":0,"gold_gain":0,"player_choice":"Ignored","damage_taken":0,"max_hp_gain":0,"max_hp_loss":0,"event_name":"SecretPortal","floor":38,"gold_loss":0}],"is_beta":false,"boss_relics":[{"not_picked":["Busted Crown","Ectoplasm"],"picked":"Velvet Choker"},{"not_picked":["Coffee Dripper","SacredBark"],"picked":"Black Star"}],"items_purged_floors":[10,39],"is_endless":false,"potions_floor_spawned":[1,7,14,18,21,24,29,30,31,35,44,45],"killed_by":"The Heart","ascension_level":17}}