{"host":"cccop0r9ue4xv1s4","time":1608508890,"event":{"mods":["AchievementEnabler","BaseMod","Downfall","Marisa¡]Ãú«B¡@Å]²z¨F¡^","Minty Spire (QoL Compilation)","Quick Restart","Shop Mod","StSLib","SuperFastMode","The Servant 0.9.4"],"gold_per_floor":[999999,1000016,999941,999955,1000055,998975,998975,999010,998381,998381,998481,998495,998595,998612,998623,998721,998721,998721,998738,998183,998210,998223,998223,998300,998300,998325,998325,998342,998366,998382,998382,998394,998498,998498,998423,998423,998437,998465,998465,998490,998490,998017,998017,998037,997164,996831,996251,996270,996283,996283],"floor_reached":51,"playtime":2462,"items_purged":["Guardian:Strike_Guardian","Guardian:Strike_Guardian","Guardian:Strike_Guardian"],"score":995,"play_id":"cb844b39-c71e-4db1-b0fa-9beb04ab785e","local_time":"20201221080130","is_ascension_mode":true,"campfire_choices":[{"floor":1,"key":"RECALL"},{"data":"Guardian:CurlUp","floor":3,"key":"SMITH"},{"data":"Guardian:DecasProtection","floor":27,"key":"SMITH"},{"data":"Guardian:TimeSifter","floor":35,"key":"SMITH"},{"data":"Guardian:SentryBeam","floor":39,"key":"SMITH"},{"data":"Guardian:ExploitGems","floor":43,"key":"SMITH"}],"circlet_count":0,"master_deck":["Guardian:Defend_Guardian+1","Guardian:Defend_Guardian+1","Guardian:Defend_Guardian+1","Guardian:CurlUp+1","Guardian:TwinSlam","Guardian:Orbwalk","Guardian:BaubleBeam+1","Guardian:SentryBeam+1","Guardian:RollAttack","Guardian:EvasiveProtocol+1","Guardian:BronzeOrb","Guardian:ExploitGems+1","Guardian:Orbwalk+1","Guardian:SpikerProtocol","Guardian:Gem_Blue","Guardian:DecasProtection+1","Guardian:TimeSifter+1","Mayhem+1","Guardian:GatlingBeam","Guardian:BaubleBeam+1","Guardian:Clone+1","Guardian:SpikerProtocol+1"],"relics":["Guardian:ModeShifter","downfall:HeartBlessingRed","MerchantsRug","OrangePellets","Potion Belt","Dead Branch","Ginger","Pocketwatch","Turnip","Guardian:PickAxe","SlaversCollar","ClockworkSouvenir","PreservedInsect","Oddly Smooth Stone","Bronze Scales","InkBottle","Regal Pillow","Enchiridion","Black Star","downfall:HeartBlessingBlue","Prayer Wheel","Frozen Egg 2","Kunai","Torii","Boot","Mummified Hand","Shuriken","Medical Kit","HandDrill","Bottled Tornado","Nunchaku","War Paint","Incense Burner","DollysMirror"],"acts_visited":["Exordium","TheCity","TheBeyond"],"potions_floor_usage":[8,8,13,21,28,32,33,33,33,48],"damage_taken":[{"damage":0,"enemies":"Small Slimes","floor":2,"turns":3},{"damage":0,"enemies":"Cultist","floor":4,"turns":3},{"damage":0,"enemies":"downfall:FleeingMerchant","floor":6,"turns":4},{"damage":6,"enemies":"Gremlin Nob","floor":8,"turns":3},{"damage":0,"enemies":"downfall:FleeingMerchant","floor":9,"turns":4},{"damage":0,"enemies":"2 Louse","floor":12,"turns":2},{"damage":10,"enemies":"downfall:Heads","floor":13,"turns":4},{"damage":5,"enemies":"Gremlin Gang","floor":14,"turns":3},{"damage":1,"enemies":"Exordium Thugs","floor":15,"turns":4},{"damage":10,"enemies":"downfall:Watcher","floor":16,"turns":6},{"damage":3,"enemies":"Shell Parasite","floor":19,"turns":3},{"damage":20,"enemies":"downfall:FleeingMerchant","floor":20,"turns":4},{"damage":12,"enemies":"Slavers","floor":21,"turns":3},{"damage":0,"enemies":"Chosen","floor":22,"turns":3},{"damage":4,"enemies":"Gremlin Leader","floor":26,"turns":3},{"damage":0,"enemies":"Snecko","floor":28,"turns":3},{"damage":0,"enemies":"Centurion and Healer","floor":30,"turns":4},{"damage":0,"enemies":"Chosen and Byrds","floor":32,"turns":3},{"damage":4,"enemies":"downfall:Ironclad","floor":33,"turns":4},{"damage":19,"enemies":"3 Darklings","floor":37,"turns":3},{"damage":0,"enemies":"Giant Head","floor":38,"turns":3},{"damage":11,"enemies":"Nemesis","floor":40,"turns":4},{"damage":0,"enemies":"downfall:FleeingMerchant","floor":42,"turns":3},{"damage":0,"enemies":"Orb Walker","floor":44,"turns":2},{"damage":0,"enemies":"Transient","floor":48,"turns":5},{"damage":0,"enemies":"Jaw Worm Horde","floor":49,"turns":3},{"damage":0,"enemies":"downfall:Silent","floor":50,"turns":3}],"seed_played":"8312768784522234610","potions_obtained":[{"floor":4,"key":"DuplicationPotion"},{"floor":14,"key":"Regen Potion"},{"floor":15,"key":"Fire Potion"},{"floor":16,"key":"DuplicationPotion"},{"floor":21,"key":"PowerPotion"},{"floor":26,"key":"Fire Potion"},{"floor":30,"key":"Strength Potion"},{"floor":32,"key":"Strength Potion"},{"floor":44,"key":"hexamod:EctoCoolerPotion"}],"is_trial":false,"path_per_floor":["R","M","R","M","?","$","T","E","$","R","?","M","?","M","M","B",null,"R","M","$","E","M","R","T","?","E","R","M","T","M","?","M","B",null,"R","?","M","E","R","E","T","$","R","M","$","?","$","M","M","B",null],"character_chosen":"GUARDIAN","items_purchased":["MerchantsRug","OrangePellets","Potion Belt","Dead Branch","Guardian:Gem_Crimson","Fire Potion","Fire Potion","Fire Potion","Turnip","Guardian:PickAxe","Guardian:EvasiveProtocol","ClockworkSouvenir","PreservedInsect","Oddly Smooth Stone","Guardian:SpikerProtocol","Mummified Hand","Shuriken","Medical Kit","Energy Potion","HandDrill","Bottled Tornado","Nunchaku","Mayhem+1","Guardian:GatlingBeam","War Paint","Incense Burner","DollysMirror"],"campfire_rested":0,"item_purchase_floors":[6,6,6,6,6,6,6,6,9,9,9,20,20,20,20,42,42,42,42,45,45,45,45,45,47,47,47],"current_hp_per_floor":[80,80,80,80,80,80,80,74,74,74,74,74,64,59,58,48,80,80,77,57,54,54,54,54,46,42,42,42,42,42,26,26,22,80,90,90,71,71,71,60,60,60,60,60,60,101,101,101,101,101],"gold":996283,"neow_bonus":"HUNDRED_GOLD","is_daily":false,"chose_seed":false,"campfire_upgraded":5,"win_rate":0.0,"timestamp":1608508890,"path_taken":["R","M","R","M","?","$","T","E","$","R","?","?","?","M","M","BOSS","R","M","$","E","M","R","T","?","E","R","?","?","M","?","M","BOSS","R","?","M","E","R","E","T","$","R","M","$","?","?","M","M","BOSS"],"items_purchased_type":["Relic","Relic","Relic","Relic","Card","Potion","Potion","Potion","Relic","Relic","Card","Relic","Relic","Relic","Card","Relic","Relic","Relic","Potion","Relic","Relic","Relic","Card","Card","Relic","Relic","Relic"],"build_version":"2020-12-13","purchased_purges":3,"victory":true,"max_hp_per_floor":[80,80,80,80,80,80,80,80,80,80,80,80,80,80,80,80,80,80,80,80,80,80,80,80,80,80,80,80,80,80,80,80,80,80,90,90,90,90,90,90,90,90,90,90,90,101,101,101,101,101],"card_choices":[{"not_picked":["Guardian:Planning","Guardian:VentSteam","Guardian:Harden"],"picked":"SKIP","floor":2},{"not_picked":["Guardian:Recover","Guardian:CrystalBeam"],"picked":"Guardian:Orbwalk","floor":4},{"not_picked":["Guardian:Gem_Purple","Guardian:FloatingOrbs"],"picked":"Guardian:BaubleBeam","floor":6},{"not_picked":["Guardian:Reroute","Guardian:FloatingOrbs"],"picked":"Guardian:SentryBeam","floor":8},{"not_picked":["Guardian:RefractedBeam","Guardian:WalkerClaw"],"picked":"Guardian:RollAttack","floor":9},{"not_picked":["Guardian:GuardianWhirl","Guardian:ShieldCharger","Guardian:RollAttack"],"picked":"SKIP","floor":12},{"not_picked":["Guardian:Gem_Lightblue","Guardian:Reroute","Guardian:PiercingHide"],"picked":"SKIP","floor":14},{"not_picked":["Guardian:Gem_White","Guardian:RollAttack"],"picked":"Guardian:ExploitGems","floor":15},{"not_picked":["Guardian:BaubleBeam","Guardian:ExploitGems"],"picked":"Guardian:Gem_Orange","floor":16},{"not_picked":["Guardian:PrismaticBeam","Guardian:CrystalBeam","Guardian:PrimingBeam"],"picked":"SKIP","floor":19},{"not_picked":["Guardian:Gem_Green","Guardian:ShieldSpikes+1"],"picked":"Guardian:Orbwalk+1","floor":20},{"not_picked":["Guardian:StasisStrike","Guardian:VentSteam"],"picked":"Guardian:Gem_White","floor":21},{"not_picked":["Guardian:VentSteam","Guardian:Gem_Red","Guardian:Preprogram"],"picked":"SKIP","floor":22},{"not_picked":["Guardian:Gem_Cyan","Guardian:Gem_Green"],"picked":"Guardian:DecasProtection","floor":26},{"not_picked":["Guardian:VentSteam","Guardian:CrystalBeam","Guardian:RefractedBeam"],"picked":"SKIP","floor":28},{"not_picked":["Guardian:CrystalBeam","Guardian:RefractedBeam+1","Guardian:Gem_Crimson"],"picked":"SKIP","floor":30},{"not_picked":["Guardian:Planning","Guardian:PrismaticBeam+1"],"picked":"Guardian:TimeSifter","floor":32},{"not_picked":["Guardian:RollAttack+1","Guardian:VentSteam+1","Guardian:TimeBomb"],"picked":"SKIP","floor":37},{"not_picked":["Guardian:Reroute+1","Guardian:RefractedBeam","Guardian:Incinerate"],"picked":"SKIP","floor":38},{"not_picked":["Guardian:TimeCapacitor+1","Guardian:PiercingHide+1","Guardian:CrystalBeam"],"picked":"SKIP","floor":40},{"not_picked":["Guardian:Gem_Fragmented","Guardian:Recover","Guardian:PrismaticBarrier+1"],"picked":"SKIP","floor":42},{"not_picked":["Guardian:RollAttack+1","Guardian:Harden+1","Guardian:EvasiveProtocol+1"],"picked":"SKIP","floor":44},{"not_picked":["Guardian:Gem_Cyan","Guardian:CrystalBeam","Guardian:BronzeArmor+1"],"picked":"SKIP","floor":44},{"not_picked":["Guardian:Recover+1","Guardian:Gem_Crimson","Guardian:ShieldCharger+1"],"picked":"SKIP","floor":48},{"not_picked":["Guardian:ArmoredProtocol+1","Guardian:Gem_Lightblue","Guardian:RollAttack"],"picked":"SKIP","floor":48},{"not_picked":["Guardian:Gem_Blue","Guardian:PiercingHide"],"picked":"Guardian:Clone+1","floor":49},{"not_picked":["Guardian:GuardianWhirl","Guardian:WalkerClaw"],"picked":"Guardian:SpikerProtocol+1","floor":49}],"player_experience":292475,"relics_obtained":[{"floor":7,"key":"Ginger"},{"floor":8,"key":"Pocketwatch"},{"floor":21,"key":"Bronze Scales"},{"floor":24,"key":"InkBottle"},{"floor":26,"key":"Regal Pillow"},{"floor":31,"key":"Enchiridion"},{"floor":38,"key":"Prayer Wheel"},{"floor":38,"key":"Frozen Egg 2"},{"floor":40,"key":"Kunai"},{"floor":40,"key":"Torii"},{"floor":41,"key":"Boot"}],"event_choices":[],"is_beta":false,"boss_relics":[{"not_picked":["Velvet Choker","Sozu"],"picked":"SlaversCollar"},{"not_picked":["Coffee Dripper","Astrolabe"],"picked":"Black Star"}],"items_purged_floors":[6,9,42],"is_endless":false,"potions_floor_spawned":[4,14,15,16,21,26,30,32,44],"ascension_level":2}}