{"host":"p5nht1vx148lgsp8","time":1608510669,"event":{"mods":["AchievementEnabler","BaseMod","Better Altar","Better Match","Better Note","Better Sensory Stone","Better Skull","Better Third Choice","Colored Map","Colored Powertips","Downfall","Infinite Spire","KinomotoSakuraMod(????)","Marisa????????","Minty Spire (QoL Compilation)","Permanent Neow","Prisma Mod","Replay The Spire","StSLib","The Servant 0.9.4","Waifu the Spire"],"gold_per_floor":[114,129,140,151,167,197,197,227,227,244,61,87,101,113,113,208,208,222,55,55,55,55,55,83,83,83,112,112,127,145,156,156,261,261,271,110,110,127,127,202,235,235,260,286,304,315,335,349,349,349],"floor_reached":51,"playtime":4032,"items_purged":[],"score":975,"play_id":"b40f4ae5-4666-4497-86f5-f870afbdec78","local_time":"20201220163109","daily_mods":["Draft","Diverse"],"is_ascension_mode":true,"campfire_choices":[{"data":"PrismaMod:MiyuCheapPlate","floor":7,"key":"SMITH"},{"data":"Stack","floor":15,"key":"SMITH"},{"data":"Apotheosis","floor":23,"key":"SMITH"},{"floor":25,"key":"REST"},{"floor":32,"key":"REST"},{"floor":42,"key":"REST"},{"floor":49,"key":"REST"}],"circlet_count":0,"master_deck":["hexamod:SpectersWail","DeepEcoloBomb","sneckomod:CheapStock","Terror","Cleave","Alleviate","Stack+1","GrandCross","PrismaMod:MiyuCheapPlate+1","Prostrate","ReplayTheSpireMod:Strike From Hell","Perseverance","Hemokinesis","PowerUp","Prostrate","PrismaMod:IllyaGrailKun","PrismaMod:ChloeExcalibur","PrismaMod:IllyaMinorZwei","Guardian:WalkerClaw","PrismaMod:IllyaGrail","FairyDestructionRay","Disarm","DC+1","sneckomod:SoulExchange","CurseOfTheBell","Apotheosis+1","Doubt","infinitespire:Gouge","Hello World","TreasureHunter","PrismaMod:IllyaUncommonAOEAttack","Sabotage","champ:VampiricStrike","PropBag","hexamod:TimeOfNeed","Twin Strike+1","Pot Of Greed","Pot Of Greed","Pot Of Greed","Pot Of Greed","OortCloud"],"relics":["Burning Blood","Replay:Bottled Snecko","MealTicket","Replay:Mystery Machine","Bronze Scales","Vajra","Calling Bell","Akabeko","Letter Opener","WingedGreaves","Omamori","ReplayTheSpireMod:CursedCoin","Nilry\u0027s Codex","White Beast Statue","Bottled Lightning","Replay:Multitool","infinitespire:Cupcake","champ:DuelingGlove","Centennial Puzzle","Grinning Jar"],"acts_visited":["Exordium","TheCity","TheBeyond"],"potions_floor_usage":[16,16,24,33,33,33,38,41,41,45,46,47,48,50],"damage_taken":[{"damage":2,"enemies":"Cultist","floor":1,"turns":3},{"damage":8,"enemies":"Jaw Worm","floor":2,"turns":2},{"damage":13,"enemies":"Small Slimes","floor":3,"turns":3},{"damage":8,"enemies":"3 Louse","floor":4,"turns":3},{"damage":6,"enemies":"Lots of Slimes","floor":5,"turns":2},{"damage":16,"enemies":"Gremlin Nob","floor":6,"turns":3},{"damage":7,"enemies":"Lagavulin","floor":8,"turns":5},{"damage":2,"enemies":"Large Slime","floor":10,"turns":5},{"damage":16,"enemies":"3 Sentries","floor":12,"turns":5},{"damage":14,"enemies":"Exordium Wildlife","floor":13,"turns":2},{"damage":3,"enemies":"Exordium Thugs","floor":14,"turns":2},{"damage":22,"enemies":"The Guardian","floor":16,"turns":6},{"damage":0,"enemies":"Spheric Guardian","floor":18,"turns":2},{"damage":28,"enemies":"Slavers","floor":24,"turns":3},{"damage":18,"enemies":"Replay:Snechameleon","floor":27,"turns":3},{"damage":7,"enemies":"Shell Parasite","floor":29,"turns":2},{"damage":15,"enemies":"Cultist and Chosen","floor":30,"turns":3},{"damage":2,"enemies":"Centurion and Healer","floor":31,"turns":3},{"damage":41,"enemies":"Champ","floor":33,"turns":8},{"damage":2,"enemies":"3 Darklings","floor":35,"turns":3},{"damage":12,"enemies":"Orb Walker","floor":38,"turns":1},{"damage":92,"enemies":"Giant Head","floor":41,"turns":7},{"damage":0,"enemies":"Nemesis","floor":44,"turns":3},{"damage":19,"enemies":"Spire Growth","floor":45,"turns":5},{"damage":8,"enemies":"3 Darklings","floor":46,"turns":2},{"damage":7,"enemies":"Jaw Worm Horde","floor":47,"turns":3},{"damage":35,"enemies":"4 Shapes","floor":48,"turns":3},{"damage":52,"enemies":"infinitespire:MassOfShapes","floor":50,"turns":10}],"seed_played":"-3668321814902500457","potions_obtained":[{"floor":2,"key":"Dexterity Potion"},{"floor":3,"key":"SpeedPotion"},{"floor":12,"key":"GamblersBrew"},{"floor":13,"key":"PowerPotion"},{"floor":27,"key":"SpeedPotion"},{"floor":29,"key":"SpeedPotion"},{"floor":30,"key":"SteroidPotion"},{"floor":31,"key":"ColorlessPotion"},{"floor":33,"key":"Regen Potion"},{"floor":35,"key":"Death Potion"},{"floor":38,"key":"BlessingOfTheForge"},{"floor":41,"key":"Weak Potion"},{"floor":44,"key":"Energy Potion"},{"floor":45,"key":"HeartOfIron"},{"floor":46,"key":"SkillPotion"},{"floor":47,"key":"SteroidPotion"},{"floor":48,"key":"sneckomod:MuddlingPotion"}],"is_trial":true,"path_per_floor":["M","M","M","M","M","E","R","E","T","M","$","E","M","M","R","B",null,"M","$","?","?","?","R","E","R","T","E","?","M","M","M","R","B",null,"M","$","?","M","?","R","E","R","T","E","M","M","M","M","R","B",null],"character_chosen":"IRONCLAD","items_purchased":["PrismaMod:IllyaGrail","Bronze Scales","Omamori","ReplayTheSpireMod:CursedCoin","Apotheosis","hexamod:TimeOfNeed"],"campfire_rested":4,"item_purchase_floors":[11,11,19,19,19,36],"current_hp_per_floor":[80,78,71,69,69,59,59,58,58,62,77,67,59,62,62,46,80,80,80,64,64,64,64,42,66,66,54,54,53,44,48,72,37,80,80,80,80,74,74,74,11,35,35,41,55,53,52,46,70,24],"gold":349,"neow_bonus":"","is_daily":false,"chose_seed":false,"campfire_upgraded":3,"win_rate":0.0,"timestamp":1608510669,"path_taken":["M","M","M","?","M","E","R","E","T","M","$","E","M","M","R","BOSS","M","$","?","?","?","R","E","R","T","E","?","M","M","?","R","BOSS","M","$","?","M","?","R","E","R","T","E","M","?","M","M","R","BOSS"],"items_purchased_type":["Card","Relic","Relic","Relic","Card","Card"],"build_version":"2020-12-13","purchased_purges":0,"victory":true,"max_hp_per_floor":[80,80,80,80,80,80,80,80,80,80,80,80,80,80,80,80,80,80,80,80,80,80,80,80,80,80,80,80,80,80,80,80,80,80,80,80,80,80,80,80,80,80,80,80,80,80,80,80,80,80],"card_choices":[{"not_picked":["sneckomod:IronFang","PrismaMod:ChloeCheapDefend"],"picked":"BestPractice","floor":0},{"not_picked":["PrismaMod:IllyaAOECommonAttack","ClowCardTheChange"],"picked":"hexamod:SpectersWail","floor":0},{"not_picked":["Dagger Spray","Crippling Poison"],"picked":"Prostrate","floor":0},{"not_picked":["Streamline","ClearTheMind"],"picked":"DeepEcoloBomb","floor":0},{"not_picked":["Beam Cell","PrismaMod:IllyaCheapChannelDefend"],"picked":"sneckomod:CheapStock","floor":0},{"not_picked":["champ:PerfectedStrike","Guardian:Reroute"],"picked":"Terror","floor":0},{"not_picked":["Slimebound:ViciousTackle","PrismaMod:ChloeCheapAttack"],"picked":"Cleave","floor":0},{"not_picked":["BottledTime","SpecialFormula"],"picked":"Alleviate","floor":0},{"not_picked":["hexamod:Incineration","champ:Backstep"],"picked":"Stack","floor":0},{"not_picked":["ManaConvection","Guardian:Gem_Red"],"picked":"GrandCross","floor":0},{"not_picked":["All Out Attack","ClowCardTheMirror"],"picked":"PrismaMod:MiyuCheapPlate","floor":0},{"not_picked":["sneckomod:SoulDraw","Twin Strike"],"picked":"Prostrate","floor":0},{"not_picked":["PrismaMod:IllyaPartialInstallAssassin","BasicCrystalCard"],"picked":"ReplayTheSpireMod:Strike From Hell","floor":0},{"not_picked":["SurpressingFire","Guardian:RollAttack"],"picked":"Perseverance","floor":0},{"not_picked":["Concentrate","PrismaMod:MiyuUncommonDefend"],"picked":"Hemokinesis","floor":0},{"not_picked":["PrismaMod:IllyaFriendMaker","PrismaMod:ChloeCheapDefend"],"picked":"PowerUp","floor":1},{"not_picked":["hexamod:HauntingEcho","GravityBeat"],"picked":"Prostrate","floor":2},{"not_picked":["Crescendo","DC"],"picked":"PrismaMod:IllyaGrailKun","floor":3},{"not_picked":["Wild Strike","ClowCardTheMist"],"picked":"PrismaMod:ChloeExcalibur","floor":4},{"not_picked":["Crystallizer","Advance"],"picked":"PrismaMod:IllyaMinorZwei","floor":5},{"not_picked":["PrismaMod:MiyuDefenseExplosion","Ball Lightning","PrismaMod:MiyuEvokeCheapAttack"],"picked":"SKIP","floor":6},{"not_picked":["PrismaMod:IllyaDetonatingBlow","champ:Shatter"],"picked":"Guardian:WalkerClaw","floor":8},{"not_picked":["champ:FalseCounter","hexamod:HeatCrush","sneckomod:UnknownClassSPELL_COLOR"],"picked":"SKIP","floor":10},{"not_picked":["hexamod:ExtraCrispy","PrismaMod:MiyuMaid"],"picked":"FairyDestructionRay","floor":12},{"not_picked":["PrismaMod:MiyuDevil","Searing Blow"],"picked":"Disarm","floor":13},{"not_picked":["PathToVictory","Halt"],"picked":"DC","floor":14},{"not_picked":["Guardian:Gem_Synthetic","PrismaMod:MiyuChannelDefendEvoke"],"picked":"sneckomod:SoulExchange","floor":16},{"not_picked":["ClowCardTheLibra","Darkness","sneckomod:RainOfDice"],"picked":"SKIP","floor":18},{"not_picked":["infinitespire:Oblivion","infinitespire:DeathsTouch"],"picked":"infinitespire:Gouge","floor":21},{"not_picked":["InnerPeace","ManaConvection+1"],"picked":"Hello World","floor":24},{"not_picked":["Consecrate","Slimebound:ItLooksTasty"],"picked":"TreasureHunter","floor":27},{"not_picked":["Slimebound:RollThrough","Slimebound:ComboTackle"],"picked":"PrismaMod:IllyaUncommonAOEAttack","floor":29},{"not_picked":["Reset+1","Guardian:Emergency"],"picked":"Sabotage","floor":30},{"not_picked":["Bane","PrismaMod:IllyaPoisonTippedWeapons","ReplayTheSpireMod:Limb From Limb+1"],"picked":"SKIP","floor":31},{"not_picked":["Amplify","champ:Improvising"],"picked":"champ:VampiricStrike","floor":33},{"not_picked":["champ:EnGarde","PrismaMod:ChloeExhaustOne+1"],"picked":"PropBag","floor":35},{"not_picked":["PrismaMod:IllyaBoysLove+1","Snipe"],"picked":"Twin Strike+1","floor":38},{"not_picked":["PrismaMod:MiyuUncommonAttack","SporeBomb+1","Undo"],"picked":"SKIP","floor":41},{"not_picked":["PrismaMod:IllyaFriendMaker","DeceiveReality","Leap"],"picked":"SKIP","floor":44},{"not_picked":["ChargingUp+1","Guardian:TemporalShield+1","Sucker Punch"],"picked":"SKIP","floor":45},{"not_picked":["Slimebound:ComboTackle","PrismaMod:ChloeBetterTracePools+1"],"picked":"OortCloud","floor":46},{"not_picked":["champ:StanceDance","PrismaMod:MiyuOrbIncreasePerm","PrismaMod:IllyaCheapChannelAttack+1"],"picked":"SKIP","floor":47},{"not_picked":["JustLucky+1","ClowCardTheJump+1","PrismaMod:IllyaMinorRapidFire+1"],"picked":"SKIP","floor":48}],"player_experience":184075,"relics_obtained":[{"floor":6,"key":"Replay:Bottled Snecko"},{"floor":8,"key":"MealTicket"},{"floor":9,"key":"Replay:Mystery Machine"},{"floor":12,"key":"Vajra"},{"floor":17,"key":"Akabeko"},{"floor":17,"key":"Letter Opener"},{"floor":17,"key":"WingedGreaves"},{"floor":20,"key":"Nilry\u0027s Codex"},{"floor":24,"key":"White Beast Statue"},{"floor":26,"key":"Bottled Lightning"},{"floor":27,"key":"Replay:Multitool"},{"floor":41,"key":"champ:DuelingGlove"},{"floor":43,"key":"Centennial Puzzle"},{"floor":44,"key":"Grinning Jar"}],"event_choices":[{"damage_healed":0,"gold_gain":0,"player_choice":"Obtained Book","damage_taken":16,"max_hp_gain":0,"max_hp_loss":0,"event_name":"Cursed Tome","floor":20,"gold_loss":0},{"damage_healed":0,"gold_gain":0,"player_choice":"Ignored","damage_taken":0,"max_hp_gain":0,"max_hp_loss":0,"event_name":"Ghosts","floor":22,"gold_loss":0},{"cards_removed":["BestPractice"],"damage_healed":0,"gold_gain":0,"player_choice":"Purged","damage_taken":0,"max_hp_gain":0,"max_hp_loss":0,"event_name":"Purifier","floor":28,"gold_loss":0},{"cards_removed":["Prostrate"],"damage_healed":0,"gold_gain":0,"player_choice":"Removed Skill","damage_taken":0,"max_hp_gain":0,"max_hp_loss":0,"event_name":"Falling","floor":37,"gold_loss":0},{"damage_healed":0,"gold_gain":0,"player_choice":"Forge","damage_taken":0,"max_hp_gain":0,"max_hp_loss":0,"event_name":"Accursed Blacksmith","floor":39,"gold_loss":0,"cards_upgraded":["DC"]}],"is_beta":false,"boss_relics":[{"not_picked":["Velvet Choker","Busted Crown"],"picked":"Calling Bell"},{"not_picked":["Runic Cube","Sozu"],"picked":"infinitespire:Cupcake"}],"items_purged_floors":[],"is_endless":false,"potions_floor_spawned":[2,3,12,13,14,27,29,30,31,33,35,38,41,44,45,46,47,48],"ascension_level":4}}