{"host":"d8hh7rr4yzitjeuj","time":1608541420,"event":{"mods":["2.2 Compatiblity","AchievementEnabler","BaseMod","CapriCore","Colored Map","Colored Powertips","Highlight Path","Keyboard Shortcuts","Marisa£¨Ùöéë¡¡Øª×âÞÞ£©","Minty Spire (QoL Compilation)","Permanent Neow","Quick Restart","StSLib","SuperFastMode"],"gold_per_floor":[117,137,155,155,10,44,57,92,173,173,173,207,207,225,225,329,329,344,357,357,130,140,173,185,185,209,119,147,178,178,178,178,280,280,292,292,310,53,53,85,85,85,85,96,107,135,135,135],"floor_reached":47,"playtime":2527,"items_purged":["Regret","Defend_MRS"],"score":884,"play_id":"0d963203-7df6-482f-8ff6-8ad3c5b9bd93","local_time":"20201221180340","is_ascension_mode":true,"campfire_choices":[{"floor":10.0,"key":"REST"},{"data":"DarkSpark","floor":13.0,"key":"SMITH"},{"data":"DragonMeteor","floor":15.0,"key":"SMITH"},{"floor":25.0,"key":"REST"},{"floor":30.0,"key":"REST"},{"data":"SuperNova","floor":32.0,"key":"SMITH"},{"floor":41.0,"key":"REST"},{"floor":42.0,"key":"REST"}],"circlet_count":0,"master_deck":["Strike_MRS","Defend_MRS","Defend_MRS","Defend_MRS","MasterSpark","UpSweep","JA","OrrerysSun","DarkSpark+1","SuperPerseids","StarDustReverie","BinaryStars","DragonMeteor+1","OpenUniverse","CollectingQuirk","StarDustReverie","PropBag","SuperNova+1","CurseOfTheBell","EscapeVelocity","PowerUp","ManaConvection","OpenUniverse","Enlightenment","Acceleration+1","AsteroidBelt+1"],"relics":["MiniHakkero","Oddly Smooth Stone","Gambling Chip","Pen Nib","Darkstone Periapt","BreadOfAWashokuLover","Calling Bell","Lantern","Ornamental Fan","Pocketwatch","Medical Kit","Blood Vial","Art of War","WingedGreaves","TungstenRod","SlaversCollar","Strange Spoon","PreservedInsect","AmplifyWand","Bronze Scales","Meat on the Bone"],"acts_visited":["Exordium","TheCity","TheBeyond"],"potions_floor_usage":[45],"damage_taken":[{"damage":2.0,"enemies":"2 Louse","floor":1.0,"turns":2.0},{"damage":1.0,"enemies":"Cultist","floor":2.0,"turns":3.0},{"damage":7.0,"enemies":"Jaw Worm","floor":3.0,"turns":2.0},{"damage":18.0,"enemies":"Gremlin Nob","floor":6.0,"turns":3.0},{"damage":13.0,"enemies":"Blue Slaver","floor":7.0,"turns":3.0},{"damage":14.0,"enemies":"Lagavulin","floor":8.0,"turns":4.0},{"damage":0.0,"enemies":"Gremlin Nob","floor":12.0,"turns":2.0},{"damage":0.0,"enemies":"3 Louse","floor":14.0,"turns":1.0},{"damage":20.0,"enemies":"The Guardian","floor":16.0,"turns":6.0},{"damage":6.0,"enemies":"3 Byrds","floor":18.0,"turns":3.0},{"damage":0.0,"enemies":"Spheric Guardian","floor":19.0,"turns":2.0},{"damage":27.0,"enemies":"Centurion and Healer","floor":22.0,"turns":3.0},{"damage":15.0,"enemies":"Book of Stabbing","floor":23.0,"turns":4.0},{"damage":18.0,"enemies":"Shelled Parasite and Fungi","floor":24.0,"turns":5.0},{"damage":3.0,"enemies":"Gremlin Leader","floor":28.0,"turns":3.0},{"damage":30.0,"enemies":"Book of Stabbing","floor":29.0,"turns":5.0},{"damage":36.0,"enemies":"Champ","floor":33.0,"turns":7.0},{"damage":27.0,"enemies":"3 Darklings","floor":35.0,"turns":5.0},{"damage":4.0,"enemies":"Orb Walker","floor":37.0,"turns":3.0},{"damage":53.0,"enemies":"Reptomancer","floor":40.0,"turns":6.0},{"damage":53.0,"enemies":"4 Shapes","floor":44.0,"turns":4.0},{"damage":0,"enemies":"Maw","floor":45,"turns":5},{"damage":0,"enemies":"Giant Head","floor":46,"turns":5},{"damage":13,"enemies":"Spire Growth","floor":47,"turns":1}],"seed_played":"-8456125359617202005","potions_obtained":[{"floor":1.0,"key":"SpeedPotion"},{"floor":6.0,"key":"DistilledChaos"},{"floor":8.0,"key":"Fruit Juice"},{"floor":14.0,"key":"LiquidBronze"},{"floor":18.0,"key":"Strength Potion"},{"floor":19.0,"key":"PowerPotion"},{"floor":29.0,"key":"Dexterity Potion"},{"floor":46,"key":"Fire Potion"}],"is_trial":false,"path_per_floor":["M","M","M","?","$","E","M","E","T","R","?","E","R","M","R","B",null,"M","M","?","$","M","E","M","R","T","$","E","E","R","?","R","B",null,"M","?","M","$","?","E","R","R","T","M","M","E","M"],"character_chosen":"MARISA","items_purchased":["StarDustReverie","Medical Kit","ManaConvection","Enlightenment","Strange Spoon"],"campfire_rested":5,"item_purchase_floors":[5,21,21,27,38],"current_hp_per_floor":[66,65,58,58,58,40,27,13,13,35,35,35,35,35,35,15,66,60,65,65,65,39,30,16,41,41,41,43,29,58,58,58,24,80,55,55,53,53,53,2,30,58,58,7,9,11,0,0],"gold":135,"neow_bonus":"ONE_RANDOM_RARE_CARD","is_daily":false,"chose_seed":false,"campfire_upgraded":3,"win_rate":0.0,"timestamp":1608541420,"path_taken":["M","M","M","?","$","E","M","E","T","R","?","E","R","?","R","BOSS","M","M","?","$","M","E","M","R","T","$","E","E","R","?","R","BOSS","M","?","M","$","?","E","R","R","T","M","M","E","M"],"items_purchased_type":["Card","Relic","Card","Card","Relic"],"build_version":"2020-12-13","purchased_purges":2,"victory":false,"max_hp_per_floor":[75,75,75,75,75,75,75,75,75,75,75,75,75,75,75,75,81,81,86,86,86,86,86,86,86,86,86,86,99,99,99,99,99,99,99,99,99,99,94,94,94,94,94,94,94,94,94,94],"card_choices":[{"not_picked":["WitchOfGreed","DeepEcoloBomb"],"picked":"OrrerysSun","floor":1.0},{"not_picked":["OrrerysSun","6A"],"picked":"DarkSpark","floor":2.0},{"not_picked":["DoubleSpark","DragonMeteor"],"picked":"SuperPerseids","floor":3.0},{"not_picked":["AsteroidBelt","AbsoluteMagnitude"],"picked":"BinaryStars","floor":6.0},{"not_picked":["OpenUniverse","GrandCross"],"picked":"DragonMeteor","floor":7.0},{"not_picked":["Robbery","UltimateShortwave"],"picked":"OpenUniverse","floor":8.0},{"not_picked":["Acceleration","DoubleSpark"],"picked":"StarDustReverie","floor":12.0},{"not_picked":["SporeBomb","6A"],"picked":"PropBag","floor":14.0},{"not_picked":["AbsoluteMagnitude","UltimateShortwave"],"picked":"SuperNova","floor":16.0},{"not_picked":["DoubleSpark","MysteriousBeam","GrandCross"],"picked":"SKIP","floor":18.0},{"not_picked":["LuminesStrike","GrandCross","SprinkleStarSeal"],"picked":"SKIP","floor":19.0},{"not_picked":["SporeBomb","GalacticHalo","EnergyFlow"],"picked":"SKIP","floor":22.0},{"not_picked":["SporeBomb","EnergyFlow","MillisecondPulsars"],"picked":"SKIP","floor":23.0},{"not_picked":["IllusionStar+1","Acceleration"],"picked":"OpenUniverse","floor":24.0},{"not_picked":["EnergyRecoil","GalacticHalo+1","UnstableBomb+1"],"picked":"SKIP","floor":28.0},{"not_picked":["DeepEcoloBomb+1","GravityBeat","EnergyFlow+1"],"picked":"SKIP","floor":29.0},{"not_picked":["MilkyWay+1","PowerUp+1"],"picked":"Acceleration+1","floor":35.0},{"not_picked":["MilkyWay","LuminesStrike+1","FairyDestructionRay"],"picked":"SKIP","floor":37.0},{"not_picked":["DoubleSpark+1","RefractionSpark+1","CasketOfStar"],"picked":"SKIP","floor":40.0},{"not_picked":["NonDirectionalLaser","MagicAbsorber+1"],"picked":"AsteroidBelt+1","floor":44.0},{"not_picked":["UnstableBomb","Singularity","GravityBeat+1"],"picked":"SKIP","floor":45},{"not_picked":["ManaConvection","MachineGunSpark+1","ChargingUp+1"],"picked":"SKIP","floor":46}],"player_experience":1424057,"relics_obtained":[{"floor":6.0,"key":"Gambling Chip"},{"floor":8.0,"key":"Pen Nib"},{"floor":9.0,"key":"Darkstone Periapt"},{"floor":12.0,"key":"BreadOfAWashokuLover"},{"floor":17.0,"key":"Lantern"},{"floor":17.0,"key":"Ornamental Fan"},{"floor":17.0,"key":"Pocketwatch"},{"floor":23.0,"key":"Blood Vial"},{"floor":26.0,"key":"Art of War"},{"floor":28.0,"key":"WingedGreaves"},{"floor":29.0,"key":"TungstenRod"},{"floor":40.0,"key":"PreservedInsect"},{"floor":43.0,"key":"AmplifyWand"},{"floor":46,"key":"Bronze Scales"}],"event_choices":[{"damage_healed":0.0,"max_hp_gain":0.0,"max_hp_loss":0.0,"gold_gain":0.0,"event_name":"Big Fish","player_choice":"Box","floor":4.0,"gold_loss":0.0,"damage_taken":0.0,"relics_obtained":["Oddly Smooth Stone"],"cards_obtained":["Regret"]},{"damage_healed":0.0,"max_hp_gain":0.0,"max_hp_loss":0.0,"gold_gain":0.0,"cards_transformed":["Strike_MRS"],"event_name":"Transmorgrifier","player_choice":"Transformed","floor":11.0,"gold_loss":0.0,"damage_taken":0.0,"cards_obtained":["CollectingQuirk"]},{"damage_healed":0.0,"max_hp_gain":0.0,"max_hp_loss":0.0,"gold_gain":0.0,"cards_transformed":["Strike_MRS","Strike_MRS"],"event_name":"Drug Dealer","player_choice":"Became Test Subject","floor":20.0,"gold_loss":0.0,"damage_taken":0.0,"cards_obtained":["EscapeVelocity","PowerUp"]},{"damage_healed":0.0,"max_hp_gain":0.0,"max_hp_loss":0.0,"gold_gain":0.0,"event_name":"Ghosts","player_choice":"Ignored","floor":31.0,"gold_loss":0.0,"damage_taken":0.0},{"damage_healed":0.0,"max_hp_gain":0.0,"max_hp_loss":0.0,"gold_gain":0.0,"event_name":"Tomb of Lord Red Mask","player_choice":"Ignored","floor":36.0,"gold_loss":0.0,"damage_taken":0.0},{"damage_healed":0.0,"max_hp_gain":0.0,"max_hp_loss":5.0,"gold_gain":0.0,"event_name":"Winding Halls","player_choice":"Max HP","floor":39.0,"gold_loss":0.0,"damage_taken":0.0}],"is_beta":false,"boss_relics":[{"not_picked":["Pandora\u0027s Box","Velvet Choker"],"picked":"Calling Bell"},{"not_picked":["Runic Pyramid","SacredBark"],"picked":"SlaversCollar"}],"items_purged_floors":[5,38],"is_endless":false,"potions_floor_spawned":[1,6,8,14,18,19,29,35,46],"killed_by":"Spire Growth","ascension_level":7}}