{"host":"2e3z4r48quhw80cc","time":1608557191,"event":{"mods":["BaseMod","Minty Spire (QoL Compilation)","Quick Restart","StSLib","SuperFastMode"],"gold_per_floor":[363,538,538,552,567,567,4,4,29,304,254,281,329,355,355,476,476,457,457,495,551,169,169,200,200,200,200,52,88,136,136,136,260,260,297,17,87,35,49,49,0,0,0,0,26,60,97,150,150,170],"floor_reached":51,"playtime":3800,"items_purged":["Doubt","Writhe","Strike_G"],"score":1133,"play_id":"eacfb318-2edb-4e50-890c-994ac5a2aedd","local_time":"20201221222631","is_ascension_mode":true,"campfire_choices":[{"data":"Neutralize","floor":6.0,"key":"SMITH"},{"data":"Enlightenment","floor":8.0,"key":"SMITH"},{"floor":15.0,"key":"REST"},{"floor":23.0,"key":"REST"},{"floor":25.0,"key":"REST"},{"data":"Well Laid Plans","floor":32.0,"key":"SMITH"},{"data":"Burst","floor":40,"key":"SMITH"},{"data":"Cloak And Dagger","floor":44,"key":"SMITH"},{"data":"Cloak And Dagger","floor":49,"key":"SMITH"}],"circlet_count":0,"master_deck":["Strike_G","Strike_G","Strike_G","Strike_G","Defend_G","Defend_G","Defend_G","Defend_G","Defend_G","Survivor","Neutralize+1","Outmaneuver","Adrenaline","Flying Knee","Footwork","HandOfGreed","Enlightenment+1","Infinite Blades","Cloak And Dagger+1","Burst+1","Cloak And Dagger+1","Well Laid Plans+1","Noxious Fumes","Blade Dance+1"],"relics":["Ring of the Snake","Tiny Chest","OrangePellets","Juzu Bracelet","Shuriken","PreservedInsect","Kunai","Busted Crown","Ninja Scroll","Bottled Tornado","Ornamental Fan","Nunchaku","Strawberry","Bird Faced Urn","Black Star","HandDrill","Mango","Red Mask","Blood Vial","Bag of Marbles","HornCleat","Gremlin Horn","Dream Catcher","Sundial"],"acts_visited":["Exordium","TheCity","TheBeyond"],"potions_floor_usage":[50,50],"damage_taken":[{"damage":0.0,"enemies":"2 Louse","floor":1.0,"turns":3.0},{"damage":0.0,"enemies":"Small Slimes","floor":4.0,"turns":5.0},{"damage":17.0,"enemies":"Cultist","floor":5.0,"turns":6.0},{"damage":35.0,"enemies":"Lagavulin","floor":12.0,"turns":8.0},{"damage":2.0,"enemies":"Gremlin Nob","floor":14.0,"turns":4.0},{"damage":14.0,"enemies":"Hexaghost","floor":16.0,"turns":12.0},{"damage":1.0,"enemies":"2 Thieves","floor":18.0,"turns":4.0},{"damage":18.0,"enemies":"Shell Parasite","floor":20.0,"turns":9.0},{"damage":26.0,"enemies":"Shelled Parasite and Fungi","floor":21.0,"turns":11.0},{"damage":0.0,"enemies":"3 Cultists","floor":24.0,"turns":8.0},{"damage":8.0,"enemies":"Snecko","floor":29.0,"turns":6.0},{"damage":4.0,"enemies":"Gremlin Leader","floor":30.0,"turns":7.0},{"damage":0.0,"enemies":"Champ","floor":33.0,"turns":12.0},{"damage":3.0,"enemies":"3 Darklings","floor":35.0,"turns":9.0},{"damage":0,"enemies":"Mind Bloom Boss Battle","floor":37,"turns":12},{"damage":0,"enemies":"Orb Walker","floor":39,"turns":3},{"damage":0,"enemies":"Giant Head","floor":46,"turns":6},{"damage":12,"enemies":"Maw","floor":47,"turns":7},{"damage":0,"enemies":"Reptomancer","floor":48,"turns":4},{"damage":3,"enemies":"Awakened One","floor":50,"turns":10}],"seed_played":"8616807089778143209","potions_obtained":[{"floor":12.0,"key":"SpeedPotion"},{"floor":16.0,"key":"DistilledChaos"},{"floor":21.0,"key":"Explosive Potion"},{"floor":29.0,"key":"SpeedPotion"},{"floor":30.0,"key":"SpeedPotion"},{"floor":33.0,"key":"Fruit Juice"},{"floor":47,"key":"FairyPotion"}],"is_trial":false,"path_per_floor":["M","?","?","M","M","R","$","R","T","?","?","E","T","E","R","B",null,"M","?","M","M","$","R","M","R","T","T","$","M","E","T","R","B",null,"M","$","?","$","M","R","?","?","T","R","T","E","M","E","R","B",null],"character_chosen":"THE_SILENT","items_purchased":["OrangePellets","Footwork","HandOfGreed","Enlightenment","Well Laid Plans","Ninja Scroll","Nunchaku","HandDrill","SteroidPotion"],"campfire_rested":3,"item_purchase_floors":[7,7,7,7,22,22,28,36,38],"current_hp_per_floor":[63,63,63,63,46,46,46,46,46,46,46,11,11,9,30,16,57,56,56,38,12,12,33,33,54,54,54,54,46,49,49,49,62,77,82,82,96,96,96,96,96,96,96,96,96,96,86,96,96,93],"gold":170,"neow_bonus":"TWO_FIFTY_GOLD","is_daily":false,"chose_seed":false,"campfire_upgraded":6,"win_rate":0.0,"timestamp":1608557191,"path_taken":["M","?","?","?","M","R","$","R","T","?","?","E","?","E","R","BOSS","M","?","M","M","$","R","M","R","T","?","?","M","E","?","R","BOSS","M","$","?","$","M","R","?","?","T","R","?","E","M","E","R","BOSS"],"items_purchased_type":["Relic","Card","Card","Card","Card","Relic","Relic","Relic","Potion"],"build_version":"2020-12-13","purchased_purges":3,"victory":true,"max_hp_per_floor":[70,70,70,70,70,70,70,70,70,70,70,70,70,70,70,70,70,70,70,70,70,70,70,70,70,70,70,70,70,77,77,77,82,82,82,82,96,96,96,96,96,96,96,96,96,96,96,96,96,96],"card_choices":[{"not_picked":["PiercingWail","Expertise"],"picked":"Outmaneuver","floor":1.0},{"not_picked":["Cloak And Dagger","Quick Slash"],"picked":"Adrenaline","floor":4.0},{"not_picked":["Bane","Deflect"],"picked":"Flying Knee","floor":5.0},{"not_picked":["Sucker Punch","Setup"],"picked":"Infinite Blades","floor":12.0},{"not_picked":["Grand Finale","Caltrops"],"picked":"Cloak And Dagger","floor":14.0},{"not_picked":["Unload","Adrenaline"],"picked":"Burst","floor":16.0},{"not_picked":["Dagger Throw"],"picked":"SKIP","floor":18.0},{"not_picked":["Deflect"],"picked":"SKIP","floor":20.0},{"not_picked":[],"picked":"Cloak And Dagger","floor":21.0},{"not_picked":["Dash"],"picked":"SKIP","floor":24.0},{"not_picked":["Deflect+1"],"picked":"SKIP","floor":29.0},{"not_picked":[],"picked":"Noxious Fumes","floor":30.0},{"not_picked":["Poisoned Stab"],"picked":"SKIP","floor":35.0},{"not_picked":[],"picked":"Blade Dance","floor":37},{"not_picked":["Eviscerate+1"],"picked":"SKIP","floor":39},{"not_picked":["Underhanded Strike+1"],"picked":"SKIP","floor":46},{"not_picked":["Caltrops"],"picked":"SKIP","floor":47},{"not_picked":["Deadly Poison"],"picked":"SKIP","floor":48}],"player_experience":75945,"relics_obtained":[{"floor":3.0,"key":"Tiny Chest"},{"floor":9.0,"key":"Juzu Bracelet"},{"floor":12.0,"key":"Shuriken"},{"floor":13.0,"key":"PreservedInsect"},{"floor":14.0,"key":"Kunai"},{"floor":26.0,"key":"Bottled Tornado"},{"floor":27.0,"key":"Ornamental Fan"},{"floor":30.0,"key":"Strawberry"},{"floor":31.0,"key":"Bird Faced Urn"},{"floor":37,"key":"Mango"},{"floor":43,"key":"Blood Vial"},{"floor":45,"key":"Bag of Marbles"},{"floor":46,"key":"HornCleat"},{"floor":46,"key":"Gremlin Horn"},{"floor":48,"key":"Dream Catcher"},{"floor":48,"key":"Sundial"}],"event_choices":[{"damage_healed":0.0,"max_hp_gain":0.0,"max_hp_loss":0.0,"gold_gain":175.0,"event_name":"Liars Game","player_choice":"AGREE","floor":2.0,"gold_loss":0.0,"damage_taken":0.0,"cards_obtained":["Doubt"]},{"damage_healed":0.0,"max_hp_gain":0.0,"max_hp_loss":0.0,"gold_gain":0.0,"event_name":"Wheel of Change","player_choice":"Relic","floor":3.0,"gold_loss":0.0,"damage_taken":0.0},{"damage_healed":0.0,"max_hp_gain":0.0,"max_hp_loss":0.0,"gold_gain":275.0,"event_name":"Golden Shrine","player_choice":"Desecrate","floor":10.0,"gold_loss":0.0,"damage_taken":0.0,"cards_obtained":["Regret"]},{"cards_removed":["Regret"],"damage_healed":0.0,"max_hp_gain":0.0,"max_hp_loss":0.0,"gold_gain":0.0,"event_name":"The Cleric","player_choice":"Card Removal","floor":11.0,"gold_loss":50.0,"damage_taken":0.0},{"damage_healed":0.0,"max_hp_gain":0.0,"max_hp_loss":0.0,"gold_gain":0.0,"event_name":"Vampires","player_choice":"Ignored","floor":19.0,"gold_loss":0.0,"damage_taken":0.0},{"damage_healed":0,"gold_gain":0,"player_choice":"Fight","damage_taken":0,"max_hp_gain":0,"max_hp_loss":0,"event_name":"MindBloom","floor":37,"gold_loss":0},{"damage_healed":0,"gold_gain":0,"player_choice":"Paid","damage_taken":0,"relics_obtained":["Red Mask"],"max_hp_gain":0,"max_hp_loss":0,"event_name":"Tomb of Lord Red Mask","floor":41,"gold_loss":49},{"damage_healed":0,"gold_gain":0,"player_choice":"Upgraded","damage_taken":0,"max_hp_gain":0,"max_hp_loss":0,"event_name":"Upgrade Shrine","floor":42,"gold_loss":0,"cards_upgraded":["Blade Dance"]}],"is_beta":false,"boss_relics":[{"not_picked":["Cursed Key","Runic Pyramid"],"picked":"Busted Crown"},{"not_picked":["Pandora\u0027s Box","Empty Cage"],"picked":"Black Star"}],"items_purged_floors":[7,22,36],"is_endless":false,"potions_floor_spawned":[12,16,21,29,30,33,46,47],"ascension_level":7}}