{"host":"zivz6e0vf73jivdq","time":1608529006,"event":{"mods":["ATMod(°¢èªMod)","Act Like it!","BaseMod","Friendly Minions","Gensokyo","HololiveMod","Koishi","Marisa£¨ìFÓê¡¡Ä§ÀíÉ³£©","Minty Spire (QoL Compilation)","MostiFishMod","Pale of the Ancients","Prisma Mod","Reimu£¨²©ÀöÁéÃÎ£©","Remilia£¨ÀÙÃ×ÀòÑÇ£©","Replay The Spire","RumiaBox-Â¶Ã×æ«µÄÉñÃØºÐ×Ó","StSLib","The Jungle","The Servant 0.9.4","Youmu£¨»êÆÇÑýÃÎ£©","¡¾¶«·½¶þ´Î´´×÷¡¿°ËÔÆ×Ïmod","¡¾ÒÅÎï¿¨ÅÆ¡¿REMEMod"],"gold_per_floor":[117,128,203,203,49,78,94,123,203,220,236,262,262,300,300,425,425,441,465,483,504,518,553,553,589,589,589,602,635,935,948,948,1076,1076,1089,1112,1127,583,916,950,966,982,1053,1063,1098,1108,1136,1153,1153,1153,1153,1153,948,977,977],"floor_reached":56,"playtime":3476,"items_purged":["Writhe","Sickly"],"score":2283,"play_id":"765432da-76d0-44f8-865a-4ef1b8bd1666","local_time":"20201221133646","is_ascension_mode":true,"campfire_choices":[{"data":"Armaments","floor":15.0,"key":"SMITH"},{"data":"MostiFishMod:FlyOverUtopia","floor":32.0,"key":"SMITH"},{"floor":49.0,"key":"RECALL"},{"data":"Strike_R+1","floor":52.0,"key":"SMITH"}],"circlet_count":0,"master_deck":["Strike_R+1","Strike_R","Strike_R","Strike_R+1","Defend_R+1","Defend_R","Bash","MostiFishMod:UniRed","Malaise","AT_Dispersion","MostiFishMod:UltimateDefense","Bloodletting","Burning Pact","Demonic Infusion","Juggernaut","Shockwave","Berserk","True Grit+1","MostiFishMod:FlyOverUtopia+1","Greed_TH","Rupture+1","MostiFishMod:RacingGame"],"relics":["Burning Blood","DaveBox","REME_ComplimentaryCards","AT_ATBox","EGODaCapo","Question Card","CombinedTypeHook","Simple Rune","Quantum Egg","Replay:Accelerometer","AT_RedTearstoneRing","ImportantClient","Painkiller Herb","Regal Pillow","GodSword1","Nunchaku","AT_ForceNature","AT_Kusabimaru","Replay:Grab Bag","Sozu","Philosopher\u0027s Stone","Kintsugi","Runic Cube","Ice Cream","ClockworkSouvenir","King of Hearts","Potion Belt","GodSword5","Anchor","Replay:Bottled Snecko","Whetstone","Replay:Kaleidoscope"],"acts_visited":["Exordium","TheCity","TheBeyond","TheEnding"],"potions_floor_usage":[55,55,55],"damage_taken":[{"damage":0.0,"enemies":"2 Louse","floor":1.0,"turns":1.0},{"damage":4.0,"enemies":"Small Slimes","floor":2.0,"turns":3.0},{"damage":13.0,"enemies":"Lagavulin","floor":6.0,"turns":5.0},{"damage":0.0,"enemies":"Jaw Worm","floor":7.0,"turns":3.0},{"damage":9.0,"enemies":"3 Sentries","floor":8.0,"turns":4.0},{"damage":0.0,"enemies":"Large Slime","floor":10.0,"turns":5.0},{"damage":0.0,"enemies":"3 Louse","floor":11.0,"turns":2.0},{"damage":0.0,"enemies":"Gremlin Nob","floor":12.0,"turns":4.0},{"damage":4.0,"enemies":"3 Sentries","floor":14.0,"turns":6.0},{"damage":15.0,"enemies":"Fading Forest","floor":16.0,"turns":11.0},{"damage":4.0,"enemies":"Spheric Guardian","floor":18.0,"turns":3.0},{"damage":0.0,"enemies":"Chosen","floor":19.0,"turns":3.0},{"damage":0.0,"enemies":"Centurion and Healer","floor":20.0,"turns":2.0},{"damage":0.0,"enemies":"Snake Plant","floor":21.0,"turns":3.0},{"damage":0.0,"enemies":"Cultist and Chosen","floor":22.0,"turns":1.0},{"damage":4.0,"enemies":"Book of Stabbing","floor":23.0,"turns":3.0},{"damage":0.0,"enemies":"Slavers","floor":25.0,"turns":2.0},{"damage":0.0,"enemies":"3 Cultists","floor":28.0,"turns":3.0},{"damage":0.0,"enemies":"Book of Stabbing","floor":29.0,"turns":3.0},{"damage":1.0,"enemies":"Centurion and Healer","floor":31.0,"turns":2.0},{"damage":2.0,"enemies":"Automaton","floor":33.0,"turns":3.0},{"damage":3.0,"enemies":"3 Shapes","floor":35.0,"turns":1.0},{"damage":2.0,"enemies":"3 Darklings","floor":36.0,"turns":1.0},{"damage":2.0,"enemies":"Jaw Worm Horde","floor":37.0,"turns":2.0},{"damage":2.0,"enemies":"Giant Head","floor":40.0,"turns":2.0},{"damage":0.0,"enemies":"Maw","floor":41.0,"turns":1.0},{"damage":2.0,"enemies":"4 Shapes","floor":42.0,"turns":1.0},{"damage":2.0,"enemies":"Spire Growth","floor":44.0,"turns":2.0},{"damage":3.0,"enemies":"R_Hoarder","floor":45.0,"turns":1.0},{"damage":4.0,"enemies":"Transient","floor":46.0,"turns":3.0},{"damage":3.0,"enemies":"Nemesis","floor":47.0,"turns":1.0},{"damage":2.0,"enemies":"3 Darklings","floor":48.0,"turns":2.0},{"damage":1.0,"enemies":"Awakened One","floor":50.0,"turns":3.0},{"damage":3.0,"enemies":"Shield and Spear","floor":54.0,"turns":2.0},{"damage":20,"enemies":"The Heart","floor":55,"turns":5}],"seed_played":"-6731387801758024530","potions_obtained":[{"floor":2.0,"key":"Strength Potion"},{"floor":11.0,"key":"ColorlessPotion"},{"floor":14.0,"key":"Strength Potion"},{"floor":16.0,"key":"AttackPotion"}],"is_trial":false,"path_per_floor":["M","M","?","?","$","E","M","E","T","M","M","E","?","E","R","B",null,"?","?","?","?","?","E","?","E","T","?","?","E","?","?","T","B",null,"?","?","?","T","?","E","?","?","T","?","E","?","E","?","T","B",null,"T","T","E","B",null],"character_chosen":"IRONCLAD","items_purchased":["MostiFishMod:UltimateDefense","Ice Cream","ClockworkSouvenir","King of Hearts","Whetstone"],"campfire_rested":0,"item_purchase_floors":[5,38,38,38,53],"current_hp_per_floor":[78,80,69,66,66,59,65,62,62,68,74,80,60,62,62,53,73,75,80,80,80,80,80,80,80,80,80,80,80,80,80,80,80,80,80,80,80,72,72,76,80,80,80,80,80,80,80,80,80,80,80,80,76,80,67],"gold":977,"neow_bonus":"ONE_RANDOM_RARE_CARD","is_daily":false,"chose_seed":false,"campfire_upgraded":3,"win_rate":0.0,"timestamp":1608529006,"path_taken":["M","M","?","?","$","E","M","E","T","M","M","E","?","E","R","BOSS","?","?","?","?","?","E","?","E","T","?","?","E","?","?","T","BOSS","?","?","?","T","?","E","?","?","T","?","E","?","E","?","T","BOSS","T","T","E","BOSS"],"items_purchased_type":["Card","Relic","Relic","Relic","Relic"],"build_version":"2020-12-13","purchased_purges":2,"victory":true,"max_hp_per_floor":[80,80,80,80,80,80,80,80,80,80,80,80,80,80,80,80,80,80,80,80,80,80,80,80,80,80,80,80,80,80,80,80,80,80,80,80,80,80,80,80,80,80,80,80,80,80,80,80,80,80,80,80,80,80,80],"card_choices":[{"not_picked":["Headbutt","Clothesline","Flex"],"picked":"SKIP","floor":1.0},{"not_picked":["Clothesline","ReplayTheSpireMod:Stacked","Pommel Strike","Cleave"],"picked":"SKIP","floor":2.0},{"not_picked":["True Grit","Sentinel","Heavy Blade"],"picked":"Bloodletting","floor":6.0},{"not_picked":["Fiend Fire","Pommel Strike","Rupture"],"picked":"Armaments","floor":7.0},{"not_picked":["AT_IchimonjiDouble","Twin Strike","Sword Boomerang"],"picked":"Burning Pact","floor":8.0},{"not_picked":["Fire Breathing","Flex","Abandon","MostiFishMod:BrandingRite"],"picked":"SKIP","floor":10.0},{"not_picked":["AT_BodySlamDance","Replay:Undeath\u0027s Touch","Flex","Massacre"],"picked":"SKIP","floor":11.0},{"not_picked":["Entrench","Headbutt","ReplayTheSpireMod:Stacked","AT_IchimonjiDouble"],"picked":"SKIP","floor":12.0},{"not_picked":["Iron Wave","Life Link","Havoc"],"picked":"Demonic Infusion","floor":14.0},{"not_picked":["Fiend Fire","Bludgeon","REME_Fury"],"picked":"Juggernaut","floor":16.0},{"not_picked":["Flex+1","Perfected Strike","Carnage+1"],"picked":"Shockwave","floor":18.0},{"not_picked":["Replay:Undeath\u0027s Touch","Armaments+1","Shockwave","AT_GerminateFire"],"picked":"SKIP","floor":19.0},{"not_picked":["Seeing Red","Perfected Strike","Clothesline"],"picked":"Berserk","floor":20.0},{"not_picked":["Body Slam","Warcry","Thunderclap","Rage"],"picked":"SKIP","floor":21.0},{"not_picked":["AT_DrawKnifeCut","Clash","Thunderclap"],"picked":"True Grit+1","floor":22.0},{"not_picked":["MostiFishMod:NeverNightCountry","Havoc","Pommel Strike"],"picked":"MostiFishMod:FlyOverUtopia","floor":23.0},{"not_picked":["REME_Cut","Wild Strike+1","Clothesline","Headbutt+1"],"picked":"SKIP","floor":25.0},{"not_picked":["Searing Blow","Pommel Strike","Twin Strike","Thunderclap+1"],"picked":"SKIP","floor":28.0},{"not_picked":["Clash+1","Disarm","Searing Blow","True Grit+1"],"picked":"SKIP","floor":29.0},{"not_picked":["Twin Strike+1","Clothesline","Massacre+1","ReplayTheSpireMod:Corrosion Curse"],"picked":"SKIP","floor":31.0},{"not_picked":["Pommel Strike","Sword Boomerang","Clash"],"picked":"Rupture+1","floor":35.0},{"not_picked":["Havoc+1","AT_BodySlamDance+1","Perfected Strike","Wild Strike"],"picked":"SKIP","floor":36.0},{"not_picked":["Clothesline+1","Sword Boomerang","MostiFishMod:BrandingRite","Blood for Blood+1"],"picked":"SKIP","floor":37.0},{"not_picked":["Cleave+1","Rupture+1","Body Slam+1","Defy Death+1"],"picked":"SKIP","floor":40.0},{"not_picked":["Infernal Blade","Pummel","True Grit","Cleave+1"],"picked":"SKIP","floor":41.0},{"not_picked":["AT_CaressingTears+1","Flame Barrier+1","Perfected Strike"],"picked":"MostiFishMod:RacingGame","floor":42.0},{"not_picked":["Rupture+1","Clothesline+1","True Grit","Life Link"],"picked":"SKIP","floor":44.0},{"not_picked":["AT_DiedThrough","Thunderclap+1","REME_Cut","Perfected Strike"],"picked":"SKIP","floor":45.0},{"not_picked":["Clash","Warcry","ReplayTheSpireMod:LeadingStrike+1","Body Slam+1"],"picked":"SKIP","floor":46.0},{"not_picked":["Inflame","ReplayTheSpireMod:LeadingStrike","Armaments","Offering"],"picked":"SKIP","floor":47.0},{"not_picked":["Headbutt+1","ReplayTheSpireMod:Strike From Hell","Second Wind+1","Wild Strike"],"picked":"SKIP","floor":48.0},{"not_picked":["Wild Strike","ReplayTheSpireMod:Stacked+1","Armaments+1","Pommel Strike"],"picked":"SKIP","floor":54.0}],"player_experience":711021,"relics_obtained":[{"floor":1.0,"key":"Question Card"},{"floor":6.0,"key":"Simple Rune"},{"floor":8.0,"key":"Quantum Egg"},{"floor":12.0,"key":"Replay:Accelerometer"},{"floor":14.0,"key":"AT_RedTearstoneRing"},{"floor":16.0,"key":"ImportantClient"},{"floor":23.0,"key":"Regal Pillow"},{"floor":25.0,"key":"Nunchaku"},{"floor":26.0,"key":"AT_ForceNature"},{"floor":29.0,"key":"AT_Kusabimaru"},{"floor":40.0,"key":"Potion Belt"},{"floor":43.0,"key":"GodSword5"},{"floor":45.0,"key":"Anchor"},{"floor":47.0,"key":"Replay:Bottled Snecko"},{"floor":54.0,"key":"Replay:Kaleidoscope"}],"event_choices":[{"damage_healed":0.0,"max_hp_gain":0.0,"max_hp_loss":0.0,"gold_gain":75.0,"event_name":"World of Goop","player_choice":"Gather Gold","floor":3.0,"gold_loss":0.0,"damage_taken":11.0},{"damage_healed":0.0,"max_hp_gain":0.0,"max_hp_loss":0.0,"gold_gain":0.0,"event_name":"Scrap Ooze","player_choice":"Success","floor":4.0,"gold_loss":0.0,"damage_taken":3.0,"relics_obtained":["CombinedTypeHook"]},{"damage_healed":0.0,"max_hp_gain":0.0,"max_hp_loss":0.0,"gold_gain":0.0,"event_name":"Golden Idol","player_choice":"Take Damage","floor":13.0,"gold_loss":0.0,"damage_taken":20.0,"relics_obtained":["Golden Idol"]},{"damage_healed":0.0,"max_hp_gain":0.0,"max_hp_loss":0.0,"gold_gain":0.0,"event_name":"The Mausoleum","player_choice":"Opened","floor":24.0,"gold_loss":0.0,"damage_taken":0.0,"relics_obtained":["GodSword1"]},{"damage_healed":0.0,"max_hp_gain":0.0,"max_hp_loss":0.0,"gold_gain":333.0,"event_name":"The Moai Head","player_choice":"Gave Idol","floor":39.0,"relics_lost":["Golden Idol"],"gold_loss":0.0,"damage_taken":0.0}],"is_beta":false,"boss_relics":[{"not_picked":["REME_DemonsWealth","Fusion Hammer"],"picked":"Painkiller Herb"},{"not_picked":["RedLine:ReiMu","HaiYi:Twilight"],"picked":"Replay:Grab Bag"},{"not_picked":["ChewingGum","Busted Crown"],"picked":"Sozu"},{"not_picked":["Runic Dome","Velvet Choker"],"picked":"Philosopher\u0027s Stone"},{"not_picked":["TakeMeEscape","Pandora\u0027s Box"],"picked":"Kintsugi"},{"not_picked":["SacredBark","Honey Jar"],"picked":"Runic Cube"}],"items_purged_floors":[38,53],"is_endless":false,"potions_floor_spawned":[2,11,14,16,19,22,28,31,33,36,37,45,47,54],"ascension_level":6}}