{"host":"4cz9gr89nglr7k8k","time":1608579946,"event":{"mods":["BaseMod","Minty Spire (QoL Compilation)","Relic Stats","Slay-I"],"gold_per_floor":[112,25,25,100,100,100,119,119,119,119,130,155,175,194,194,271,271,290,290,310,310,360,360,373,373,373,373,392,392,392],"floor_reached":29,"playtime":989,"items_purged":[],"score":440,"play_id":"d53d3c26-a87f-4ac9-8718-a576a9c08f97","local_time":"20201221204546","is_ascension_mode":true,"campfire_choices":[{"floor":6,"key":"REST"},{"floor":8,"key":"REST"},{"data":"Doom and Gloom","floor":10,"key":"SMITH"},{"data":"White Noise","floor":15,"key":"SMITH"},{"floor":23,"key":"REST"},{"floor":25,"key":"REST"}],"circlet_count":0,"master_deck":["AscendersBane","Strike_B","Strike_B","Strike_B","Strike_B","Defend_B","Defend_B","Defend_B","Defend_B","Zap","Dualcast","White Noise","Doom and Gloom+1","Go for the Eyes","Beam Cell","Auto Shields","White Noise+1","Conserve Battery","Creative AI","Turbo","Leap","Writhe","Leap","Decay","FTL"],"relics":["Cracked Core","DataDisk","Mummified Hand","Nunchaku","Sozu","Pear","Ornamental Fan"],"acts_visited":["Exordium","TheCity"],"potions_floor_usage":[12,12,14],"damage_taken":[{"damage":12,"enemies":"Small Slimes","floor":1,"turns":3},{"damage":9,"enemies":"2 Louse","floor":7,"turns":3},{"damage":0,"enemies":"Cultist","floor":11,"turns":3},{"damage":4,"enemies":"The Mushroom Lair","floor":12,"turns":2},{"damage":8,"enemies":"Blue Slaver","floor":13,"turns":2},{"damage":0,"enemies":"Red Slaver","floor":14,"turns":3},{"damage":54,"enemies":"Hexaghost","floor":16,"turns":8},{"damage":31,"enemies":"Shell Parasite","floor":18,"turns":4},{"damage":17,"enemies":"Spheric Guardian","floor":20,"turns":4},{"damage":26,"enemies":"Centurion and Healer","floor":24,"turns":5},{"damage":47,"enemies":"Snake Plant","floor":28,"turns":5},{"damage":16,"enemies":"Shelled Parasite and Fungi","floor":29,"turns":1}],"seed_played":"-1078153305786533603","potions_obtained":[{"floor":1,"key":"AttackPotion"},{"floor":7,"key":"AttackPotion"},{"floor":14,"key":"Fruit Juice"}],"is_trial":false,"path_per_floor":["M","$","?","?","?","R","M","R","T","R","M","?","M","M","R","B",null,"M","?","M","?","?","R","M","R","T","?","M","M"],"character_chosen":"DEFECT","items_purchased":["Doom and Gloom"],"campfire_rested":4,"item_purchase_floors":[2],"current_hp_per_floor":[52,52,47,36,41,63,54,76,76,76,76,72,64,69,69,15,65,34,34,17,27,27,54,28,55,55,55,8,0,0],"gold":392,"neow_bonus":"RANDOM_COMMON_RELIC","is_daily":false,"chose_seed":false,"campfire_upgraded":2,"win_rate":0.0,"timestamp":1608579946,"path_taken":["M","$","?","?","?","R","M","R","T","R","M","?","M","M","R","BOSS","M","?","M","?","?","R","M","R","T","?","M","M"],"items_purchased_type":["Card"],"build_version":"2020-12-13","purchased_purges":0,"victory":false,"max_hp_per_floor":[71,71,71,71,76,76,76,76,76,76,76,76,76,81,81,81,81,81,81,81,91,91,91,91,91,91,91,91,91,91],"relic_stats":{"Sozu":1,"Nunchaku":[5],"counters":[12,43],"Mummified Hand":[37],"Ornamental Fan":[0],"obtain_stats":[{"Sozu":17,"DataDisk":0,"Nunchaku":9,"Pear":21,"Mummified Hand":3,"Ornamental Fan":26,"Cracked Core":0},{"Sozu":7,"DataDisk":0,"Nunchaku":2,"Pear":9,"Mummified Hand":1,"Ornamental Fan":10,"Cracked Core":0},{"Sozu":24,"DataDisk":0,"Nunchaku":6,"Pear":32,"Mummified Hand":3,"Ornamental Fan":37,"Cracked Core":0}]},"card_choices":[{"not_picked":["Heatsinks","Compile Driver"],"picked":"White Noise","floor":1},{"not_picked":["Rebound","Heatsinks"],"picked":"Go for the Eyes","floor":7},{"not_picked":["Coolheaded","Sweeping Beam"],"picked":"Beam Cell","floor":11},{"not_picked":["Beam Cell","Undo"],"picked":"Auto Shields","floor":12},{"not_picked":["Rebound","Turbo"],"picked":"White Noise","floor":13},{"not_picked":["Steam Power","Lockon"],"picked":"Conserve Battery","floor":14},{"not_picked":["Thunder Strike","Seek"],"picked":"Creative AI","floor":16},{"not_picked":["Streamline","Lockon"],"picked":"Turbo","floor":18},{"not_picked":["Streamline","Consume"],"picked":"Leap","floor":20},{"not_picked":["Stack","Rebound+1"],"picked":"Leap","floor":24},{"not_picked":["Fusion","Aggregate"],"picked":"FTL","floor":28}],"player_experience":1452229,"relics_obtained":[{"floor":9,"key":"Nunchaku"},{"floor":26,"key":"Ornamental Fan"}],"event_choices":[{"damage_healed":0,"gold_gain":0,"player_choice":"Success","damage_taken":5,"relics_obtained":["Mummified Hand"],"max_hp_gain":0,"max_hp_loss":0,"event_name":"Scrap Ooze","floor":3,"gold_loss":0},{"damage_healed":0,"gold_gain":75,"player_choice":"Gather Gold","damage_taken":11,"max_hp_gain":0,"max_hp_loss":0,"event_name":"World of Goop","floor":4,"gold_loss":0},{"damage_healed":0,"gold_gain":0,"player_choice":"Donut","damage_taken":0,"max_hp_gain":5,"max_hp_loss":0,"event_name":"Big Fish","floor":5,"gold_loss":0},{"damage_healed":0,"gold_gain":0,"player_choice":"Fought Mushrooms","damage_taken":0,"max_hp_gain":0,"max_hp_loss":0,"event_name":"Mushrooms","floor":12,"gold_loss":0},{"damage_healed":0,"gold_gain":0,"player_choice":"Ignored","damage_taken":0,"max_hp_gain":0,"max_hp_loss":0,"event_name":"Cursed Tome","floor":19,"gold_loss":0},{"damage_healed":0,"gold_gain":0,"player_choice":"Opened","damage_taken":0,"relics_obtained":["Pear"],"max_hp_gain":0,"max_hp_loss":0,"event_name":"The Mausoleum","floor":21,"gold_loss":0,"cards_obtained":["Writhe"]},{"damage_healed":0,"gold_gain":50,"player_choice":"Stole From Cult","damage_taken":0,"max_hp_gain":0,"max_hp_loss":0,"event_name":"Nest","floor":22,"gold_loss":0},{"damage_healed":0,"gold_gain":0,"player_choice":"Smashed Altar","damage_taken":0,"max_hp_gain":0,"max_hp_loss":0,"event_name":"Forgotten Altar","floor":27,"gold_loss":0,"cards_obtained":["Decay"]}],"is_beta":false,"boss_relics":[{"not_picked":["Astrolabe","Runic Dome"],"picked":"Sozu"}],"items_purged_floors":[],"is_endless":false,"potions_floor_spawned":[1,7,14,28],"killed_by":"Shelled Parasite and Fungi","ascension_level":19}}