{"host":"dth8fvkfiulu86fi","time":1608540666,"event":{"mods":["2.2 Compatiblity","AchievementEnabler","BaseMod","Better Third Choice","Colored Map","Colored Powertips","Minty Spire (QoL Compilation)","Rare Cards Sparkle","StSLib","SuperFastMode","Synergy Search"],"gold_per_floor":[144,189,189,234,91,91,181,226,238,250,357,69,114,159,159,459,459,504,14,59,104,149,149,239,284,309,458,503,553,598,23,23,23,23],"floor_reached":33,"playtime":953,"items_purged":["Corruption","Barricade","Juggernaut"],"score":448,"play_id":"fa08e994-38d5-4153-a227-fe7f6ff33680","local_time":"20201221095106","daily_mods":["Shiny","Vintage","Midas"],"is_ascension_mode":false,"campfire_choices":[{"floor":6,"key":"REST"},{"floor":10,"key":"REST"},{"floor":15,"key":"REST"},{"floor":23,"key":"REST"},{"floor":32,"key":"REST"}],"circlet_count":0,"master_deck":["Double Tap","Demon Form","Bludgeon","Feed","Limit Break","Fiend Fire","Berserk","Impervious","Brutality","Reaper","Exhume","Offering","Immolate","Seeing Red","Impervious","Seeing Red","Bludgeon","CurseOfTheBell","Mind Blast","Perfected Strike","Decay"],"relics":["Burning Blood","Bottled Flame","Pen Nib","SsserpentHead","Tiny Chest","Singing Bowl","MawBank","Anchor","StoneCalendar","DollysMirror","Blood Vial","Bag of Preparation","Torii","Calling Bell","PreservedInsect","Ornamental Fan","Charon\u0027s Ashes","Bronze Scales","Happy Flower","Juzu Bracelet","MealTicket","Paper Frog","Frozen Egg 2","Toxic Egg 2","Art of War","Strawberry","Mummified Hand","Turnip","Bag of Marbles"],"acts_visited":["Exordium","TheCity"],"potions_floor_usage":[7,7,16,24,33,33,33],"damage_taken":[{"damage":30,"enemies":"Jaw Worm","floor":1,"turns":6},{"damage":6,"enemies":"Cultist","floor":2,"turns":1},{"damage":0,"enemies":"Small Slimes","floor":4,"turns":1},{"damage":32,"enemies":"3 Sentries","floor":7,"turns":4},{"damage":26,"enemies":"Exordium Thugs","floor":8,"turns":3},{"damage":0,"enemies":"Looter","floor":11,"turns":2},{"damage":0,"enemies":"2 Fungi Beasts","floor":13,"turns":1},{"damage":0,"enemies":"3 Louse","floor":14,"turns":1},{"damage":9,"enemies":"Slime Boss","floor":16,"turns":5},{"damage":10,"enemies":"Shell Parasite","floor":18,"turns":3},{"damage":6,"enemies":"Spheric Guardian","floor":20,"turns":1},{"damage":6,"enemies":"Snake Plant","floor":21,"turns":1},{"damage":7,"enemies":"Centurion and Healer","floor":22,"turns":2},{"damage":12,"enemies":"Book of Stabbing","floor":24,"turns":1},{"damage":0,"enemies":"3 Cultists","floor":25,"turns":1},{"damage":0,"enemies":"Sentry and Sphere","floor":28,"turns":1},{"damage":29,"enemies":"Shelled Parasite and Fungi","floor":30,"turns":2},{"damage":106,"enemies":"Champ","floor":33,"turns":6}],"seed_played":"7329645460642280970","potions_obtained":[{"floor":1,"key":"Energy Potion"},{"floor":2,"key":"FearPotion"},{"floor":4,"key":"ColorlessPotion"},{"floor":16,"key":"Strength Potion"},{"floor":24,"key":"SmokeBomb"},{"floor":30,"key":"BlessingOfTheForge"}],"is_trial":false,"path_per_floor":["M","M","?","M","$","R","E","M","T","R","M","$","M","M","R","B",null,"M","$","M","M","M","R","E","M","T","?","M","?","M","$","R","B"],"character_chosen":"IRONCLAD","items_purchased":["Seeing Red","DollysMirror","Blood Vial","Happy Flower","Mind Blast","Perfected Strike","SkillPotion","Fire Potion","Turnip","Bag of Marbles"],"campfire_rested":5,"item_purchase_floors":[5,12,12,19,19,19,19,19,31,31],"current_hp_per_floor":[66,69,69,75,75,83,71,58,58,84,89,89,89,89,89,89,89,85,85,87,89,89,89,85,91,91,91,98,98,78,93,101,0,0],"gold":23,"neow_bonus":"","is_daily":true,"chose_seed":false,"campfire_upgraded":0,"win_rate":0.0,"timestamp":1608540666,"path_taken":["M","M","?","M","$","R","E","M","T","R","?","$","M","M","R","BOSS","M","$","M","M","M","R","E","M","T","?","M","?","M","$","R","BOSS"],"items_purchased_type":["Card","Relic","Relic","Relic","Card","Card","Potion","Potion","Relic","Relic"],"build_version":"2020-12-13","purchased_purges":3,"victory":false,"max_hp_per_floor":[80,83,83,83,83,83,86,89,89,89,89,89,89,89,89,89,89,89,89,89,89,89,89,91,91,91,91,98,98,101,101,101,101,101],"card_choices":[{"not_picked":["Armaments","Body Slam"],"picked":"Impervious","floor":7},{"not_picked":["Demon Form","Offering"],"picked":"Bludgeon","floor":16},{"not_picked":["Body Slam+1","Reckless Charge","Thunderclap+1"],"picked":"Singing Bowl","floor":24}],"player_experience":1113702,"relics_obtained":[{"floor":1,"key":"Bottled Flame"},{"floor":2,"key":"Pen Nib"},{"floor":4,"key":"Tiny Chest"},{"floor":7,"key":"Singing Bowl"},{"floor":8,"key":"MawBank"},{"floor":9,"key":"Anchor"},{"floor":11,"key":"StoneCalendar"},{"floor":13,"key":"Bag of Preparation"},{"floor":14,"key":"Torii"},{"floor":17,"key":"PreservedInsect"},{"floor":17,"key":"Ornamental Fan"},{"floor":17,"key":"Charon\u0027s Ashes"},{"floor":18,"key":"Bronze Scales"},{"floor":20,"key":"Juzu Bracelet"},{"floor":21,"key":"MealTicket"},{"floor":22,"key":"Paper Frog"},{"floor":24,"key":"Frozen Egg 2"},{"floor":25,"key":"Toxic Egg 2"},{"floor":26,"key":"Art of War"},{"floor":28,"key":"Strawberry"},{"floor":30,"key":"Mummified Hand"}],"event_choices":[{"damage_healed":0,"gold_gain":0,"player_choice":"Trade","damage_taken":0,"relics_obtained":["SsserpentHead"],"max_hp_gain":0,"max_hp_loss":0,"event_name":"FaceTrader","floor":3,"gold_loss":0},{"damage_healed":0,"gold_gain":99,"player_choice":"Steal","damage_taken":0,"max_hp_gain":0,"max_hp_loss":0,"event_name":"betterThird:BetterNest","floor":27,"gold_loss":0},{"damage_healed":0,"gold_gain":0,"player_choice":"Cursed","damage_taken":0,"max_hp_gain":0,"max_hp_loss":0,"event_name":"Wheel of Change","floor":29,"gold_loss":0,"cards_obtained":["Decay"]}],"is_beta":false,"boss_relics":[{"not_picked":["Runic Dome","Black Star"],"picked":"Calling Bell"}],"items_purged_floors":[5,19,31],"is_endless":false,"potions_floor_spawned":[1,2,4,16,24,25,30],"killed_by":"Champ","ascension_level":0}}