{"host":"f1miojwxaupu79sp","time":1608531100,"event":{"mods":["BaseMod","Better Vampires","Minty Spire (QoL Compilation)","Shop Mod"],"gold_per_floor":[114,64,75,75,0,31,31,45,45,45,58,83,83,83,83,180,180,194,194,109,209,227,252,265,265,265,265,265,265],"floor_reached":28,"playtime":4925,"items_purged":["Strike_G"],"score":378,"play_id":"1f3081c2-f12c-44fc-8826-1a9efd4295af","local_time":"20201221011140","is_ascension_mode":true,"campfire_choices":[{"floor":7,"key":"REST"},{"data":"Accuracy","floor":10,"key":"SMITH"},{"floor":13,"key":"REST"},{"data":"Venomology","floor":15,"key":"SMITH"},{"data":"Footwork","floor":25,"key":"SMITH"},{"data":"Bullet Time","floor":27,"key":"SMITH"}],"circlet_count":0,"master_deck":["AscendersBane","Strike_G","Strike_G","Strike_G","Defend_G","Defend_G","Defend_G","Defend_G","Defend_G","Survivor","Neutralize","Discovery+1","PiercingWail","Accuracy+1","Blade Dance","Venomology+1","Bullet Time+1","Footwork+1","Deflect"],"relics":["Ring of the Snake","Question Card","Anchor","Odd Mushroom","Runic Pyramid","Matryoshka","Darkstone Periapt","Toy Ornithopter","Ice Cream"],"acts_visited":["Exordium","TheCity"],"potions_floor_usage":[11,14,16,18,18,23,23,28,28],"damage_taken":[{"damage":1,"enemies":"2 Louse","floor":1,"turns":4},{"damage":0,"enemies":"Cultist","floor":3,"turns":4},{"damage":43,"enemies":"3 Sentries","floor":6,"turns":13},{"damage":0,"enemies":"Jaw Worm","floor":8,"turns":6},{"damage":8,"enemies":"Large Slime","floor":11,"turns":14},{"damage":21,"enemies":"The Mushroom Lair","floor":12,"turns":4},{"damage":0,"enemies":"Lots of Slimes","floor":14,"turns":3},{"damage":44,"enemies":"Hexaghost","floor":16,"turns":12},{"damage":16,"enemies":"Spheric Guardian","floor":18,"turns":4},{"damage":5,"enemies":"3 Byrds","floor":22,"turns":6},{"damage":16,"enemies":"Book of Stabbing","floor":23,"turns":10},{"damage":2,"enemies":"Snake Plant","floor":24,"turns":5},{"damage":45,"enemies":"Slavers","floor":28,"turns":11}],"seed_played":"7528547446987246169","potions_obtained":[{"floor":3,"key":"FairyPotion"},{"floor":8,"key":"DistilledChaos"},{"floor":12,"key":"SmokeBomb"},{"floor":16,"key":"AttackPotion"}],"is_trial":false,"path_per_floor":["M","?","M","?","$","E","R","M","T","R","M","?","R","M","R","B",null,"M","?","?","?","M","E","M","R","T","R","E"],"character_chosen":"THE_SILENT","items_purchased":[],"campfire_rested":2,"item_purchase_floors":[],"current_hp_per_floor":[62,62,62,62,62,19,40,40,40,40,32,11,32,32,32,13,56,40,63,63,63,58,42,40,40,40,40,5,5],"gold":265,"neow_bonus":"RANDOM_COLORLESS","is_daily":false,"chose_seed":false,"campfire_upgraded":4,"win_rate":0.0,"timestamp":1608531100,"path_taken":["M","?","M","?","$","E","R","M","T","R","?","?","R","M","R","BOSS","M","?","?","?","?","E","M","R","T","R","E"],"items_purchased_type":[],"build_version":"2020-12-13","purchased_purges":1,"victory":false,"max_hp_per_floor":[70,70,70,70,70,70,70,70,70,70,70,70,70,70,70,70,70,70,70,70,70,70,70,70,70,70,70,70,70],"card_choices":[{"not_picked":["Purity","PanicButton"],"picked":"Discovery","floor":0},{"not_picked":["Bane","Cloak And Dagger","Flying Knee"],"picked":"SKIP","floor":1},{"not_picked":["Dodge and Roll","Quick Slash","Cloak And Dagger"],"picked":"SKIP","floor":3},{"not_picked":["Dagger Throw","Wraith Form v2"],"picked":"PiercingWail","floor":6},{"not_picked":["PiercingWail","Dodge and Roll","Slice"],"picked":"Accuracy","floor":8},{"not_picked":["Skewer","Flechettes","Reflex"],"picked":"Blade Dance","floor":11},{"not_picked":["Blade Dance","Cloak And Dagger","Quick Slash"],"picked":"Venomology","floor":12},{"not_picked":["Night Terror","Tools of the Trade","Envenom"],"picked":"Bullet Time","floor":16},{"not_picked":["Underhanded Strike","Dagger Throw","Outmaneuver"],"picked":"Footwork","floor":18},{"not_picked":["Outmaneuver","Slice","Flying Knee"],"picked":"Deflect","floor":22},{"not_picked":["Glass Knife","Acrobatics","Bane","Heel Hook"],"picked":"SKIP","floor":23},{"not_picked":["Quick Slash+1","Bane","Outmaneuver","Setup"],"picked":"SKIP","floor":24}],"player_experience":659371,"relics_obtained":[{"floor":6,"key":"Question Card"},{"floor":9,"key":"Anchor"},{"floor":12,"key":"Odd Mushroom"},{"floor":23,"key":"Darkstone Periapt"},{"floor":26,"key":"Toy Ornithopter"},{"floor":26,"key":"Ice Cream"}],"event_choices":[{"cards_removed":["Strike_G"],"damage_healed":0,"gold_gain":0,"player_choice":"Card Removal","damage_taken":0,"max_hp_gain":0,"max_hp_loss":0,"event_name":"The Cleric","floor":2,"gold_loss":50},{"damage_healed":0,"gold_gain":0,"player_choice":"Upgraded","damage_taken":0,"max_hp_gain":0,"max_hp_loss":0,"event_name":"Upgrade Shrine","floor":4,"gold_loss":0,"cards_upgraded":["Discovery"]},{"damage_healed":0,"gold_gain":0,"player_choice":"Fought Mushrooms","damage_taken":0,"max_hp_gain":0,"max_hp_loss":0,"event_name":"Mushrooms","floor":12,"gold_loss":0},{"damage_healed":23,"gold_gain":0,"player_choice":"Heal","damage_taken":0,"max_hp_gain":0,"max_hp_loss":0,"event_name":"The Library","floor":19,"gold_loss":0},{"damage_healed":0,"gold_gain":0,"player_choice":"Obtained Relic","damage_taken":0,"relics_obtained":["Matryoshka"],"max_hp_gain":0,"max_hp_loss":0,"event_name":"Addict","floor":20,"gold_loss":85},{"damage_healed":0,"gold_gain":100,"player_choice":"Pray","damage_taken":0,"max_hp_gain":0,"max_hp_loss":0,"event_name":"Golden Shrine","floor":21,"gold_loss":0}],"is_beta":false,"boss_relics":[{"not_picked":["HoveringKite","Fusion Hammer"],"picked":"Runic Pyramid"}],"items_purged_floors":[5],"is_endless":false,"potions_floor_spawned":[3,8,12,16],"killed_by":"Slavers","ascension_level":12}}