{"host":"3olzf542l24t7rz7","time":1608573916,"event":{"mods":["Aspiration","BaseMod","BetterRewards","Colored Map","Colored Powertips","Conspire","Halation","Hubris","Infinite Spire","Luminous","Minty Spire (QoL Compilation)","Replay The Spire","Shop Mod","StSLib","The Blue Laboratory","The Runesmith","TheSwordswoman","Waifu the Spire","WarShipGirlsR/????R mod","vexMod"],"gold_per_floor":[115,115,65,15,29,54,69,69,95,106,119,119,139,170,170,170,170],"floor_reached":16,"playtime":34803,"items_purged":[],"score":129,"play_id":"c12a6e07-2c83-420f-aa8b-40e3a9c64a26","local_time":"20201221130516","is_ascension_mode":true,"campfire_choices":[{"floor":8,"key":"REST"},{"floor":15,"key":"REST"}],"circlet_count":0,"master_deck":["Strike_R","Strike_R","Strike_R","Defend_R","Defend_R","Defend_R","Defend_R","Bash","Infernal Blade","True Grit","Flex","Wild Strike","Inflame+1","Seeing Red"],"relics":["Burning Blood","hubris:Towel","Frozen Egg 2","Nunchaku","Replay:Rubber Ducky"],"acts_visited":["Exordium"],"potions_floor_usage":[14,14,14],"damage_taken":[{"damage":7,"enemies":"Jaw Worm","floor":1,"turns":3},{"damage":16,"enemies":"Small Slimes","floor":5,"turns":5},{"damage":49,"enemies":"3 Sentries","floor":6,"turns":11},{"damage":0,"enemies":"Cultist","floor":7,"turns":3},{"damage":8,"enemies":"Large Slime","floor":10,"turns":4},{"damage":16,"enemies":"Lots of Slimes","floor":11,"turns":3},{"damage":11,"enemies":"Looter","floor":13,"turns":2},{"damage":39,"enemies":"Gremlin Nob","floor":14,"turns":5},{"damage":36,"enemies":"Fading Forest","floor":16,"turns":9}],"seed_played":"-4644065920512191663","potions_obtained":[{"floor":6,"key":"Strength Potion"},{"floor":7,"key":"blueLaboratory:HorrorPotion"},{"floor":11,"key":"blueLaboratory:HorrorPotion"},{"floor":14,"key":"blueLaboratory:Moonshine"}],"is_trial":false,"path_per_floor":["M","?","?","$","M","E","M","R","T","M","M","?","M","E","R","B"],"character_chosen":"IRONCLAD","items_purchased":["Flex"],"campfire_rested":2,"item_purchase_floors":[4],"current_hp_per_floor":[79,79,79,79,69,26,32,56,56,54,44,52,47,14,38,10,10],"gold":170,"neow_bonus":"RANDOM_EVENT","is_daily":false,"chose_seed":false,"campfire_upgraded":0,"win_rate":0.0,"timestamp":1608573916,"path_taken":["M","?","?","?","M","E","M","R","T","?","M","?","M","E","R","BOSS"],"items_purchased_type":["Card"],"build_version":"2020-12-13","purchased_purges":0,"victory":false,"max_hp_per_floor":[80,80,80,80,80,80,80,80,80,80,80,80,80,80,80,80,80],"card_choices":[{"not_picked":["ReplayTheSpireMod:Stacked","ReplayTheSpireMod:LeadingStrike"],"picked":"True Grit","floor":1},{"not_picked":["True Grit","Headbutt","Searing Blow"],"picked":"SKIP","floor":5},{"not_picked":["Armaments","Bloodletting"],"picked":"Wild Strike","floor":6},{"not_picked":["Armaments","Feel No Pain+1"],"picked":"Inflame+1","floor":7},{"not_picked":["conspire:HitWhereItHurts","conspire:Charge","Shrug It Off"],"picked":"SKIP","floor":10},{"not_picked":["Wild Strike","Cleave","Battle Trance"],"picked":"SKIP","floor":11},{"not_picked":["hubris:SharpeningStone","infinitespire:OneForAll","Twin Strike"],"picked":"SKIP","floor":13},{"not_picked":["Flame Barrier","Corruption+1"],"picked":"Seeing Red","floor":14}],"player_experience":382131,"relics_obtained":[{"floor":6,"key":"Frozen Egg 2"},{"floor":9,"key":"Nunchaku"},{"floor":14,"key":"Replay:Rubber Ducky"}],"event_choices":[{"damage_healed":0,"gold_gain":0,"cards_transformed":["Strike_R"],"player_choice":"Change","damage_taken":0,"max_hp_gain":0,"max_hp_loss":0,"event_name":"Living Wall","floor":0,"gold_loss":0,"cards_obtained":["Infernal Blade"]},{"cards_removed":["Strike_R"],"damage_healed":0,"gold_gain":0,"player_choice":"Card Removal","damage_taken":0,"max_hp_gain":0,"max_hp_loss":0,"event_name":"The Cleric","floor":3,"gold_loss":50}],"is_beta":false,"boss_relics":[],"items_purged_floors":[],"is_endless":false,"potions_floor_spawned":[6,7,11,14],"killed_by":"Fading Forest","ascension_level":3}}