{"host":"axbb6sj12fvt0d3b","time":1608516148,"event":{"mods":["AchievementEnabler","Bard","BaseMod","Better Altar","Better Match","Better Note","Better Sensory Stone","Better Skull","Better Third Choice","BetterRewards","Colored Map","Conspire","Downfall","Hermit","Highlight Path","Hubris","Infinite Spire","Mimic Mod","Minty Spire (QoL Compilation)","Replay The Spire","Shop Mod","Spicy Shops","StSLib","The Cursed","The Jungle","The Runesmith","The Sage"],"gold_per_floor":[111,111,121,121,71,71,84,84,109,109,178,123,219,243,243,243,243],"floor_reached":16,"playtime":1157,"items_purged":[],"score":88,"play_id":"e49617db-e005-4fe6-898a-2d7d36778ee5","local_time":"20201220200228","is_ascension_mode":false,"campfire_choices":[{"floor":6,"key":"REST"},{"data":"bard:Riposte","floor":8,"key":"SMITH"},{"data":"bard:PowerWordStun","floor":10,"key":"SMITH"}],"circlet_count":0,"master_deck":["bard:Strike","bard:Strike","bard:Strike","bard:Defend","bard:Defend","bard:Defend","bard:Defend","bard:Riposte+1","bard:Inspire","bard:QuickSong+1","bard:HarmoniousVoice","bard:PowerWordStun+1","conspire:SpireCoStock+1","bard:LingeringEcho","bard:Heroism","bard:Heroism","bard:FaerieFire","bard:HideousLaughter","bard:Blink"],"relics":["bard:PitchPipe","bard:BagPipes","Replay:Baseball","War Paint","Iron Hammer","Ancient Tea Set"],"acts_visited":["Exordium"],"potions_floor_usage":[16],"damage_taken":[{"damage":0,"enemies":"2 Louse","floor":1,"turns":5},{"damage":6,"enemies":"Jaw Worm","floor":3,"turns":6},{"damage":4,"enemies":"Small Slimes","floor":7,"turns":7},{"damage":2,"enemies":"Exordium Wildlife","floor":14,"turns":7},{"damage":9,"enemies":"The Guardian","floor":16,"turns":3}],"seed_played":"1870387978604816288","potions_obtained":[{"floor":3,"key":"DuplicationPotion"},{"floor":15,"key":"infinitespire:BlackPotion"},{"floor":15,"key":"Doom Potion"}],"is_trial":false,"path_per_floor":["M","?","M","?","?","R","M","R","T","R","T","$","?","M","R_BF","B"],"character_chosen":"BARD","items_purchased":["bard:Heroism"],"campfire_rested":1,"item_purchase_floors":[12],"current_hp_per_floor":[77,74,68,68,68,77,73,73,73,73,73,73,54,52,52,43,43],"gold":243,"neow_bonus":"TEN_PERCENT_HP_BONUS","is_daily":false,"chose_seed":false,"campfire_upgraded":2,"win_rate":0.0,"timestamp":1608516148,"path_taken":["M","?","M","?","?","R","?","R","T","R","?","$","?","M","R_BF","BOSS"],"items_purchased_type":["Card"],"build_version":"2020-12-13","purchased_purges":0,"victory":false,"max_hp_per_floor":[77,77,77,77,77,77,77,77,77,77,77,77,77,77,77,77,77],"card_choices":[{"not_picked":["bard:Sift","bard:TinyHut"],"picked":"bard:QuickSong","floor":1},{"not_picked":["bard:Parry","bard:LingeringEcho"],"picked":"bard:HarmoniousVoice","floor":3},{"not_picked":["bard:Silence","bard:Fermata"],"picked":"bard:LingeringEcho","floor":7},{"not_picked":["bard:BucklerBash","bard:TinyHut"],"picked":"bard:FaerieFire","floor":13},{"not_picked":["bard:FeastOnFear","bard:LingeringEcho"],"picked":"bard:HideousLaughter","floor":13},{"not_picked":["bard:PhantasmalForce","bard:LingeringEcho"],"picked":"bard:Blink","floor":14}],"player_experience":95684,"relics_obtained":[{"floor":9,"key":"War Paint"},{"floor":11,"key":"Iron Hammer"},{"floor":13,"key":"Ancient Tea Set"}],"event_choices":[{"damage_healed":0,"gold_gain":0,"player_choice":"Relic ","damage_taken":3,"max_hp_gain":0,"max_hp_loss":0,"event_name":"betterThird:BetterScrap","floor":2,"gold_loss":0,"cards_obtained":["hubris:DoWhile"]},{"damage_healed":0,"gold_gain":0,"cards_transformed":["bard:Strike"],"player_choice":"Change","damage_taken":0,"max_hp_gain":0,"max_hp_loss":0,"event_name":"Living Wall","floor":4,"gold_loss":0,"cards_obtained":["bard:PowerWordStun"]},{"damage_healed":0,"gold_gain":0,"player_choice":"Invest 1","damage_taken":0,"max_hp_gain":0,"max_hp_loss":0,"event_name":"conspire:Investor","floor":5,"gold_loss":0}],"is_beta":false,"boss_relics":[],"items_purged_floors":[],"is_endless":false,"potions_floor_spawned":[3],"killed_by":"The Guardian","ascension_level":0}}