{"host":"373g0ui1bgeshz9m","time":1608520909,"event":{"mods":["Act Like it!","Aspiration","BaseMod","Beaked The Cultist","Better Third Choice","Colored Map","Conspire","Downfall","Halation","Hermit","Hubris","Infinite Spire","Jorbs\u0027s Wanderer Trilogy","Minty Spire (QoL Compilation)","Pale of the Ancients","Permanent Neow","Quick Restart","Replay The Spire","Shade Mod","Shop Mod","Spikes Relics","StSLib","The Animator","The Bladedancer","The Bug Knight","The Construct","The Cursed","The Factory","The Florist","The Judge","The Jungle","The Necromancer","The Sage","The Wild Card","Trackpad","vexMod"],"gold_per_floor":[99,128,128,128,160,160,185,196,121,151,162,14,14,33,53,153,153,78,93,107,107,17,137,137,137,148,180,180,180,203,220,237,335,335,260,275,275,290,318,328,328,328,362,362,362,362,376,393,419,431],"floor_reached":51,"playtime":7640,"items_purged":[],"score":847,"play_id":"67a836ab-4fc0-4a49-bef9-6f3f5b67b576","local_time":"20201220222149","is_ascension_mode":true,"campfire_choices":[{"floor":1.0,"key":"DIG"},{"floor":3.0,"key":"RECALL"},{"data":"Slimebound:LeadByExample","floor":9.0,"key":"SMITH"},{"data":"Slimebound:WasteNot","floor":18.0,"key":"SMITH"},{"data":"Slimebound:Nibble","floor":21.0,"key":"SMITH"},{"data":"hubris:Fate","floor":35.0,"key":"SMITH"},{"data":"Slimebound:OneTwoCombo","floor":44.0,"key":"SMITH"}],"circlet_count":0,"master_deck":["Slimebound:Strike_Slimebound+1","Slimebound:Strike_Slimebound+1","Slimebound:Strike_Slimebound+1","Slimebound:Tackle+1","Slimebound:Defend_Slimebound+1","Slimebound:Defend_Slimebound+1","Slimebound:Defend_Slimebound+1","Slimebound:Defend_Slimebound+1","Slimebound:Split+1","Slimebound:CorrosiveSpit+1","Slimebound:LeadByExample+1","Slimebound:SamplingLick","Slimebound:SplitMire+1","Slimebound:SpikyOuterGoop+1","Slimebound:RejuvenatingLick","Slimebound:GoopSpray","Slimebound:Nibble+1","Slimebound:WasteNot+1","Slimebound:SamplingLick","Slimebound:SamplingLick","Slimebound:ViciousTackle+1","hubris:Fate+1","Slimebound:LevelUp+1","Slimebound:RollThrough+1","Slimebound:OneTwoCombo+1","Slimebound:Gluttony+1"],"relics":["Slimebound:AbsorbEndCombat","downfall:HeartsMalice","CrustySpines","hubris:Metronome","hubris:Towel","Bag of Marbles","Pen Nib","downfall:HeartBlessingRed","PreservedInsect","Kunai","downfall:HeartBlessingGreen","theJungle:ParSnip","aspiration:FrozenJewel","Oddly Smooth Stone","halation:EternalFortune","beaked:SacredDeck","downfall:HeartBlessingBlue","halation:PinkSoulGem","Replay:PocketPolymizer","RoseTintedShades","infinitespire:Midas Blood","sagemod:Singing_Vial"],"acts_visited":["Exordium","Exordium","TheBeyond"],"potions_floor_usage":[50],"damage_taken":[{"damage":0.0,"enemies":"Gremlin Nob","floor":2.0,"turns":1.0},{"damage":0.0,"enemies":"3 Sentries","floor":5.0,"turns":1.0},{"damage":0.0,"enemies":"Jaw Worm","floor":6.0,"turns":1.0},{"damage":11.0,"enemies":"Small Slimes","floor":8.0,"turns":4.0},{"damage":40.0,"enemies":"Lagavulin","floor":10.0,"turns":6.0},{"damage":5.0,"enemies":"Cultist","floor":11.0,"turns":3.0},{"damage":6.0,"enemies":"downfall:FleeingMerchant","floor":12.0,"turns":4.0},{"damage":21.0,"enemies":"2 Fungi Beasts","floor":14.0,"turns":3.0},{"damage":5.0,"enemies":"Gremlin Gang","floor":15.0,"turns":4.0},{"damage":47.0,"enemies":"downfall:Ironclad","floor":16.0,"turns":7.0},{"damage":43.0,"enemies":"theJungle:Flameango_and_Byrd","floor":19.0,"turns":5.0},{"damage":25.0,"enemies":"theJungle:5_Spyders","floor":20.0,"turns":7.0},{"damage":37.0,"enemies":"theJungle:2_Flameangoes","floor":26.0,"turns":6.0},{"damage":15.0,"enemies":"theJungle:Cassacara","floor":27.0,"turns":4.0},{"damage":12.0,"enemies":"theJungle:SlimyTreeVines","floor":31.0,"turns":4.0},{"damage":22.0,"enemies":"theJungle:JungleHuntersEncounter","floor":32.0,"turns":4.0},{"damage":19.0,"enemies":"downfall:Watcher","floor":33.0,"turns":8.0},{"damage":8.0,"enemies":"3 Shapes","floor":36.0,"turns":3.0},{"damage":34.0,"enemies":"3 Darklings","floor":38.0,"turns":5.0},{"damage":0.0,"enemies":"beaked:SuperParasite","floor":39.0,"turns":1.0},{"damage":27.0,"enemies":"4 Shapes","floor":40.0,"turns":5.0},{"damage":3.0,"enemies":"R_Hoarder","floor":43.0,"turns":5.0},{"damage":0.0,"enemies":"Transient","floor":47.0,"turns":5.0},{"damage":12.0,"enemies":"Spire Growth","floor":48.0,"turns":3.0},{"damage":33.0,"enemies":"4 Shapes","floor":49.0,"turns":5.0},{"damage":23,"enemies":"downfall:Silent","floor":50,"turns":11}],"seed_played":"-911030950485992092","potions_obtained":[{"floor":8.0,"key":"Flashbang"},{"floor":11.0,"key":"Languid Potion"},{"floor":14.0,"key":"Explosive Potion"}],"is_trial":false,"path_per_floor":["R_BF","E","R","?","E","M","T","M","R","E","M","$","?","M","M","B",null,"R","M","M","R","?","?","T","?","M","E","?","?","T","M","M","B",null,"R","M","?","M","E","M","T","?","E","R","?","T","M","M","M","B",null],"character_chosen":"SLIMEBOUND","items_purchased":["Slimebound:RejuvenatingLick","Slimebound:GoopSpray"],"campfire_rested":0,"item_purchase_floors":[12,12],"current_hp_per_floor":[60,60,60,60,60,60,60,60,60,43,54,60,60,51,60,59,60,60,49,60,60,60,51,51,51,52,60,63,63,63,63,60,59,63,73,73,73,69,69,73,73,73,73,73,73,73,73,73,73,73],"gold":431,"neow_bonus":"THREE_ENEMY_KILL","is_daily":false,"chose_seed":false,"campfire_upgraded":5,"win_rate":0.0,"timestamp":1608520909,"path_taken":["R_BF","E","R","?","E","M","T","M","R","E","M","$","?","M","M","BOSS","R","M","M","R","?","?","T","?","?","E","?","?","?","M","M","BOSS","R","M","?","M","E","M","T","?","E","R","?","?","M","M","M","BOSS"],"items_purchased_type":["Card","Card"],"build_version":"2020-12-13","purchased_purges":0,"victory":true,"max_hp_per_floor":[60,60,60,60,60,60,60,60,60,60,60,60,60,60,60,60,60,60,60,60,60,60,60,60,60,60,60,63,63,63,63,63,63,63,73,73,73,73,73,73,73,73,73,73,73,73,73,73,73,73],"card_choices":[{"not_picked":["Slimebound:ForwardTackle","Slimebound:SlimeBrawl"],"picked":"Slimebound:LeadByExample","floor":2.0},{"not_picked":["Slimebound:ViciousTackle","Slimebound:SplitAcid"],"picked":"Slimebound:SamplingLick","floor":5.0},{"not_picked":["Slimebound:SlimeBrawl","Slimebound:GrowthPunch","Slimebound:LeadByExample"],"picked":"SKIP","floor":6.0},{"not_picked":["Slimebound:GoopSpray","Slimebound:Grow"],"picked":"Slimebound:SplitMire","floor":8.0},{"not_picked":["Slimebound:SlimeSpikes","Slimebound:SamplingLick"],"picked":"Slimebound:SpikyOuterGoop","floor":10.0},{"not_picked":["Slimebound:SplitBruiser","Slimebound:PressTheAttack","Slimebound:FlameTackle"],"picked":"SKIP","floor":11.0},{"not_picked":["Slimebound:SplitBruiser","Slimebound:PressTheAttack","Slimebound:FlameTackle"],"picked":"SKIP","floor":11.0},{"not_picked":["Slimebound:SlimeBarrage","Slimebound:SlimeTap","Slimebound:TongueLash"],"picked":"SKIP","floor":12.0},{"not_picked":["Slimebound:PressTheAttack","Slimebound:SplitLeeching","Slimebound:DuplicatedForm"],"picked":"SKIP","floor":14.0},{"not_picked":["Slimebound:ViciousTackle","Slimebound:SplitAcid"],"picked":"Slimebound:Nibble","floor":15.0},{"not_picked":["Slimebound:Teamwork","Slimebound:DouseInSlime"],"picked":"Slimebound:WasteNot","floor":16.0},{"not_picked":["Slimebound:ComboTackle","Slimebound:SplitMire","Slimebound:Dissolve"],"picked":"SKIP","floor":19.0},{"not_picked":["Slimebound:PressTheAttack","Slimebound:FinishingTackle"],"picked":"Slimebound:SamplingLick","floor":20.0},{"not_picked":["Slimebound:Teamwork","Slimebound:SlimeBrawl"],"picked":"Slimebound:SamplingLick","floor":26.0},{"not_picked":["Slimebound:GrowthPunch","Slimebound:BestDefense+1","Slimebound:ComboTackle+1"],"picked":"SKIP","floor":27.0},{"not_picked":["Slimebound:FinishingTackle","Slimebound:LeechingTouch"],"picked":"Slimebound:ViciousTackle+1","floor":31.0},{"not_picked":["Slimebound:LeechingTouch","Slimebound:FinishingTackle+1","Slimebound:SelfFormingGoo"],"picked":"SKIP","floor":32.0},{"not_picked":["Slimebound:ProtectTheBoss","Slimebound:SlimeBarrage+1"],"picked":"Slimebound:LevelUp+1","floor":36.0},{"not_picked":["Slimebound:LivingWall","Slimebound:LeechEnergy"],"picked":"Slimebound:RollThrough+1","floor":38.0},{"not_picked":["Slimebound:PressTheAttack+1","Slimebound:LeechEnergy+1","Slimebound:BestDefense"],"picked":"SKIP","floor":39.0},{"not_picked":["Slimebound:WasteNot","Slimebound:SplitMire+1","Slimebound:SplitLeeching+1"],"picked":"SKIP","floor":40.0},{"not_picked":["Slimebound:FinishingTackle+1","Slimebound:LeechingTouch"],"picked":"Slimebound:OneTwoCombo","floor":43.0},{"not_picked":["Slimebound:SlimeSpikes","Slimebound:Prepare+1","Slimebound:ForwardTackle+1"],"picked":"Singing Bowl","floor":47.0},{"not_picked":["Slimebound:Grow","Slimebound:Repurpose+1","Slimebound:Replication"],"picked":"Singing Bowl","floor":48.0},{"not_picked":["Slimebound:Prepare","Slimebound:TongueLash"],"picked":"Slimebound:Gluttony+1","floor":49.0}],"player_experience":133933,"relics_obtained":[{"floor":1.0,"key":"CrustySpines"},{"floor":2.0,"key":"hubris:Metronome"},{"floor":5.0,"key":"Bag of Marbles"},{"floor":7.0,"key":"Pen Nib"},{"floor":10.0,"key":"PreservedInsect"},{"floor":13.0,"key":"Kunai"},{"floor":24.0,"key":"aspiration:FrozenJewel"},{"floor":27.0,"key":"Oddly Smooth Stone"},{"floor":39.0,"key":"Replay:PocketPolymizer"},{"floor":41.0,"key":"RoseTintedShades"},{"floor":43.0,"key":"infinitespire:Midas Blood"},{"floor":46.0,"key":"sagemod:Singing_Vial"}],"event_choices":[{"damage_healed":0.0,"max_hp_gain":0.0,"max_hp_loss":0.0,"gold_gain":0.0,"event_name":"Wheel of Change","player_choice":"Relic","floor":13.0,"gold_loss":0.0,"damage_taken":0.0},{"damage_healed":0.0,"max_hp_gain":0.0,"max_hp_loss":0.0,"gold_gain":0.0,"event_name":"Upgrade Shrine","player_choice":"Upgraded","floor":25.0,"gold_loss":0.0,"damage_taken":0.0,"cards_upgraded":["Slimebound:SpikyOuterGoop"]}],"is_beta":false,"boss_relics":[{"not_picked":["vexMod:FluxCapacitor","halation:MonkeysPaw","Runic Dome"]},{"not_picked":["hubris:ScarierMask","hubris:Stopwatch"],"picked":"beaked:SacredDeck"}],"items_purged_floors":[],"is_endless":false,"potions_floor_spawned":[8,11,14,15,19,26,27,33,38,39,43,49],"ascension_level":2}}