{"host":"k5dhp0bkccqfauyu","time":1608520239,"event":{"mods":["BaseMod","Better Note","Better Skull","Better Vampires","Colored Map","Colored Powertips","DeckTracker","Minty Spire (QoL Compilation)","Permanent Neow","StSLib","SuperFastMode"],"gold_per_floor":[110,120,136,101,101,101,132,143,143,143,32,32,50,73,73,147,147,122,132,302,18,34,34,34],"floor_reached":23,"playtime":1259,"items_purged":["Regret"],"score":382,"play_id":"fa293c6c-7caf-4aaa-a817-c6c0609150bf","local_time":"20201221141039","is_ascension_mode":true,"campfire_choices":[{"data":"All Out Attack","floor":6,"key":"SMITH"},{"floor":10,"key":"REST"},{"floor":12,"key":"REST"},{"data":"Bouncing Flask","floor":15,"key":"SMITH"}],"circlet_count":0,"master_deck":["AscendersBane","Strike_G","Strike_G","Strike_G","Strike_G","Strike_G","Defend_G","Defend_G","Defend_G","Defend_G","Defend_G","Survivor","Neutralize","CurseOfTheBell","Poisoned Stab","All Out Attack+1","Bouncing Flask+1","Doppelganger","Quick Slash","Dash","Footwork","Backflip","PiercingWail","Acrobatics","Wraith Form v2","Bouncing Flask","Leg Sweep"],"relics":["Calling Bell","Dream Catcher","Gremlin Horn","Gambling Chip","Tiny Chest","Ornamental Fan","Blood Vial","Odd Mushroom","Snecko Eye","Strawberry","Meat on the Bone"],"acts_visited":["Exordium","TheCity"],"potions_floor_usage":[16,16,22],"damage_taken":[{"damage":23,"enemies":"Jaw Worm","floor":1,"turns":7},{"damage":7,"enemies":"Small Slimes","floor":2,"turns":3},{"damage":0,"enemies":"2 Louse","floor":3,"turns":2},{"damage":36,"enemies":"Gremlin Nob","floor":7,"turns":4},{"damage":0,"enemies":"2 Fungi Beasts","floor":8,"turns":3},{"damage":0,"enemies":"Gremlin Gang","floor":13,"turns":1},{"damage":0,"enemies":"The Mushroom Lair","floor":14,"turns":4},{"damage":14,"enemies":"Hexaghost","floor":16,"turns":8},{"damage":0,"enemies":"2 Thieves","floor":18,"turns":4},{"damage":5,"enemies":"3 Byrds","floor":19,"turns":5},{"damage":0,"enemies":"Shelled Parasite and Fungi","floor":22,"turns":5},{"damage":92,"enemies":"Slavers","floor":23,"turns":10}],"seed_played":"3800027196870068405","potions_obtained":[{"floor":7,"key":"Poison Potion"},{"floor":13,"key":"LiquidMemories"},{"floor":16,"key":"AttackPotion"},{"floor":22,"key":"FairyPotion"}],"is_trial":false,"path_per_floor":["M","M","M","?","?","R","E","M","T","R","$","R","M","?","R","B",null,"M","M","?","$","M","E"],"character_chosen":"THE_SILENT","items_purchased":["Footwork","Meat on the Bone"],"campfire_rested":2,"item_purchase_floors":[11,21],"current_hp_per_floor":[36,29,29,45,45,45,9,9,9,28,28,47,49,51,51,39,59,61,58,34,34,48,0,0],"gold":34,"neow_bonus":"BOSS_RELIC","is_daily":false,"chose_seed":false,"campfire_upgraded":2,"win_rate":0.0,"timestamp":1608520239,"path_taken":["M","M","M","?","?","R","E","M","T","R","$","R","M","?","R","BOSS","M","M","?","$","M","E"],"items_purchased_type":["Card","Relic"],"build_version":"2020-12-13","purchased_purges":1,"victory":false,"max_hp_per_floor":[66,66,66,66,66,66,66,66,66,66,66,66,66,66,66,66,66,66,66,73,73,73,73,73],"card_choices":[{"not_picked":["Slice","Flechettes"],"picked":"Poisoned Stab","floor":1},{"not_picked":["Quick Slash","Deadly Poison"],"picked":"All Out Attack","floor":2},{"not_picked":["Sucker Punch","Quick Slash"],"picked":"Bouncing Flask","floor":3},{"not_picked":["Sucker Punch","Slice"],"picked":"Doppelganger","floor":7},{"not_picked":["Blur","Deadly Poison"],"picked":"Quick Slash","floor":8},{"not_picked":["Poisoned Stab","Setup"],"picked":"Dash","floor":10},{"not_picked":["Deflect","Flying Knee"],"picked":"Backflip","floor":12},{"not_picked":["Cloak And Dagger","Poisoned Stab"],"picked":"PiercingWail","floor":13},{"not_picked":["Cloak And Dagger","Poisoned Stab"],"picked":"Acrobatics","floor":14},{"not_picked":["Tools of the Trade","Envenom"],"picked":"Wraith Form v2","floor":16},{"not_picked":["Underhanded Strike","Flying Knee"],"picked":"Bouncing Flask","floor":18},{"not_picked":["Dagger Spray+1","Predator"],"picked":"Leg Sweep","floor":19},{"not_picked":["Blade Dance","Reflex","All Out Attack"],"picked":"SKIP","floor":22}],"player_experience":1804727,"relics_obtained":[{"floor":0,"key":"Dream Catcher"},{"floor":0,"key":"Gremlin Horn"},{"floor":0,"key":"Gambling Chip"},{"floor":7,"key":"Ornamental Fan"},{"floor":9,"key":"Blood Vial"},{"floor":14,"key":"Odd Mushroom"}],"event_choices":[{"damage_healed":16,"gold_gain":0,"player_choice":"Healed","damage_taken":0,"max_hp_gain":0,"max_hp_loss":0,"event_name":"The Cleric","floor":4,"gold_loss":35},{"damage_healed":0,"gold_gain":0,"player_choice":"Box","damage_taken":0,"relics_obtained":["Tiny Chest"],"max_hp_gain":0,"max_hp_loss":0,"event_name":"Big Fish","floor":5,"gold_loss":0,"cards_obtained":["Regret"]},{"damage_healed":0,"gold_gain":0,"player_choice":"Fought Mushrooms","damage_taken":0,"max_hp_gain":0,"max_hp_loss":0,"event_name":"Mushrooms","floor":14,"gold_loss":0},{"damage_healed":0,"gold_gain":170,"player_choice":"GO GO RE ","damage_taken":35,"relics_obtained":["Strawberry"],"max_hp_gain":0,"max_hp_loss":0,"event_name":"betterSkull:BetterSkull","floor":20,"gold_loss":0,"cards_upgraded":[]}],"is_beta":false,"boss_relics":[{"not_picked":["WristBlade","Coffee Dripper"],"picked":"Snecko Eye"}],"items_purged_floors":[11],"is_endless":false,"potions_floor_spawned":[7,13,16,22],"killed_by":"Slavers","ascension_level":20}}