{"host":"s2jwg59yskzk2eda","time":1608579336,"event":{"mods":["Act Like it!","Bard","BaseMod","Beaked The Cultist","Better Match","Better Note","Better Sensory Stone","CCEM","Colored Powertips","Conspire","Downfall","Fiend Mod","Halation","Infinite Spire","Menagerie","Minty Spire (QoL Compilation)","Replay The Spire","Spicy Shops","StSLib","The Construct","The Disciple","The Druid","The Factory","The Jungle","The Runesmith"],"gold_per_floor":[99,99,125,125,145,145,145,145],"floor_reached":6,"playtime":319,"items_purged":[],"score":42,"play_id":"bd805a29-3d28-4541-8cd5-5f4ef97fe394","local_time":"20201221203536","is_ascension_mode":false,"campfire_choices":[{"data":"champ:Strike","floor":1,"key":"PURGE"},{"data":"champ:BerserkerStyle","floor":4,"key":"SMITH"}],"circlet_count":0,"master_deck":["champ:Strike","champ:Strike","champ:Strike","champ:Defend","champ:Defend","champ:Defend","champ:Defend","champ:Execute","champ:Taunt","champ:BerserkersShout","champ:BerserkerStyle+1","champ:AdrenalArmor"],"relics":["champ:ChampionCrown","Gremlin Food"],"acts_visited":["Exordium"],"potions_floor_usage":[3],"damage_taken":[{"damage":77,"enemies":"Gremlin Nob","floor":3,"turns":6},{"damage":29,"enemies":"Jaw Worm","floor":5,"turns":6},{"damage":54,"enemies":"3 Sentries","floor":6,"turns":6}],"seed_played":"-5857747266956541789","potions_obtained":[{"floor":2,"key":"EntropicBrew"},{"floor":2,"key":"PowerPotion"},{"floor":2,"key":"DistilledChaos"},{"floor":5,"key":"FearPotion"}],"is_trial":false,"path_per_floor":["R","?","E","R","M","E"],"character_chosen":"THE_CHAMP","items_purchased":[],"campfire_rested":0,"item_purchase_floors":[],"current_hp_per_floor":[90,90,32,32,29,0,0,0],"gold":145,"neow_bonus":"THREE_CARDS","is_daily":false,"chose_seed":false,"campfire_upgraded":1,"win_rate":0.0,"timestamp":1608579336,"path_taken":["R","?","E","R","?","E"],"items_purchased_type":[],"build_version":"2020-12-13","purchased_purges":0,"victory":false,"max_hp_per_floor":[90,90,90,90,90,90,90,90],"card_choices":[{"not_picked":["champ:Backstep","champ:Riposte"],"picked":"champ:BerserkersShout","floor":0},{"not_picked":["champ:BringItOn","champ:FaceSlap"],"picked":"champ:BerserkerStyle","floor":3},{"not_picked":["champ:FanOfKnives","champ:DefensiveShout"],"picked":"champ:AdrenalArmor","floor":5}],"player_experience":1121478,"relics_obtained":[{"floor":3,"key":"Gremlin Food"}],"event_choices":[{"damage_healed":0,"gold_gain":0,"player_choice":"Got Potions","damage_taken":0,"max_hp_gain":0,"max_hp_loss":0,"event_name":"Lab","floor":2,"gold_loss":0}],"is_beta":false,"boss_relics":[],"items_purged_floors":[],"is_endless":false,"potions_floor_spawned":[5],"killed_by":"3 Sentries","ascension_level":0}}