{"host":"h7xtspmc2x3i8s2i","time":1608516499,"event":{"mods":["2.2 Compatiblity","AchievementEnabler","Act Like it!","AlwaysNeverKeys","Aspiration","Astrologer","BaseMod","Beaked The Cultist","Better Match","Better Sensory Stone","Better Third Choice","Better Vampires","BetterRewards","Challenge The Spire","Colored Map","Colored Powertips","Colorless Booster Pack","Curses Come First","Defuse TimeMaze Blight","Dio Mod","Downfall","Duelist Mod","EXCEPTION","Energized Spire","Friendly Minions","GifTheSpireLib","Gold Saver","Gremlin Skip","Halation","Hubris","Jedi Mod","Key Reminder","Marked Mod","Minty Spire (QoL Compilation)","Pale of the Ancients","Permanent Neow","Random Character Button","Random Character Mod","Rare Cards Sparkle","Relic Filter","Relic Stats","Replay The Spire","SacredBarkPlus","Shop Mod","Somnambulant","Spicy Shops","Spikes Relics","Spire Birthday Party","StSLib","Steal the Spire","Stuff the Spire","SuperFastMode","The Awakened One except there are too many feathers","The Blue Laboratory","The Cursed","The Death Knight","The Dragon Tamer","The Edgeheg","The Hierophant","The Problem Sleuth","The Wild Card","Transform Curses","Unceasing Turn Reminder","everything is the same but u backflip on backflip","slay the spire mod where everything is the same but ironclad has a cowboy hat","vexMod"],"gold_per_floor":[450,450,461,474,493,527,527,377,152,179,194,212,41,54,72,173,173,173,173,173,191,209,209,209,209,209,209,359,372,387,85,104,206,206,206,57,32,32,49,96,123,123,135,162,175,175,57,57,72,72,72,101,64,64,64],"floor_reached":56,"playtime":1956,"items_purged":["Guardian:Strike_Guardian","Guardian:Strike_Guardian","Guardian:Strike_Guardian"],"score":1387,"play_id":"586f0041-c198-4ed3-bc09-20a1a848b8fc","local_time":"20201220210819","is_ascension_mode":false,"campfire_choices":[{"floor":1,"key":"RECALL"},{"data":"Guardian:PrimingBeam","floor":9,"key":"SMITH"},{"data":"Guardian:BaubleBeam","floor":18,"key":"SMITH"},{"data":"Guardian:PrimingBeam","floor":20,"key":"SMITH"},{"data":"Guardian:PrismaticBeam","floor":23,"key":"SMITH"},{"data":"Guardian:PrimingBeam","floor":25,"key":"SMITH"},{"data":"Guardian:CurlUp","floor":27,"key":"SMITH"},{"data":"Guardian:PrimingBeam","floor":38,"key":"SMITH"},{"data":"Guardian:BronzeOrb","floor":54,"key":"SMITH"}],"circlet_count":0,"master_deck":["Guardian:Strike_Guardian","Guardian:Defend_Guardian","Guardian:Defend_Guardian","Guardian:Defend_Guardian","Guardian:Defend_Guardian","Guardian:CurlUp+1","Guardian:TwinSlam","Guardian:PrimingBeam+1","Guardian:RefractedBeam+1","Guardian:DonusPower","Guardian:BaubleBeam+1","Guardian:BaubleBeam+1","Guardian:PrimingBeam+1","Guardian:BronzeArmor","Guardian:PrismaticBeam+1","expansioncontent:Corrupt","Guardian:PrimingBeam+1","Guardian:PrimingBeam+1","Guardian:BronzeOrb+1","theDuelist:OrbMetronome+1","Replay:SS_hec_2","Trip+1","Guardian:RefractedBeam","Guardian:BaubleBeam","Guardian:CrystalBeam","Guardian:PrimingBeam","Guardian:PrimingBeam+1","Guardian:PolyBeam","Guardian:PolyBeam","Guardian:MultiBeam","Guardian:MultiBeam+1","Guardian:PrimingBeam","Guardian:PrimingBeam"],"relics":["Guardian:ModeShifter","Bag of Marbles","downfall:HeartBlessingRed","downfall:HeartBlessingGreen","downfall:HeartBlessingBlue","Meat on the Bone","vexMod:PaidLearning","aspiration:PoetsPen","Toxic Egg 2","ReplayTheSpireMod:ShopPack","StoneCalendar","StuffTheSpire:Gunfinga","LugNut","theSleuth:Tectrixcalibur","StuffTheSpire:OldFever"],"acts_visited":["Exordium","TheCity","TheBeyond","TheEnding"],"potions_floor_usage":[6,12,13,30,33,33,39,40,44],"damage_taken":[{"damage":3,"enemies":"Jaw Worm","floor":3,"turns":4},{"damage":0,"enemies":"Cultist","floor":4,"turns":4},{"damage":0,"enemies":"Small Slimes","floor":5,"turns":2},{"damage":16,"enemies":"3 Sentries","floor":6,"turns":10},{"damage":18,"enemies":"Lagavulin","floor":10,"turns":5},{"damage":0,"enemies":"Exordium Thugs","floor":11,"turns":4},{"damage":0,"enemies":"Red Slaver","floor":12,"turns":3},{"damage":0,"enemies":"downfall:FleeingMerchant","floor":13,"turns":2},{"damage":0,"enemies":"Large Slime","floor":14,"turns":3},{"damage":0,"enemies":"2 Fungi Beasts","floor":15,"turns":3},{"damage":10,"enemies":"downfall:Watcher","floor":16,"turns":8},{"damage":0,"enemies":"Chosen","floor":21,"turns":1},{"damage":3,"enemies":"Spheric Guardian","floor":22,"turns":3},{"damage":0,"enemies":"Snake Plant","floor":29,"turns":2},{"damage":0,"enemies":"Centurion and Healer","floor":30,"turns":2},{"damage":0,"enemies":"3 Cultists","floor":32,"turns":2},{"damage":0,"enemies":"downfall:Defect","floor":33,"turns":3},{"damage":9,"enemies":"3 Darklings","floor":39,"turns":3},{"damage":16,"enemies":"2 Orb Walkers","floor":40,"turns":3},{"damage":5,"enemies":"3 Shapes","floor":43,"turns":2},{"damage":18,"enemies":"Nemesis","floor":44,"turns":3},{"damage":0,"enemies":"Transient","floor":45,"turns":5},{"damage":13,"enemies":"Writhing Mass","floor":49,"turns":2},{"damage":0,"enemies":"downfall:Ironclad","floor":50,"turns":3},{"damage":0,"enemies":"downfall:CharBossMerchant","floor":52,"turns":3},{"damage":6,"enemies":"downfall:NeowBoss","floor":55,"turns":13}],"seed_played":"-6208217490960563882","potions_obtained":[{"floor":3,"key":"jedi:StrikingPotion"},{"floor":6,"key":"DeathKnight:RimePotion"},{"floor":10,"key":"blueLaboratory:AbyssPotion"},{"floor":12,"key":"jedi:StrikingPotion"},{"floor":15,"key":"Doom Potion"},{"floor":21,"key":"blueLaboratory:HummingbirdPotion"},{"floor":30,"key":"blueLaboratory:RecallPotion"},{"floor":32,"key":"LifebloodPotion"},{"floor":33,"key":"ColorlessPotion"},{"floor":39,"key":"EssenceOfSteel"},{"floor":43,"key":"blueLaboratory:BottledHope"},{"floor":49,"key":"blueLaboratory:AbyssPotion"}],"is_trial":false,"path_per_floor":["R","?","M","M","M","E","T","?","R","E","M","M","$","M","M","B",null,"R","?","R","M","M","R","T","R","?","R","?","M","M","$","M","B",null,"R_BF","$","?","R","M","?","T","$","M","E","M","?","$","?","M","B",null,"E","$","R","B",null],"character_chosen":"GUARDIAN","items_purchased":["Guardian:PrismaticBeam","vexMod:PaidLearning","expansioncontent:Corrupt","Guardian:BronzeOrb","ReplayTheSpireMod:ShopPack","Guardian:CrystalBeam","Guardian:PolyBeam","Guardian:MultiBeam","Guardian:PrimingBeam"],"campfire_rested":0,"item_purchase_floors":[13,13,13,31,31,36,47,47,53],"current_hp_per_floor":[80,80,77,77,77,61,61,90,100,82,82,82,82,82,82,80,100,100,100,100,100,97,97,97,97,97,97,97,97,97,97,97,97,100,100,100,100,100,91,75,75,75,70,52,52,52,52,87,74,74,87,87,87,87,81],"gold":64,"neow_bonus":"RANDOM_COMMON_RELIC","is_daily":false,"chose_seed":false,"campfire_upgraded":8,"win_rate":0.0,"timestamp":1608516499,"path_taken":["R","?","?","M","M","E","T","?","R","E","M","?","$","M","M","BOSS","R","?","R","M","?","R","T","R","?","R","?","M","?","$","M","BOSS","R_BF","$","?","R","M","?","T","$","M","E","?","?","$","?","M","BOSS","E","$","R","BOSS"],"items_purchased_type":["Card","Relic","Card","Card","Relic","Card","Card","Card","Card"],"build_version":"2020-12-13","purchased_purges":3,"victory":true,"max_hp_per_floor":[80,80,80,80,80,80,80,90,100,100,100,100,100,100,100,100,100,100,100,100,100,100,100,100,100,100,100,100,100,100,100,100,100,100,100,100,100,100,100,100,100,100,100,100,100,100,100,87,87,87,87,87,87,87,87],"relic_stats":{"counters":[26,98],"StoneCalendar":[52],"obtain_stats":[{"ShockBauble":6,"downfall:HeartBlessingRed":9,"Guardian:ModeShifter":0,"downfall:HeartBlessingGreen":9,"StoneCalendar":40,"vexMod:PaidLearning":13,"keyreminder:keyreminder":1,"StuffTheSpire:Gunfinga":41,"aspiration:PoetsPen":17,"theSleuth:Tectrixcalibur":46,"downfall:HeartBlessingBlue":9,"Bag of Marbles":0,"Toxic Egg 2":24,"LugNut":44,"StuffTheSpire:OldFever":52,"Meat on the Bone":10,"ReplayTheSpireMod:ShopPack":31},{"ShockBauble":4,"downfall:HeartBlessingRed":4,"Guardian:ModeShifter":0,"downfall:HeartBlessingGreen":4,"StoneCalendar":19,"vexMod:PaidLearning":8,"keyreminder:keyreminder":0,"StuffTheSpire:Gunfinga":19,"aspiration:PoetsPen":11,"theSleuth:Tectrixcalibur":22,"downfall:HeartBlessingBlue":4,"Bag of Marbles":0,"Toxic Egg 2":13,"LugNut":21,"StuffTheSpire:OldFever":25,"Meat on the Bone":5,"ReplayTheSpireMod:ShopPack":15},{"ShockBauble":20,"downfall:HeartBlessingRed":20,"Guardian:ModeShifter":0,"downfall:HeartBlessingGreen":20,"StoneCalendar":67,"vexMod:PaidLearning":34,"keyreminder:keyreminder":0,"StuffTheSpire:Gunfinga":67,"aspiration:PoetsPen":48,"theSleuth:Tectrixcalibur":77,"downfall:HeartBlessingBlue":20,"Bag of Marbles":0,"Toxic Egg 2":52,"LugNut":72,"StuffTheSpire:OldFever":85,"Meat on the Bone":25,"ReplayTheSpireMod:ShopPack":56}],"Meat on the Bone":0},"card_choices":[{"not_picked":["Guardian:CrystalBeam","Guardian:FloatingOrbs"],"picked":"Guardian:PrimingBeam","floor":3},{"not_picked":["Guardian:PiercingHide","Guardian:ChargeCore"],"picked":"Guardian:RefractedBeam","floor":4},{"not_picked":["Guardian:FuturePlans","Guardian:ChargeUp"],"picked":"Guardian:DonusPower","floor":5},{"not_picked":["Guardian:Suspension","Guardian:EvasiveProtocol"],"picked":"Guardian:BaubleBeam","floor":6},{"not_picked":["Guardian:ChargeUp","Guardian:Planning"],"picked":"Guardian:BaubleBeam","floor":10},{"not_picked":["Guardian:Reroute","Guardian:FuturePlans"],"picked":"Guardian:PrimingBeam","floor":11},{"not_picked":["Guardian:Gem_Cyan","Guardian:Gem_Lightblue","Guardian:Suspension"],"picked":"SKIP","floor":12},{"not_picked":["Guardian:FastForward","Guardian:PrismaticBeam"],"picked":"Guardian:BronzeArmor","floor":13},{"not_picked":["Guardian:Incinerate","Guardian:Clone","Guardian:TimeBomb"],"picked":"SKIP","floor":14},{"not_picked":["Guardian:TemporalShield","Guardian:Suspension"],"picked":"Guardian:Gem_Purple","floor":15},{"not_picked":["Guardian:TimeSifter","Guardian:ExploitGems"],"picked":"Guardian:Gem_Orange","floor":16},{"not_picked":["Guardian:VentSteam","Guardian:Incinerate+1","Guardian:Emergency"],"picked":"SKIP","floor":21},{"not_picked":["Guardian:Suspension+1","Guardian:PiercingHide+1"],"picked":"Guardian:PrimingBeam","floor":22},{"not_picked":["Guardian:Gem_White","Guardian:GuardianWhirl"],"picked":"Guardian:PrimingBeam","floor":29},{"not_picked":["Guardian:ShieldCharger+1","Guardian:Planning+1"],"picked":"Guardian:Gem_Green","floor":30},{"not_picked":["ReplayTheSpireMod:Necrogeddon","Sadistic Nature"],"picked":"theDuelist:OrbMetronome","floor":31},{"not_picked":["Replay:SS_fish_1","Sharp Hide"],"picked":"Replay:SS_hec_2","floor":31},{"not_picked":["ReplayTheSpireMod:Uncanny Aura","expansioncontent:Hexaburn"],"picked":"Trip","floor":31},{"not_picked":["Guardian:RollAttack","Guardian:PrismaticBarrier+1"],"picked":"Guardian:RefractedBeam","floor":32},{"not_picked":["Guardian:HyperBeam_Guardian","Guardian:CompilePackage+1"],"picked":"Guardian:BaubleBeam","floor":33},{"not_picked":["Guardian:Gem_Green","Guardian:Reroute","Guardian:ChargeCore+1"],"picked":"SKIP","floor":39},{"not_picked":["Guardian:Gem_Lightblue","Guardian:Gem_Red"],"picked":"Guardian:PrimingBeam","floor":40},{"not_picked":["Guardian:ShieldCharger+1","Guardian:Gem_Lightblue"],"picked":"Guardian:PrimingBeam+1","floor":43},{"not_picked":["Guardian:Gem_Fragmented","Guardian:Recover+1","Guardian:CompilePackage+1"],"picked":"SKIP","floor":44},{"not_picked":["Guardian:Gem_Red","Guardian:PrimingBeam+1"],"picked":"Guardian:PolyBeam","floor":45},{"not_picked":["Guardian:Planning+1","Guardian:TemporalStrike+1"],"picked":"Guardian:MultiBeam+1","floor":49},{"not_picked":["Guardian:Gem_Lightblue","Guardian:FloatingOrbs"],"picked":"Guardian:Gem_Purple","floor":52}],"player_experience":550618,"relics_obtained":[{"floor":6,"key":"ShockBauble"},{"floor":10,"key":"Meat on the Bone"},{"floor":24,"key":"Toxic Egg 2"},{"floor":40,"key":"StoneCalendar"},{"floor":41,"key":"StuffTheSpire:Gunfinga"},{"floor":44,"key":"LugNut"},{"floor":52,"key":"StuffTheSpire:OldFever"}],"event_choices":[{"damage_healed":0,"gold_gain":0,"player_choice":"Fight","damage_taken":0,"max_hp_gain":0,"max_hp_loss":0,"event_name":"Mysterious Sphere","floor":40,"gold_loss":0}],"is_beta":false,"boss_relics":[{"not_picked":["energizedSpire:RedRose","energizedSpire:HugeHouse"],"picked":"aspiration:PoetsPen"},{"not_picked":["aspiration:SilentSkillbook","hubris:TerracottaHorce","Replay:Drink Me"]}],"items_purged_floors":[13,31,36],"is_endless":false,"potions_floor_spawned":[3,6,10,12,15,21,30,32,33,39,43,49],"ascension_level":0}}