{"host":"qwttrqaysb380yri","time":1608564779,"event":{"mods":["BaseMod","Custom Start","Minty Spire (QoL Compilation)","Permanent Neow","Puzzle Mod","Relic Stats","StSLib","The Cursed","The Hierophant"],"gold_per_floor":[110,135,155,155,200,200,245,245,268,304,313,366,366,396,396,425,425,465,465,476,456,432,432],"floor_reached":22,"playtime":737,"items_purged":[],"score":368,"play_id":"f6365025-e0bc-45ea-85b1-46bc09d1add3","local_time":"20201221163259","is_ascension_mode":true,"campfire_choices":[{"data":"hierophant:Remorse","floor":6,"key":"SMITH"},{"floor":8,"key":"REST"},{"data":"hierophant:Glossolalia","floor":13,"key":"SMITH"},{"floor":15,"key":"REST"}],"circlet_count":0,"master_deck":["AscendersBane","hierophant:Strike_Hierophant","hierophant:Strike_Hierophant","hierophant:Strike_Hierophant","hierophant:Strike_Hierophant","hierophant:Punish","hierophant:Defend_Hierophant","hierophant:Defend_Hierophant","hierophant:Defend_Hierophant","hierophant:ChurchCoffers","Panacea","hierophant:Doubloon","hierophant:ConvertCurrency","hierophant:FieryStrike","hierophant:SecretStash","hierophant:Doubloon","hierophant:Remorse+1","hierophant:Doubloon","hierophant:Shelter","Parasite","hierophant:Glossolalia+1","hierophant:FlamingChariot","hierophant:Levitation","hierophant:Chorus","hierophant:Doubloon","hierophant:Dazzle"],"relics":["hierophant:PropheticMaskRelic","Toy Ornithopter","CeramicFish","PreservedInsect","Black Star"],"acts_visited":["Exordium","TheCity"],"potions_floor_usage":[7,7,7,18,20,22,22],"damage_taken":[{"damage":11,"enemies":"Cultist","floor":1,"turns":4},{"damage":0,"enemies":"Small Slimes","floor":2,"turns":3},{"damage":2,"enemies":"Jaw Worm","floor":3,"turns":3},{"damage":14,"enemies":"3 Louse","floor":5,"turns":2},{"damage":38,"enemies":"Gremlin Nob","floor":7,"turns":4},{"damage":1,"enemies":"Looter","floor":10,"turns":2},{"damage":25,"enemies":"3 Sentries","floor":12,"turns":8},{"damage":21,"enemies":"Lots of Slimes","floor":14,"turns":3},{"damage":38,"enemies":"Slime Boss","floor":16,"turns":7},{"damage":28,"enemies":"Chosen","floor":18,"turns":6},{"damage":33,"enemies":"3 Byrds","floor":20,"turns":6},{"damage":4,"enemies":"Shelled Parasite and Fungi","floor":22,"turns":2}],"seed_played":"-721504968647921797","potions_obtained":[{"floor":1,"key":"EntropicBrew"},{"floor":2,"key":"Swift Potion"},{"floor":5,"key":"PowerPotion"},{"floor":12,"key":"FairyPotion"},{"floor":16,"key":"PowerPotion"},{"floor":18,"key":"LiquidMemories"},{"floor":20,"key":"SpeedPotion"},{"floor":21,"key":"ColorlessPotion"}],"is_trial":false,"path_per_floor":["M","M","M","?","M","R","E","R","T","M","?","E","R","M","R","B",null,"M","?","M","?","M"],"character_chosen":"HIEROPHANT","items_purchased":[],"campfire_rested":2,"item_purchase_floors":[],"current_hp_per_floor":[57,57,55,55,41,41,3,25,25,24,42,17,17,22,44,6,58,35,35,7,7,13,13],"gold":432,"neow_bonus":"RANDOM_COLORLESS","is_daily":false,"chose_seed":false,"campfire_upgraded":2,"win_rate":0.0,"timestamp":1608564779,"path_taken":["M","M","?","?","M","R","E","R","T","?","?","E","R","M","R","BOSS","M","?","M","?","?"],"items_purchased_type":[],"build_version":"2020-12-13","purchased_purges":0,"victory":false,"max_hp_per_floor":[75,75,75,75,75,75,75,75,75,75,75,75,75,75,75,75,75,75,75,75,75,75,75],"relic_stats":{"counters":[12,50],"CeramicFish":72,"PreservedInsect":0,"Black Star":0,"obtain_stats":[{"hierophant:PropheticMaskRelic":0,"CeramicFish":9,"PreservedInsect":12,"Black Star":17,"Toy Ornithopter":7},{"hierophant:PropheticMaskRelic":0,"CeramicFish":5,"PreservedInsect":7,"Black Star":9,"Toy Ornithopter":5},{"hierophant:PropheticMaskRelic":0,"CeramicFish":16,"PreservedInsect":26,"Black Star":36,"Toy Ornithopter":16}],"Toy Ornithopter":20},"card_choices":[{"not_picked":["Impatience","Jack Of All Trades"],"picked":"Panacea","floor":0},{"not_picked":["hierophant:Blessing","hierophant:OrnateBuckler"],"picked":"hierophant:ConvertCurrency","floor":1},{"not_picked":["hierophant:FaithHealing","hierophant:Dazzle"],"picked":"hierophant:FieryStrike","floor":2},{"not_picked":["hierophant:Shelter","hierophant:Refuge"],"picked":"hierophant:SecretStash","floor":3},{"not_picked":["hierophant:Charity","hierophant:DisplayOfPower"],"picked":"hierophant:Remorse","floor":5},{"not_picked":["hierophant:Racketeering","hierophant:SecretStash"],"picked":"hierophant:Doubloon","floor":7},{"not_picked":["hierophant:Alms","hierophant:FlamingChariot"],"picked":"hierophant:Shelter","floor":10},{"not_picked":["hierophant:MorningPrayer","hierophant:Shelter"],"picked":"hierophant:Glossolalia","floor":12},{"not_picked":["hierophant:Community","hierophant:Rebuild"],"picked":"hierophant:FlamingChariot","floor":14},{"not_picked":["hierophant:Invocation","hierophant:Generosity"],"picked":"hierophant:Levitation","floor":16},{"not_picked":["hierophant:Smite","hierophant:Sermon"],"picked":"hierophant:Chorus","floor":18},{"not_picked":["hierophant:SolarFlare+1","hierophant:RustyCrate"],"picked":"hierophant:Dazzle","floor":20}],"player_experience":1920385,"relics_obtained":[{"floor":7,"key":"Toy Ornithopter"},{"floor":9,"key":"CeramicFish"},{"floor":12,"key":"PreservedInsect"}],"event_choices":[{"cards_removed":["hierophant:Defend_Hierophant"],"damage_healed":0,"gold_gain":0,"player_choice":"Purged","damage_taken":0,"max_hp_gain":0,"max_hp_loss":0,"event_name":"Purifier","floor":4,"gold_loss":0},{"damage_healed":18,"gold_gain":0,"player_choice":"Healed and dodged fight","damage_taken":0,"max_hp_gain":0,"max_hp_loss":0,"event_name":"Mushrooms","floor":11,"gold_loss":0,"cards_obtained":["Parasite"]},{"damage_healed":0,"gold_gain":0,"player_choice":"Ignored","damage_taken":0,"max_hp_gain":0,"max_hp_loss":0,"event_name":"Ghosts","floor":19,"gold_loss":0},{"damage_healed":0,"gold_gain":0,"player_choice":"Bought 1 Potion","damage_taken":0,"max_hp_gain":0,"max_hp_loss":0,"event_name":"The Woman in Blue","floor":21,"gold_loss":0}],"is_beta":false,"boss_relics":[{"not_picked":["Tiny House","Empty Cage"],"picked":"Black Star"}],"items_purged_floors":[],"is_endless":false,"potions_floor_spawned":[1,2,5,12,16,18,20],"killed_by":"Shelled Parasite and Fungi","ascension_level":15}}