{"host":"ln6xh2dj126ndm3e","time":1608579140,"event":{"mods":["AchievementEnabler","Aspiration","Astrologer","BaseMod","Better Altar","Better Match","Better Note","Better Sensory Stone","Better Skull","Better Third Choice","BetterRewards","CCEM","Colored Map","Conspire","Downfall","GifTheSpireLib","Halation","Highlight Path","Hubris","Infinite Spire","Minty Spire (QoL Compilation)","Permanent Neow","Replay The Spire","Shop Mod","Spicy Shops","StSLib","Unceasing Turn Reminder"],"gold_per_floor":[118,118,131,131,145,145,179,73,120,131,96,96,106,118,118,220,220,231,246,246,246,246],"floor_reached":21,"playtime":1587,"items_purged":[],"score":181,"play_id":"51289cbd-3c69-4cfb-a49a-47c77c188d40","local_time":"20201221133220","is_ascension_mode":false,"campfire_choices":[{"floor":6,"key":"REST"}],"circlet_count":0,"master_deck":["Strike_R","Strike_R","Defend_R","Defend_R","Defend_R","Defend_R","Bash","Headbutt","Armaments+1","Spot Weakness","Twin Strike","Sword Boomerang","Run Through+1","ReplayTheSpireMod:Corrosion Curse","ReplayTheSpireMod:Stacked","ReplayTheSpireMod:Muscle Training","ReplayTheSpireMod:LeadingStrike+1","Replay:Many Hands+1","conspire:Purge+1","Thunderclap"],"relics":["Burning Blood","Vajra","NlothsMask","infinitespire:BottledMercury","Ring of Panic","Astrolabe"],"acts_visited":["Exordium","TheCity"],"potions_floor_usage":[16],"damage_taken":[{"damage":7,"enemies":"2 Louse","floor":1,"turns":3},{"damage":0,"enemies":"Cultist","floor":3,"turns":3},{"damage":5,"enemies":"Small Slimes","floor":5,"turns":3},{"damage":23,"enemies":"Lagavulin","floor":7,"turns":8},{"damage":5,"enemies":"Looter","floor":10,"turns":3},{"damage":7,"enemies":"2 Fungi Beasts","floor":13,"turns":2},{"damage":6,"enemies":"Exordium Thugs","floor":14,"turns":3},{"damage":76,"enemies":"Fading Forest","floor":16,"turns":11},{"damage":26,"enemies":"Spheric Guardian","floor":18,"turns":4},{"damage":38,"enemies":"conspire:FuzzyDice","floor":19,"turns":6},{"damage":32,"enemies":"Snake Plant","floor":21,"turns":2}],"seed_played":"8203816908618765181","potions_obtained":[{"floor":1,"key":"PowerPotion"},{"floor":7,"key":"ElixirPotion"},{"floor":10,"key":"Cursed Concoction"},{"floor":16,"key":"Weak Potion"}],"is_trial":false,"path_per_floor":["M","?","M","?","M","R","E","$","T","M","?","?","M","M","R_BF","B",null,"M","M","?","M"],"character_chosen":"IRONCLAD","items_purchased":["Run Through+1","ReplayTheSpireMod:Corrosion Curse"],"campfire_rested":1,"item_purchase_floors":[8,8],"current_hp_per_floor":[79,79,80,80,80,80,63,63,63,64,80,80,79,79,80,25,80,60,28,28,0,0],"gold":246,"neow_bonus":"RANDOM_COMMON_RELIC","is_daily":false,"chose_seed":false,"campfire_upgraded":0,"win_rate":0.0,"timestamp":1608579140,"path_taken":["M","?","?","?","M","R","E","$","T","M","?","?","M","M","R_BF","BOSS","M","M","?","M"],"items_purchased_type":["Card","Card"],"build_version":"2020-12-13","purchased_purges":0,"victory":false,"max_hp_per_floor":[80,80,80,80,80,80,80,80,80,80,80,80,80,80,80,80,80,80,80,80,80,80],"card_choices":[{"not_picked":["hubris:ReadiedAction","Twin Strike"],"picked":"Headbutt","floor":1},{"not_picked":["ReplayTheSpireMod:Strike From Hell","hubris:ReadiedAction"],"picked":"Armaments","floor":3},{"not_picked":["Havoc","Hemokinesis"],"picked":"Twin Strike","floor":5},{"not_picked":["Thunderclap","Dark Embrace"],"picked":"Sword Boomerang","floor":7},{"not_picked":["Combust","True Grit","Wild Strike"],"picked":"SKIP","floor":10},{"not_picked":["Juggernaut","Shrug It Off"],"picked":"ReplayTheSpireMod:Stacked","floor":13},{"not_picked":["ReplayTheSpireMod:Strike From Hell","Body Slam"],"picked":"ReplayTheSpireMod:Muscle Training","floor":14},{"not_picked":["hubris:ReadiedAction","Clothesline"],"picked":"Thunderclap","floor":18},{"not_picked":["hubris:ReadiedAction","Armaments","Perfected Strike"],"picked":"SKIP","floor":19}],"player_experience":441264,"relics_obtained":[{"floor":7,"key":"infinitespire:BottledMercury"},{"floor":12,"key":"Ring of Panic"}],"event_choices":[{"damage_healed":0,"gold_gain":0,"player_choice":"Trade","damage_taken":0,"relics_obtained":["NlothsMask"],"max_hp_gain":0,"max_hp_loss":0,"event_name":"FaceTrader","floor":2,"gold_loss":0},{"damage_healed":20,"gold_gain":0,"player_choice":"Healed","damage_taken":0,"max_hp_gain":0,"max_hp_loss":0,"event_name":"The Cleric","floor":11,"gold_loss":35},{"damage_healed":0,"gold_gain":0,"player_choice":"Ignored","damage_taken":0,"max_hp_gain":0,"max_hp_loss":0,"event_name":"betterNote:BetterNote","floor":20,"gold_loss":0,"cards_obtained":["Defend_R"]}],"is_beta":false,"boss_relics":[{"not_picked":["Ring of Chaos","Painkiller Herb"],"picked":"Astrolabe"}],"items_purged_floors":[],"is_endless":false,"potions_floor_spawned":[1,7,10,16],"killed_by":"Snake Plant","ascension_level":0}}