{"host":"wghdsg8ym2wc7ov9","time":1608536303,"event":{"mods":["AchievementEnabler","BaseMod","Better Altar","Better Note","Colored Map","Hermit","Highlight Path","Jorbs\u0027s Wanderer Trilogy","Minty Spire (QoL Compilation)","Random Character Button","Relic Stats","Shop Mod","StSLib","The Bug Knight","The Cursed","The Hierophant","The Servant 0.9.4"],"gold_per_floor":[115,134,146,166,166,166,199,199,199,224,224,249,249,283,283,407,407,422,422,446,479,503,503,503,16,40,80,80,101,101,117,117,117,117],"floor_reached":33,"playtime":17498,"items_purged":[],"score":302,"play_id":"ea8d4acc-e0d5-482b-b233-972d1a5e53e0","local_time":"20201220233823","is_ascension_mode":false,"campfire_choices":[{"data":"HollowMod:GoodIntentions","floor":6,"key":"SMITH"},{"data":"HollowMod:SoulShaman","floor":11,"key":"SMITH"},{"data":"HollowMod:RecoilStrike","floor":13,"key":"SMITH"},{"data":"HollowMod:MantisMark","floor":15,"key":"SMITH"},{"floor":23,"key":"REST"},{"floor":28,"key":"REST"},{"floor":32,"key":"REST"}],"circlet_count":0,"master_deck":["HollowMod:NailStrikeStart","HollowMod:NailStrikeStart","HollowMod:NailStrikeStart","HollowMod:NailStrikeStart","HollowMod:QuickDashStart","HollowMod:QuickDashStart","HollowMod:QuickDashStart","HollowMod:QuickDashStart","HollowMod:FocusHealStart","HollowMod:PogoStrike","HollowMod:GoodIntentions+1","HollowMod:SoulEater","HollowMod:SharpenedNail","HollowMod:InfectedAttack","Injury","HollowMod:Grubsong","HollowMod:SoulShaman+1","HollowMod:RecoilStrike+1","HollowMod:MantisMark+1","HollowMod:Hiveblood","HollowMod:CycloneSlash","stsjorbsmod:WanderingMind","HollowMod:PerfectDash+1","HollowMod:InfectedCysts","HollowMod:BlackTendrils+1","HollowMod:SoulMaster","HollowMod:SoulSplash","HollowMod:CycloneSlash","HollowMod:HornetsHelp","HollowMod:GreatSlash","HollowMod:FallenFury"],"relics":["HollowMod:VesselMask","Golden Idol","Thread and Needle","Shuriken","Black Star","HollowMod:GreatKnightMask","Question Card","Medical Kit","Ancient Tea Set","HollowMod:LumaflyLanternRelic","Bottled Flame"],"acts_visited":["Exordium","TheCity"],"potions_floor_usage":[16,16,31,33,33],"damage_taken":[{"damage":0,"enemies":"Small Slimes","floor":1,"turns":4},{"damage":0,"enemies":"2 Louse","floor":2,"turns":2},{"damage":0,"enemies":"Cultist","floor":3,"turns":4},{"damage":6,"enemies":"Exordium Wildlife","floor":4,"turns":5},{"damage":24,"enemies":"3 Sentries","floor":7,"turns":14},{"damage":0,"enemies":"Looter","floor":10,"turns":4},{"damage":3,"enemies":"2 Fungi Beasts","floor":12,"turns":4},{"damage":22,"enemies":"HollowMod:MossKnight","floor":14,"turns":10},{"damage":15,"enemies":"HollowMod:FalseKnight","floor":16,"turns":9},{"damage":48,"enemies":"HollowMod:HuskSentry","floor":18,"turns":8},{"damage":19,"enemies":"Spheric Guardian","floor":20,"turns":4},{"damage":0,"enemies":"HollowMod:Zote","floor":21,"turns":2},{"damage":24,"enemies":"Snecko","floor":22,"turns":8},{"damage":68,"enemies":"Gremlin Leader","floor":27,"turns":9},{"damage":31,"enemies":"Centurion and Healer","floor":29,"turns":7},{"damage":15,"enemies":"3 Cultists","floor":31,"turns":5},{"damage":39,"enemies":"Automaton","floor":33,"turns":4}],"seed_played":"-5160782387829895388","potions_obtained":[{"floor":2,"key":"SteroidPotion"},{"floor":8,"key":"AttackPotion"},{"floor":8,"key":"Ancient Potion"},{"floor":10,"key":"CultistPotion"},{"floor":14,"key":"EssenceOfSteel"},{"floor":20,"key":"SpeedPotion"},{"floor":27,"key":"FearPotion"}],"is_trial":false,"path_per_floor":["M","M","M","M","?","R","E","?","T","M","R","M","R","E","R","B",null,"M","?","M","?","M","R","?","$","T","E","R","M","?","M","R","B"],"character_chosen":"THE_BUGKNIGHT","items_purchased":["Question Card","Medical Kit","HollowMod:SoulSplash","HollowMod:CycloneSlash"],"campfire_rested":3,"item_purchase_floors":[25,25,25,25],"current_hp_per_floor":[82,82,82,82,82,82,70,70,70,76,76,79,79,67,67,58,82,59,59,51,51,47,71,71,71,71,15,39,18,18,7,31,0,0],"gold":117,"neow_bonus":"TEN_PERCENT_HP_BONUS","is_daily":false,"chose_seed":false,"campfire_upgraded":4,"win_rate":0.0,"timestamp":1608536303,"path_taken":["M","M","M","M","?","R","E","?","T","M","R","?","R","E","R","BOSS","M","?","M","?","M","R","?","$","T","E","R","M","?","M","R","BOSS"],"items_purchased_type":["Relic","Relic","Card","Card"],"build_version":"2020-12-13","purchased_purges":0,"victory":false,"max_hp_per_floor":[82,82,82,82,82,82,82,82,82,82,82,82,82,82,82,82,82,82,82,82,82,82,82,82,82,82,82,82,82,82,82,82,82,82],"relic_stats":{"counters":[17,103],"Golden Idol":84,"Shuriken":[18],"Black Star":1,"Question Card":3,"Medical Kit":[0],"obtain_stats":[{"Bottled Flame":27,"Golden Idol":5,"Shuriken":14,"HollowMod:LumaflyLanternRelic":27,"HollowMod:VesselMask":0,"Thread and Needle":7,"HollowMod:GreatKnightMask":21,"Black Star":17,"Question Card":25,"Medical Kit":25,"Ancient Tea Set":26},{"Bottled Flame":14,"Golden Idol":4,"Shuriken":8,"HollowMod:LumaflyLanternRelic":14,"HollowMod:VesselMask":0,"Thread and Needle":5,"HollowMod:GreatKnightMask":12,"Black Star":9,"Question Card":13,"Medical Kit":13,"Ancient Tea Set":13},{"Bottled Flame":87,"Golden Idol":15,"Shuriken":47,"HollowMod:LumaflyLanternRelic":87,"HollowMod:VesselMask":0,"Thread and Needle":29,"HollowMod:GreatKnightMask":70,"Black Star":56,"Question Card":78,"Medical Kit":78,"Ancient Tea Set":78}]},"card_choices":[{"not_picked":["HollowMod:ChannelNail","HollowMod:WraithStrike"],"picked":"HollowMod:GoodIntentions","floor":1},{"not_picked":["HollowMod:ShadowDash","HollowMod:DreamGate"],"picked":"HollowMod:SoulEater","floor":2},{"not_picked":["HollowMod:GoodIntentions","HollowMod:SiblingsShadow"],"picked":"HollowMod:SharpenedNail","floor":3},{"not_picked":["HollowMod:SoulStrike","HollowMod:VengefulVoid"],"picked":"HollowMod:InfectedAttack","floor":4},{"not_picked":["HollowMod:ChannelNail","HollowMod:DashSlash"],"picked":"HollowMod:Grubsong","floor":7},{"not_picked":["HollowMod:AbyssShriek","HollowMod:GoodIntentions"],"picked":"HollowMod:SoulShaman","floor":10},{"not_picked":["HollowMod:TaintedHusks","HollowMod:SiblingsSouls"],"picked":"HollowMod:RecoilStrike","floor":12},{"not_picked":["HollowMod:SiblingsSouls","HollowMod:DashSlash"],"picked":"HollowMod:MantisMark","floor":14},{"not_picked":["HollowMod:AwokenDreamNail","HollowMod:LifebloodCore"],"picked":"HollowMod:Hiveblood","floor":16},{"not_picked":["HollowMod:CrystalDash","HollowMod:SoulVessel"],"picked":"HollowMod:CycloneSlash","floor":18},{"not_picked":["HollowMod:CloakDash+1","HollowMod:DoubleDash"],"picked":"HollowMod:PerfectDash+1","floor":20},{"not_picked":["HollowMod:CornifersMapStart","HollowMod:TaintedHusks"],"picked":"HollowMod:InfectedCysts","floor":21},{"not_picked":["HollowMod:ShadowDash","HollowMod:NewJinnsSoul"],"picked":"HollowMod:BlackTendrils+1","floor":22},{"not_picked":["HollowMod:SoulVessel","HollowMod:SoulMaster","HollowMod:NewJinnsSoul"],"picked":"HollowMod:HornetsHelp","floor":27},{"not_picked":["HollowMod:GrimmsGift","HollowMod:Grubsong","HollowMod:SoulVessel"],"picked":"HollowMod:GreatSlash","floor":29},{"not_picked":["HollowMod:NewJinnsSoul","HollowMod:DashSlash","HollowMod:CycloneSlash"],"picked":"HollowMod:FallenFury","floor":31}],"player_experience":481180,"relics_obtained":[{"floor":7,"key":"Thread and Needle"},{"floor":14,"key":"Shuriken"},{"floor":21,"key":"HollowMod:GreatKnightMask"},{"floor":26,"key":"Ancient Tea Set"},{"floor":27,"key":"HollowMod:LumaflyLanternRelic"},{"floor":27,"key":"Bottled Flame"}],"event_choices":[{"damage_healed":0,"gold_gain":0,"player_choice":"Take Wound","damage_taken":0,"relics_obtained":["Golden Idol"],"max_hp_gain":0,"max_hp_loss":0,"event_name":"Golden Idol","floor":5,"gold_loss":0,"cards_obtained":["Injury"]},{"damage_healed":0,"gold_gain":0,"player_choice":"Got Potions","damage_taken":0,"max_hp_gain":0,"max_hp_loss":0,"event_name":"Lab","floor":8,"gold_loss":0},{"cards_removed":["HollowMod:GoodIntentions"],"damage_healed":0,"gold_gain":0,"player_choice":"Take \u0026 Give","damage_taken":0,"max_hp_gain":0,"max_hp_loss":0,"event_name":"betterNote:BetterNote","floor":19,"gold_loss":0,"cards_obtained":["stsjorbsmod:WanderingMind"]},{"damage_healed":0,"gold_gain":0,"player_choice":"Read","damage_taken":0,"max_hp_gain":0,"max_hp_loss":0,"event_name":"The Library","floor":24,"gold_loss":0,"cards_obtained":["HollowMod:SoulMaster"]},{"damage_healed":0,"gold_gain":0,"player_choice":"Ignored","damage_taken":0,"max_hp_gain":0,"max_hp_loss":0,"event_name":"Beggar","floor":30,"gold_loss":0}],"is_beta":false,"boss_relics":[{"not_picked":["Busted Crown","Sozu"],"picked":"Black Star"}],"items_purged_floors":[],"is_endless":false,"potions_floor_spawned":[2,10,14,20,27,29],"killed_by":"Automaton","ascension_level":0}}