{"host":"i9wanet4r0ff4t9y","time":1608552560,"event":{"mods":["2.2 Compatiblity","Act Like it!","BaseMod","Bestiary","Better Altar","Better Match","Better Note","Better Sensory Stone","Better Skull","Better Third Choice","Better Vampires","BetterRewards","CapriCore","Curses Come First","Downfall","Minty Spire (QoL Compilation)","Quick Restart","READ ME - Guardian Mod","READ ME - Snecko Mod","Relic Stats","Replay The Spire","Say the Spire","Spicy Shops","StSLib","The Disciple","Waifu the Spire"],"gold_per_floor":[116,41,41,57,72,106,106,121,145,145,161,15,290,71,71,172,172,182,197,211,211,221,221,238,238,264,280,308,320,337,337,337,437,437,448,468,479,479,71,71,84,111,136,136,11,57,57,96,96,106],"floor_reached":51,"playtime":2056,"items_purged":["Regret","Normality","Replay:Hysterical Blindness"],"score":1081,"play_id":"f455504d-2fcf-4f44-9b9b-c2156f0f4bdc","local_time":"20201221130920","is_ascension_mode":false,"campfire_choices":[{"data":"Replay:Vibes","floor":7,"key":"SMITH"},{"data":"Replay:DivineShield","floor":7,"key":"SMITH"},{"data":"DeusExMachina","floor":10,"key":"SMITH"},{"data":"Replay:Anticipation","floor":10,"key":"SMITH"},{"floor":15,"key":"REST"},{"data":"Replay:LoomingThreat","floor":23,"key":"SMITH"},{"data":"SandsOfTime","floor":23,"key":"SMITH"},{"floor":25,"key":"REST"},{"floor":32,"key":"REST"},{"floor":40,"key":"RECALL"},{"data":"Scrawl","floor":44,"key":"SMITH"},{"data":"Replay:DivineShield","floor":44,"key":"SMITH"},{"floor":49,"key":"REST"}],"circlet_count":0,"master_deck":["Strike_P","Strike_P","Strike_P","Strike_P","Defend_P","Defend_P","Defend_P","Vigilance","Replay:DivineShield+1","FlurryOfBlows","Alpha+1","Omniscience+1","ConjureBlade+1","SandsOfTime+1","Replay:Vibes+1","Replay:Anticipation+1","DeusExMachina+1","Consecrate","Replay:LoomingThreat+1","Protect+1","EmptyBody+1","EmptyFist+1","Magnetism+1","Consecrate+1","ClearTheMind+1","Replay:DivineShield+1","Scrawl+1","Swivel+1","Alpha+1","Wallop+1","Scrawl+1"],"relics":["PureWater","Replay:Arrowhead","Replay:Rubber Ducky","ReplayFunnel","Anchor","Chemical X","Replay:Bronze Core","Gremlin Food","Bronze Scales","Frozen Egg 2","Replay:Grab Bag","ReplayTheSpireMod:Onyx Gauntlets","Cursed Key","Empty Cage","SlaversCollar","Divine Protection","ClockworkSouvenir","Replay:Bandana","Bottled Flame"],"acts_visited":["Exordium","TheCity","TheBeyond"],"potions_floor_usage":[11,16,22,27,28,30,33,41,48,50],"damage_taken":[{"damage":0.0,"enemies":"2 Louse","floor":1.0,"turns":4.0},{"damage":0,"enemies":"Cultist","floor":4,"turns":2},{"damage":6,"enemies":"Jaw Worm","floor":5,"turns":5},{"damage":11,"enemies":"Lagavulin","floor":6,"turns":5},{"damage":0,"enemies":"Red Slaver","floor":8,"turns":3},{"damage":13,"enemies":"3 Louse","floor":11,"turns":4},{"damage":11,"enemies":"Hexaghost","floor":16,"turns":6},{"damage":0,"enemies":"Spheric Guardian","floor":18,"turns":3},{"damage":0,"enemies":"3 Byrds","floor":19,"turns":3},{"damage":9,"enemies":"Snake Plant","floor":20,"turns":5},{"damage":0,"enemies":"Snecko","floor":22,"turns":5},{"damage":23,"enemies":"Sentry and Sphere","floor":24,"turns":6},{"damage":24,"enemies":"Centurion and Healer","floor":27,"turns":6},{"damage":16,"enemies":"Slavers","floor":28,"turns":5},{"damage":6,"enemies":"Cultist and Chosen","floor":29,"turns":5},{"damage":1,"enemies":"Shelled Parasite and Fungi","floor":30,"turns":3},{"damage":0,"enemies":"Pondfish","floor":33,"turns":6},{"damage":0,"enemies":"Orb Walker","floor":35,"turns":4},{"damage":15,"enemies":"3 Shapes","floor":36,"turns":6},{"damage":5,"enemies":"Sphere and 2 Shapes","floor":37,"turns":3},{"damage":20,"enemies":"Writhing Mass","floor":41,"turns":6},{"damage":0,"enemies":"Nemesis","floor":42,"turns":5},{"damage":31,"enemies":"Reptomancer","floor":46,"turns":5},{"damage":21,"enemies":"Transient","floor":48,"turns":5},{"damage":0,"enemies":"Donu and Deca","floor":50,"turns":5}],"seed_played":"-2595153287378913906","potions_obtained":[{"floor":4,"key":"EssenceOfSteel"},{"floor":6,"key":"StancePotion"},{"floor":11,"key":"BottledMiracle"},{"floor":18,"key":"FairyPotion"},{"floor":19,"key":"CultistPotion"},{"floor":24,"key":"AttackPotion"},{"floor":27,"key":"Swift Potion"},{"floor":29,"key":"Dexterity Potion"},{"floor":35,"key":"Milkshake"},{"floor":37,"key":"Languid Potion"},{"floor":46,"key":"sneckomod:MuddlingPotion"}],"is_trial":false,"path_per_floor":["M","?","?","M","M","E","R","M","T","R","M","$","?","$","R","B",null,"M","M","M","?","M","R","M","R","T","M","E","M","M","?","R","B",null,"M","M","M","?","$","R","M","E","T","R","$","E","$","M","R","B",null],"character_chosen":"WATCHER","items_purchased":["Replay:Arrowhead","Replay:DivineShield","Anchor","Chemical X","Divine Protection","ClockworkSouvenir"],"campfire_rested":4,"item_purchase_floors":[0,0,12,14,39,39],"current_hp_per_floor":[60,60,64,64,58,47,47,47,47,47,34,34,34,34,55,44,72,72,72,63,63,63,63,40,61,61,37,21,15,14,14,35,35,72,72,57,52,52,52,52,32,32,32,32,32,1,1,21,42,42],"gold":106,"neow_bonus":"","is_daily":false,"chose_seed":false,"campfire_upgraded":8,"win_rate":0.0,"timestamp":1608552560,"path_taken":["M","?","?","?","M","E","R","M","T","R","M","$","?","?","R","BOSS","M","M","M","?","M","R","M","R","T","M","E","M","M","?","R","BOSS","M","M","?","?","$","R","M","E","T","R","$","E","?","M","R","BOSS"],"items_purchased_type":["Relic","Card","Relic","Relic","Relic","Relic"],"build_version":"2020-12-13","purchased_purges":3,"victory":true,"max_hp_per_floor":[72,72,72,72,72,72,72,72,72,72,72,72,72,72,72,72,72,72,72,72,72,72,72,72,72,72,72,72,72,72,72,72,72,72,72,72,72,72,72,72,72,72,72,72,72,72,72,72,72,72],"relic_stats":{"counters":[57,254],"Bronze Scales":[159],"Chemical X":[14],"Cursed Key":1,"obtain_stats":[{"ReplayFunnel":9,"Divine Protection":39,"Whetstone":7,"Boot":7,"Cursed Key":34,"Empty Cage":34,"Replay:Rubber Ducky":6,"ClockworkSouvenir":39,"Replay:Bandana":42,"Replay:Bronze Core":17,"Toolbox":12,"Tiny Chest":9,"Chemical X":14,"Ring of Panic":3,"InkBottle":9,"Gremlin Food":28,"Replay:Grab Bag":34,"PreservedInsect":10,"War Paint":14,"Frozen Egg 2":31,"Replay:Arrowhead":0,"SlaversCollar":34,"CaptainsWheel":26,"Anchor":12,"Bottled Flame":46,"ReplayTheSpireMod:Shallot":26,"Chronometer":0,"Ornamental Fan":23,"Bronze Scales":28,"Pandora\u0027s Box":17,"Ring of Fury":3,"Grinning Jar":21,"PureWater":0,"ReplayTheSpireMod:Onyx Gauntlets":34,"ReplayTheSpireMod:DimensionalGlitch":17},{"ReplayFunnel":37,"Divine Protection":52,"Whetstone":21,"Boot":6,"Cursed Key":49,"Empty Cage":49,"Replay:Rubber Ducky":36,"ClockworkSouvenir":52,"Replay:Bandana":54,"Replay:Bronze Core":39,"Toolbox":7,"Tiny Chest":21,"Chemical X":38,"Ring of Panic":17,"InkBottle":6,"Gremlin Food":15,"Replay:Grab Bag":49,"PreservedInsect":22,"War Paint":8,"Frozen Egg 2":48,"Replay:Arrowhead":32,"SlaversCollar":49,"CaptainsWheel":14,"Anchor":38,"Bottled Flame":55,"ReplayTheSpireMod:Shallot":30,"Chronometer":0,"Ornamental Fan":13,"Bronze Scales":46,"Pandora\u0027s Box":9,"Ring of Fury":17,"Grinning Jar":27,"PureWater":0,"ReplayTheSpireMod:Onyx Gauntlets":49,"ReplayTheSpireMod:DimensionalGlitch":25},{"ReplayFunnel":158,"Divine Protection":228,"Whetstone":95,"Boot":22,"Cursed Key":215,"Empty Cage":215,"Replay:Rubber Ducky":155,"ClockworkSouvenir":228,"Replay:Bandana":239,"Replay:Bronze Core":168,"Toolbox":25,"Tiny Chest":95,"Chemical X":162,"Ring of Panic":78,"InkBottle":22,"Gremlin Food":74,"Replay:Grab Bag":215,"PreservedInsect":98,"War Paint":30,"Frozen Egg 2":209,"Replay:Arrowhead":139,"SlaversCollar":215,"CaptainsWheel":63,"Anchor":162,"Bottled Flame":244,"ReplayTheSpireMod:Shallot":131,"Chronometer":0,"Ornamental Fan":58,"Bronze Scales":201,"Pandora\u0027s Box":40,"Ring of Fury":78,"Grinning Jar":120,"PureWater":0,"ReplayTheSpireMod:Onyx Gauntlets":215,"ReplayTheSpireMod:DimensionalGlitch":114}]},"card_choices":[{"not_picked":["ClearTheMind","Crescendo"],"picked":"FlurryOfBlows","floor":1.0},{"not_picked":["Establishment+1","SpiritShield+1"],"picked":"Alpha+1","floor":2},{"not_picked":["Ragnarok+1","DeusExMachina+1"],"picked":"Omniscience+1","floor":2},{"not_picked":["Alpha+1","Blasphemy+1"],"picked":"ConjureBlade+1","floor":2},{"not_picked":["Replay:ManipulateFuture","EmptyBody"],"picked":"SandsOfTime","floor":4},{"not_picked":["Adaptation","SashWhip"],"picked":"Replay:Vibes","floor":5},{"not_picked":["BowlingBash","Conclude"],"picked":"Replay:Anticipation","floor":6},{"not_picked":["ReachHeaven","Study"],"picked":"DeusExMachina","floor":8},{"not_picked":["ThirdEye","EmptyBody"],"picked":"Consecrate","floor":11},{"not_picked":["Replay:AllIn","Brilliance"],"picked":"Replay:LoomingThreat","floor":16},{"not_picked":["EmptyFist","FollowUp"],"picked":"Protect+1","floor":18},{"not_picked":["Replay:Anticipation","EmptyFist"],"picked":"EmptyBody+1","floor":19},{"not_picked":["CarveReality","JustLucky"],"picked":"EmptyFist+1","floor":20},{"not_picked":["Adaptation","EmptyFist"],"picked":"Consecrate+1","floor":22},{"not_picked":["Evaluate","Adaptation"],"picked":"ClearTheMind","floor":24},{"not_picked":["WheelKick","CutThroughFate"],"picked":"Replay:DivineShield","floor":27},{"not_picked":["Swivel","EmptyFist"],"picked":"Scrawl","floor":28},{"not_picked":["Study","PathToVictory+1"],"picked":"Swivel+1","floor":29},{"not_picked":["SandsOfTime","CutThroughFate","Evaluate"],"picked":"SKIP","floor":30},{"not_picked":["Judgement","Blasphemy"],"picked":"Alpha","floor":33},{"not_picked":["Crescendo","ForeignInfluence+1"],"picked":"Wallop+1","floor":35},{"not_picked":["Sanctity+1","WindmillStrike","LikeWater+1"],"picked":"SKIP","floor":36},{"not_picked":["FollowUp+1","PathToVictory","ThirdEye+1"],"picked":"SKIP","floor":37},{"not_picked":["BowlingBash","FlurryOfBlows","Replay:BluntJabs+1"],"picked":"SKIP","floor":41},{"not_picked":["Prostrate","BattleHymn+1","EmptyBody+1"],"picked":"SKIP","floor":42},{"not_picked":["EmptyBody","Protect","Replay:BluntJabs+1"],"picked":"SKIP","floor":46},{"not_picked":["ClearTheMind+1","Nirvana+1"],"picked":"Scrawl","floor":48}],"player_experience":387052,"relics_obtained":[{"floor":6,"key":"Replay:Rubber Ducky"},{"floor":9,"key":"ReplayFunnel"},{"floor":26,"key":"Gremlin Food"},{"floor":28,"key":"Bronze Scales"},{"floor":31,"key":"Frozen Egg 2"},{"floor":42,"key":"Replay:Bandana"},{"floor":46,"key":"Bottled Flame"}],"event_choices":[{"damage_healed":0,"gold_gain":0,"player_choice":"3","damage_taken":0,"max_hp_gain":0,"max_hp_loss":0,"event_name":"betterMatch:BetterMatch","floor":2,"gold_loss":0,"cards_obtained":["betterMatch:RareCard"]},{"damage_healed":4,"gold_gain":0,"player_choice":"LEAVE ","damage_taken":0,"relics_obtained":[],"max_hp_gain":0,"max_hp_loss":0,"event_name":"betterSkull:BetterSkull","floor":3,"gold_loss":0,"cards_upgraded":[]},{"damage_healed":0,"gold_gain":275,"player_choice":"Desecrate","damage_taken":0,"max_hp_gain":0,"max_hp_loss":0,"event_name":"Golden Shrine","floor":13,"gold_loss":0,"cards_obtained":["Regret"]},{"cards_removed":["Alpha"],"damage_healed":0,"gold_gain":0,"player_choice":"Take \u0026 Give","damage_taken":0,"max_hp_gain":0,"max_hp_loss":0,"event_name":"betterNote:BetterNote","floor":21,"gold_loss":0,"cards_obtained":["Magnetism"]},{"damage_healed":0,"gold_gain":0,"player_choice":"Relic","damage_taken":0,"max_hp_gain":0,"max_hp_loss":0,"event_name":"Wheel of Change","floor":31,"gold_loss":0},{"damage_healed":0,"gold_gain":0,"player_choice":"Upgraded","damage_taken":0,"max_hp_gain":0,"max_hp_loss":0,"event_name":"Upgrade Shrine","floor":38,"gold_loss":0,"cards_upgraded":["Alpha"]}],"is_beta":false,"boss_relics":[{"not_picked":["SacredBark","VioletLotus"],"picked":"Replay:Bronze Core"},{"not_picked":["ChewingGum","Snecko Eye"],"picked":"Replay:Grab Bag"},{"not_picked":["Replay:Wanted Poster","Philosopher\u0027s Stone"],"picked":"ReplayTheSpireMod:Onyx Gauntlets"},{"not_picked":["ReplayTheSpireMod:DimensionalGlitch","Sozu"],"picked":"Cursed Key"},{"not_picked":["Replay:Drink Me","Astrolabe"],"picked":"Empty Cage"},{"not_picked":["Black Star","Tiny House"],"picked":"SlaversCollar"}],"items_purged_floors":[14,39,45],"is_endless":false,"potions_floor_spawned":[4,6,11,18,19,24,27,29,35,37,46],"ascension_level":0}}