{"host":"kw4o7b3ro2ktmmbe","time":1608548183,"event":{"mods":["BaseMod","Minty Spire (QoL Compilation)","Somnambulant","StSLib","Treasure Hunter"],"gold_per_floor":[118,118,136,152,135,135,153,153,226,226,238,260,260,20,20,120,120,135,148,148,148,148,148,161,171,194,213,213,213],"floor_reached":28,"playtime":2843,"items_purged":[],"score":237,"play_id":"dbf717ff-4f91-46ac-a7b4-4f5bddd2da9e","local_time":"20201221235623","is_ascension_mode":false,"campfire_choices":[{"floor":6.0,"key":"REST"},{"floor":8.0,"key":"REST"},{"floor":10.0,"key":"REST"},{"floor":13.0,"key":"REST"},{"floor":15.0,"key":"REST"},{"floor":23.0,"key":"REST"}],"circlet_count":0,"master_deck":["somnambulantmod: SomnambulantStrike","somnambulantmod: SomnambulantStrike","somnambulantmod: SomnambulantStrike+1","somnambulantmod: SomnambulantStrike+1","somnambulantmod: Defend_Somnambulant","somnambulantmod: Defend_Somnambulant","somnambulantmod: Defend_Somnambulant","somnambulantmod: Defend_Somnambulant+1","somnambulantmod: Defend_Somnambulant+1","somnambulantmod: QuickNap","somnambulantmod: PrimingPunch+1","somnambulantmod: LightSleeper+1","somnambulantmod: Extract+1","TH:DeckOfManyThings","TH:Mimic","somnambulantmod: LostMind","TH:BikiniMail","TH:BikiniMail"],"relics":["somnambulantmod: DreamJournal","Blue Candle","Odd Mushroom","Meat on the Bone","Philosopher\u0027s Stone","Molten Egg 2","Nilry\u0027s Codex","Potion Belt"],"acts_visited":["Exordium","TheCity"],"potions_floor_usage":[24,25,28,28],"damage_taken":[{"damage":10.0,"enemies":"Jaw Worm","floor":1.0,"turns":5.0},{"damage":1.0,"enemies":"Cultist","floor":3.0,"turns":4.0},{"damage":4.0,"enemies":"2 Louse","floor":4.0,"turns":3.0},{"damage":10.0,"enemies":"Exordium Thugs","floor":5.0,"turns":4.0},{"damage":2.0,"enemies":"Blue Slaver","floor":7.0,"turns":6.0},{"damage":16.0,"enemies":"Lots of Slimes","floor":11.0,"turns":5.0},{"damage":13.0,"enemies":"The Mushroom Lair","floor":12.0,"turns":4.0},{"damage":52.0,"enemies":"Hexaghost","floor":16.0,"turns":6.0},{"damage":39.0,"enemies":"3 Byrds","floor":18.0,"turns":5.0},{"damage":25.0,"enemies":"Spheric Guardian","floor":19.0,"turns":4.0},{"damage":8,"enemies":"Centurion and Healer","floor":24,"turns":6},{"damage":47,"enemies":"Cultist and Chosen","floor":25,"turns":10},{"damage":7,"enemies":"Snecko","floor":27,"turns":3},{"damage":23,"enemies":"Slavers","floor":28,"turns":2}],"seed_played":"7260052187542254497","potions_obtained":[{"floor":5.0,"key":"Weak Potion"},{"floor":7.0,"key":"SpeedPotion"},{"floor":11.0,"key":"LiquidBronze"},{"floor":12.0,"key":"Fire Potion"},{"floor":19.0,"key":"SkillPotion"},{"floor":25,"key":"Weak Potion"}],"is_trial":false,"path_per_floor":["M","?","M","M","M","R","M","R","T","R","M","?","R","$","R","B",null,"M","M","?","T","?","R","M","M","T","M","E"],"character_chosen":"THE_SOMNAMBULANT","items_purchased":["Meat on the Bone"],"campfire_rested":6,"item_purchase_floors":[14],"current_hp_per_floor":[67,67,66,62,52,77,75,81,81,83,67,54,80,80,87,47,87,48,35,35,35,19,47,51,16,16,21,0,0],"gold":213,"neow_bonus":"TEN_PERCENT_HP_BONUS","is_daily":false,"chose_seed":false,"campfire_upgraded":0,"win_rate":0.0,"timestamp":1608548183,"path_taken":["M","?","M","M","?","R","?","R","T","R","M","?","R","$","R","BOSS","M","M","?","?","?","R","M","M","T","M","E"],"items_purchased_type":["Relic"],"build_version":"2020-12-13","purchased_purges":0,"victory":false,"max_hp_per_floor":[77,77,77,77,77,79,79,81,81,83,83,83,85,85,87,87,87,87,87,87,87,87,89,89,89,89,89,89,89],"card_choices":[{"not_picked":["somnambulantmod: Remember","somnambulantmod: Reject"],"picked":"somnambulantmod: LightSleeper","floor":1.0},{"not_picked":["somnambulantmod: MindWave","somnambulantmod: Cower","somnambulantmod: HeavyLids"],"picked":"SKIP","floor":3.0},{"not_picked":["somnambulantmod: Sleepyhead","somnambulantmod: Wake","somnambulantmod: Cower"],"picked":"SKIP","floor":4.0},{"not_picked":["somnambulantmod: Pinch","somnambulantmod: BrainFeeder","somnambulantmod: MindWave"],"picked":"SKIP","floor":5.0},{"not_picked":["somnambulantmod: SnuggleUp","somnambulantmod: Unknow"],"picked":"somnambulantmod: Extract","floor":7.0},{"not_picked":["TH:Mimic"],"picked":"TH:DeckOfManyThings","floor":9.0},{"not_picked":["somnambulantmod: Pinch","somnambulantmod: Sleepyhead","somnambulantmod: Wake"],"picked":"SKIP","floor":11.0},{"not_picked":["TH:EnergyPotion"],"picked":"TH:Mimic","floor":16.0},{"not_picked":["somnambulantmod: NightHaunts","somnambulantmod: SleepParalysis"],"picked":"somnambulantmod: LostMind","floor":16.0},{"not_picked":["somnambulantmod: TimeCompression","somnambulantmod: HorrificThought","somnambulantmod: HeavyLids"],"picked":"SKIP","floor":18.0},{"not_picked":["somnambulantmod: HappyThoughts","somnambulantmod: Cower","somnambulantmod: ShowerThought"],"picked":"SKIP","floor":19.0},{"not_picked":["TH:PixieDust"],"picked":"TH:BikiniMail","floor":21.0},{"not_picked":["somnambulantmod: Cower","somnambulantmod: TimeCompression+1","somnambulantmod: Bloom"],"picked":"SKIP","floor":24},{"not_picked":["somnambulantmod: DreamBig","somnambulantmod: Bruise+1","somnambulantmod: Unknow"],"picked":"SKIP","floor":25},{"not_picked":["somnambulantmod: DreamBig","somnambulantmod: Bruise+1","somnambulantmod: Unknow"],"picked":"SKIP","floor":25},{"not_picked":["TH:CursedSword"],"picked":"TH:BikiniMail","floor":26},{"not_picked":["somnambulantmod: MindWave+1","somnambulantmod: HorrificThought","somnambulantmod: SleepParalysis"],"picked":"SKIP","floor":27}],"player_experience":1747632,"relics_obtained":[{"floor":9.0,"key":"Blue Candle"},{"floor":12.0,"key":"Odd Mushroom"},{"floor":21.0,"key":"Molten Egg 2"},{"floor":22.0,"key":"Nilry\u0027s Codex"},{"floor":26,"key":"Potion Belt"}],"event_choices":[{"damage_healed":0.0,"max_hp_gain":0.0,"max_hp_loss":0.0,"gold_gain":0.0,"event_name":"Upgrade Shrine","player_choice":"Upgraded","floor":2.0,"gold_loss":0.0,"damage_taken":0.0,"cards_upgraded":["somnambulantmod: LightSleeper"]},{"damage_healed":0.0,"max_hp_gain":0.0,"max_hp_loss":0.0,"gold_gain":0.0,"event_name":"Mushrooms","player_choice":"Fought Mushrooms","floor":12.0,"gold_loss":0.0,"damage_taken":0.0},{"cards_removed":["somnambulantmod: SomnambulantStrike"],"damage_healed":0.0,"max_hp_gain":0.0,"max_hp_loss":0.0,"gold_gain":0.0,"event_name":"Back to Basics","player_choice":"Elegance","floor":20.0,"gold_loss":0.0,"damage_taken":0.0},{"damage_healed":0.0,"max_hp_gain":0.0,"max_hp_loss":0.0,"gold_gain":0.0,"event_name":"Cursed Tome","player_choice":"Obtained Book","floor":22.0,"gold_loss":0.0,"damage_taken":16.0}],"is_beta":false,"boss_relics":[{"not_picked":["Velvet Choker","Calling Bell"],"picked":"Philosopher\u0027s Stone"}],"items_purged_floors":[],"is_endless":false,"potions_floor_spawned":[5,7,11,12,19,25],"killed_by":"Slavers","ascension_level":0}}