{"host":"f55lpzc7830gmx23","time":1608582736,"event":{"mods":["BaseMod","Better Note","Downfall","Hermit","Minty Spire (QoL Compilation)","StSLib","The Blackbeard","The Cursed","The Necromancer"],"gold_per_floor":[111,61,11,26,26,26,57,57,57,82,94,113,113,113,113,211,211,226,237,253,253,253,253],"floor_reached":22,"playtime":968,"items_purged":[],"score":329,"play_id":"a2755815-e9a8-4967-a1b4-39a9a2f26236","local_time":"20201221213216","is_ascension_mode":true,"campfire_choices":[{"data":"blackbeard:BeatUp","floor":6,"key":"SMITH"},{"floor":13,"key":"REST"},{"data":"blackbeard:InfiniteBarrage","floor":15,"key":"SMITH"}],"circlet_count":0,"master_deck":["AscendersBane","blackbeard:IntimidatingStrike","blackbeard:Cutlass","blackbeard:Sword","blackbeard:BeatUp+1","blackbeard:GoldenDefense","blackbeard:SmithingHammer","Regret","blackbeard:InfiniteBarrage+1","blackbeard:DeadlyArsenal+1","blackbeard:Dagger+1","blackbeard:GoldenDefense+1","blackbeard:TheDrunkenSailor","blackbeard:HumongousCannonball","blackbeard:SwordDance+1","blackbeard:ReapersScythe+1","blackbeard:DangerousBlow","blackbeard:CannonBarrage+1","blackbeard:Parrot","blackbeard:CloakAndCannonball+1","blackbeard:RearmingStrike+1","blackbeard:Shrapnel+1"],"relics":["blackbeard:LoadTheCannons","NeowsBlessing","Centennial Puzzle","Pen Nib","Toxic Egg 2","Gremlin Horn","Pandora\u0027s Box"],"acts_visited":["Exordium","TheCity"],"potions_floor_usage":[10,16,22,22],"damage_taken":[{"damage":0,"enemies":"2 Louse","floor":1,"turns":1},{"damage":0,"enemies":"Small Slimes","floor":4,"turns":1},{"damage":0,"enemies":"Lagavulin","floor":7,"turns":2},{"damage":27,"enemies":"3 Sentries","floor":10,"turns":6},{"damage":4,"enemies":"Cultist","floor":11,"turns":4},{"damage":4,"enemies":"3 Louse","floor":12,"turns":2},{"damage":17,"enemies":"Hexaghost","floor":16,"turns":7},{"damage":25,"enemies":"Shell Parasite","floor":18,"turns":4},{"damage":5,"enemies":"Chosen","floor":19,"turns":2},{"damage":43,"enemies":"Snake Plant","floor":20,"turns":4},{"damage":14,"enemies":"Centurion and Healer","floor":22,"turns":1}],"seed_played":"2790911914643139311","potions_obtained":[{"floor":4,"key":"champ:CounterPotion"},{"floor":11,"key":"Ancient Potion"},{"floor":12,"key":"EssenceOfSteel"},{"floor":16,"key":"Strength Potion"}],"is_trial":false,"path_per_floor":["M","$","?","M","?","R","E","?","T","E","M","M","R","?","R","B",null,"M","M","M","?","M"],"character_chosen":"BLACKBEARD_CLASS","items_purchased":["blackbeard:BeatUp"],"campfire_rested":1,"item_purchase_floors":[2],"current_hp_per_floor":[68,68,68,68,68,68,68,68,68,41,37,33,55,85,85,68,81,56,51,8,8,0,0],"gold":253,"neow_bonus":"THREE_ENEMY_KILL","is_daily":false,"chose_seed":false,"campfire_upgraded":2,"win_rate":0.0,"timestamp":1608582736,"path_taken":["M","$","?","M","?","R","E","?","T","E","?","M","R","?","R","BOSS","M","?","M","?","M"],"items_purchased_type":["Card"],"build_version":"2020-12-13","purchased_purges":0,"victory":false,"max_hp_per_floor":[75,75,75,75,75,75,75,75,75,75,75,75,75,85,85,85,85,85,85,85,85,85,85,85],"card_choices":[{"not_picked":["blackbeard:Fencing","blackbeard:GoldenDefense"],"picked":"blackbeard:Sword","floor":1},{"not_picked":["blackbeard:JollyRoger","blackbeard:Toast"],"picked":"blackbeard:SmithingHammer","floor":4},{"not_picked":["blackbeard:UndeadForm","blackbeard:DeadlyArsenal"],"picked":"blackbeard:InfiniteBarrage","floor":7},{"not_picked":["blackbeard:BuriedTreasure+1","blackbeard:Dagger+1"],"picked":"blackbeard:DeadlyArsenal+1","floor":10},{"not_picked":["blackbeard:PiratesWill+1","blackbeard:FieryDefense+1"],"picked":"blackbeard:Dagger+1","floor":11},{"not_picked":["blackbeard:Spear+1","blackbeard:SwordDance+1"],"picked":"blackbeard:GoldenDefense+1","floor":12},{"not_picked":["blackbeard:Murder","blackbeard:GoldenRain"],"picked":"blackbeard:TheDrunkenSailor","floor":16},{"not_picked":["blackbeard:RearmingStrike","blackbeard:PirateHook+1"],"picked":"blackbeard:CloakAndCannonball+1","floor":18},{"not_picked":["blackbeard:BeatUp","blackbeard:InfiniteBarrage"],"picked":"blackbeard:RearmingStrike+1","floor":19},{"not_picked":["blackbeard:DangerousBlow","blackbeard:Boarding"],"picked":"blackbeard:Shrapnel+1","floor":20}],"player_experience":435736,"relics_obtained":[{"floor":7,"key":"Pen Nib"},{"floor":9,"key":"Toxic Egg 2"},{"floor":10,"key":"Gremlin Horn"}],"event_choices":[{"damage_healed":0,"gold_gain":0,"player_choice":"blackbeard:GoldenDefense","damage_taken":0,"max_hp_gain":0,"max_hp_loss":0,"event_name":"blackbeard:GoldsmithEvent","floor":3,"gold_loss":0,"cards_obtained":["blackbeard:GoldenDefense"]},{"damage_healed":0,"gold_gain":0,"player_choice":"Box","damage_taken":0,"relics_obtained":["Centennial Puzzle"],"max_hp_gain":0,"max_hp_loss":0,"event_name":"Big Fish","floor":5,"gold_loss":0,"cards_obtained":["Regret"]},{"damage_healed":0,"gold_gain":0,"cards_transformed":["blackbeard:BlackbeardStrike"],"player_choice":"Transformed","damage_taken":0,"max_hp_gain":0,"max_hp_loss":0,"event_name":"Transmorgrifier","floor":8,"gold_loss":0,"cards_obtained":["blackbeard:Intoxication"]},{"cards_removed":["blackbeard:Intoxication"],"damage_healed":20,"gold_gain":0,"player_choice":"Offered Rare","damage_taken":0,"max_hp_gain":10,"max_hp_loss":0,"event_name":"Bonfire Elementals","floor":14,"gold_loss":0},{"cards_removed":["blackbeard:Parrot"],"damage_healed":0,"gold_gain":0,"player_choice":"Give","damage_taken":0,"max_hp_gain":0,"max_hp_loss":0,"event_name":"betterNote:BetterNote","floor":21,"gold_loss":0,"cards_obtained":["blackbeard:BlackbeardDefend"]}],"is_beta":false,"boss_relics":[{"not_picked":["Ectoplasm","SlaversCollar"],"picked":"Pandora\u0027s Box"}],"items_purged_floors":[],"is_endless":false,"potions_floor_spawned":[4,11,12,16],"killed_by":"Centurion and Healer","ascension_level":10}}