{"host":"00tqcjwpycel7e54","time":1608552492,"event":{"mods":["ATMod(阿瑾Mod)","BaseMod","Displayed Cursed Tome","Downfall","Hermit","Luminous","Marisa（F雨　魔理沙）","Minty Spire (QoL Compilation)","Remilia（蕾米莉亚）","Replay The Spire","Robot Space Explorer","Shop Mod","Spicy Shops","StSLib","The Administrix","The Bug Knight","The Cursed","The Dragon Tamer","The Gatherer","The Hierophant","The Runesmith","The Senshi","The Servant 0.9.4","WarShipGirlsR/战舰少女R mod","Youmu（魂魄妖梦）","Yuyuko","【东方二次创作】八云紫mod","【遗物卡牌】REMEMod"],"gold_per_floor":[116,76,76,46,58,58,70,100,124,124,136,152,152,178,178,276,276,288,37,136,156,168,193,207,147,170,170,170,204,12,29,29,129,129,159,181,181,190,222,261,261,295,373,411,20,20,47,83,83,283,283,283,3,242,342],"floor_reached":56,"playtime":2763,"items_purged":["hermit:Strike_Hermit","hermit:Defend_Hermit"],"score":1357,"play_id":"c5f6d71a-3836-47ec-9296-c43481958d37","local_time":"20201221200812","is_ascension_mode":false,"campfire_choices":[{"data":"hermit:CursedWeapon","floor":6.0,"key":"SMITH"},{"floor":10.0,"key":"REST"},{"floor":13.0,"key":"REST"},{"floor":15.0,"key":"REST"},{"floor":28.0,"key":"REST"},{"floor":32.0,"key":"REST"},{"floor":41.0,"key":"REST"},{"floor":46.0,"key":"REST"},{"floor":49.0,"key":"RECALL"},{"floor":52.0,"key":"REST"}],"circlet_count":1,"master_deck":["hermit:Strike_Hermit","hermit:Strike_Hermit+1","hermit:Strike_Hermit+1","hermit:Defend_Hermit","hermit:Defend_Hermit+1","hermit:Defend_Hermit","hermit:Snapshot","hermit:Covet+1","hermit:Ricochet","hermit:SprayPray+1","hermit:CursedWeapon+1","hermit:HighNoon+1","hermit:Headshot+1","hermit:Malice+1","hermit:FinalCanter","hermit:GoldenBullet+1","hermit:Malice","hermit:EternalForm","CurseOfTheBell","hermit:NoHoldsBarred","hermit:Dive+1","hermit:Snipe+1","hermit:Manifest","hermit:Maintenance","hermit:BigShot","Decay","hermit:Brawl","hermit:Gestalt","hermit:Determination+1","hermit:ItchyTrigger+1","AT_EmpoweredMortalDraw","expansioncontent:CaCaw","Looming Evil","hermit:Brawl+1","hermit:GoldenBullet+1","Master of Strategy","hermit:Brawl","expansioncontent:DarkVoid","hermit:ItchyTrigger+1","expansioncontent:CaCaw+1","Replay:SS_fish_3+1","hermit:Adapt+1","hermit:Combo","Mayhem","expansioncontent:DecasProtection"],"relics":["AT_ATBox","REME_ComplimentaryCards","Snecko Eye","Smiling Mask","Gremlin Food","Whetstone","Calling Bell","Prayer Wheel","Mirror","AT_ChloranthyRing","ReplayTheSpireMod:Ninjato","Nunchaku","Boot","AT_Manta","Membership Card","Replay:Grab Bag","Fusion Hammer","SlaversCollar","SacredBark","REME_LowDesire","CeramicFish","Replay:Mystery Machine","ReplayTheSpireMod:Ring of Exchange","ReplayTheSpireMod:Ring of Addiction","Potion Belt","Circlet","Gambling Chip","AT_TheCollector","Dream Catcher","ClockworkSouvenir","REME_CardOfGreed","Darkstone Periapt","Bird Faced Urn","Counterbalance"],"acts_visited":["Exordium","TheCity","TheBeyond","TheEnding"],"potions_floor_usage":[55,55],"damage_taken":[{"damage":4.0,"enemies":"Small Slimes","floor":1.0,"turns":4.0},{"damage":2.0,"enemies":"2 Louse","floor":5.0,"turns":2.0},{"damage":3.0,"enemies":"Cultist","floor":7.0,"turns":3.0},{"damage":28.0,"enemies":"Lagavulin","floor":8.0,"turns":4.0},{"damage":7.0,"enemies":"3 Louse","floor":11.0,"turns":2.0},{"damage":10.0,"enemies":"Looter","floor":12.0,"turns":2.0},{"damage":26.0,"enemies":"3 Sentries","floor":14.0,"turns":5.0},{"damage":45.0,"enemies":"The Guardian","floor":16.0,"turns":10.0},{"damage":17.0,"enemies":"3 Byrds","floor":18.0,"turns":4.0},{"damage":0.0,"enemies":"Shell Parasite","floor":21.0,"turns":1.0},{"damage":10.0,"enemies":"Snake Plant","floor":22.0,"turns":2.0},{"damage":19.0,"enemies":"Book of Stabbing","floor":23.0,"turns":4.0},{"damage":0.0,"enemies":"Sentry and Sphere","floor":24.0,"turns":2.0},{"damage":17.0,"enemies":"Gremlin Leader","floor":29.0,"turns":4.0},{"damage":2.0,"enemies":"3 Cultists","floor":31.0,"turns":2.0},{"damage":11.0,"enemies":"Automaton","floor":33.0,"turns":5.0},{"damage":23.0,"enemies":"3 Darklings","floor":35.0,"turns":4.0},{"damage":11.0,"enemies":"3 Shapes","floor":36.0,"turns":2.0},{"damage":0.0,"enemies":"3 Darklings","floor":39.0,"turns":2.0},{"damage":8.0,"enemies":"Reptomancer","floor":40.0,"turns":3.0},{"damage":0.0,"enemies":"HollowMod:StalkingDevout","floor":42.0,"turns":4.0},{"damage":2.0,"enemies":"4 Shapes","floor":44.0,"turns":3.0},{"damage":6.0,"enemies":"Transient","floor":47.0,"turns":5.0},{"damage":7.0,"enemies":"Writhing Mass","floor":48.0,"turns":4.0},{"damage":34.0,"enemies":"Donu and Deca","floor":50.0,"turns":5.0},{"damage":4,"enemies":"Shield and Spear","floor":54,"turns":1},{"damage":56,"enemies":"The Heart","floor":55,"turns":6}],"seed_played":"6339299788359035558","potions_obtained":[{"floor":4.0,"key":"LiquidMemories"},{"floor":4.0,"key":"FearPotion"},{"floor":8.0,"key":"Ancient Potion"},{"floor":12.0,"key":"AttackPotion"},{"floor":14.0,"key":"PowerPotion"},{"floor":16.0,"key":"Fire Potion"},{"floor":22.0,"key":"Block Potion"},{"floor":23.0,"key":"LiquidBronze"},{"floor":29.0,"key":"Weak Potion"},{"floor":35.0,"key":"Strength Potion"},{"floor":38.0,"key":"BlessingOfTheForge"},{"floor":38.0,"key":"Languid Potion"},{"floor":40.0,"key":"Venom Potion"},{"floor":42.0,"key":"AttackPotion"},{"floor":44.0,"key":"LiquidMemories"}],"is_trial":false,"path_per_floor":["M","?","$","?","M","R","M","E","T","R","M","M","R","E","R","B",null,"M","$","?","M","M","E","M","?","T","?","R","E","$","M","R","B",null,"M","M","?","?","M","E","R","E","T","M","$","R","M","M","R","B",null,"R","$","E","B",null],"character_chosen":"HERMIT","items_purchased":["ReplayTheSpireMod:Ninjato","Membership Card","hermit:Brawl","Dream Catcher","ClockworkSouvenir","REME_CardOfGreed","Darkstone Periapt","PowerPotion","hermit:Combo","Mayhem","Bird Faced Urn","hermit:Tonic"],"campfire_rested":8,"item_purchase_floors":[19,30,30,45,45,45,45,45,53,53,53,53],"current_hp_per_floor":[71,71,71,71,69,69,66,38,38,60,53,43,65,39,61,16,75,58,58,58,58,48,29,29,29,29,29,51,34,34,32,54,43,75,52,41,41,41,41,33,55,55,55,53,53,73,67,60,60,26,71,71,71,67,30],"gold":342,"neow_bonus":"BOSS_RELIC","is_daily":false,"chose_seed":false,"campfire_upgraded":1,"win_rate":0.0,"timestamp":1608552492,"path_taken":["M","?","?","?","M","R","M","E","T","R","M","M","R","E","R","BOSS","M","$","?","M","M","E","M","?","T","?","R","E","?","?","R","BOSS","M","M","?","?","M","E","R","E","T","M","?","R","M","?","R","BOSS","R","$","E","BOSS"],"items_purchased_type":["Relic","Relic","Card","Relic","Relic","Relic","Relic","Potion","Card","Card","Relic","Potion"],"build_version":"2020-12-13","purchased_purges":2,"victory":true,"max_hp_per_floor":[75,75,75,75,75,75,75,75,75,75,75,75,75,75,75,75,75,75,75,75,75,75,75,75,75,75,75,75,75,75,75,75,75,75,75,75,75,75,75,75,75,75,75,75,75,73,73,73,71,71,71,71,71,71,69],"card_choices":[{"not_picked":["hermit:TrackingShot","hermit:HoleUp"],"picked":"hermit:Ricochet","floor":1.0},{"not_picked":[],"picked":"hermit:SprayPray","floor":2.0},{"not_picked":[],"picked":"hermit:CursedWeapon","floor":2.0},{"not_picked":[],"picked":"hermit:HighNoon","floor":2.0},{"not_picked":["hermit:FlashPowder","hermit:Enervate"],"picked":"hermit:Headshot","floor":5.0},{"not_picked":["hermit:LowProfile","hermit:Ricochet"],"picked":"hermit:Malice","floor":7.0},{"not_picked":["hermit:Dive","hermit:TrackingShot"],"picked":"hermit:FinalCanter","floor":8.0},{"not_picked":["hermit:Malice","hermit:TrackingShot"],"picked":"hermit:GoldenBullet","floor":11.0},{"not_picked":["hermit:HighCaliber","hermit:Misfire","hermit:Spite"],"picked":"SKIP","floor":12.0},{"not_picked":["hermit:SprayPray","hermit:Vantage"],"picked":"hermit:Malice","floor":14.0},{"not_picked":["hermit:Roughhouse","hermit:OverwhelmingPower"],"picked":"hermit:EternalForm","floor":16.0},{"not_picked":["hermit:TrackingShot","hermit:SprayPray+1"],"picked":"hermit:NoHoldsBarred","floor":18.0},{"not_picked":["hermit:Dive","hermit:Cheat","hermit:TrackingShot"],"picked":"SKIP","floor":18.0},{"not_picked":["hermit:Scavenge","hermit:Ricochet"],"picked":"hermit:Dive+1","floor":21.0},{"not_picked":["hermit:Cheat","hermit:Misfire","hermit:GoldenBullet"],"picked":"SKIP","floor":21.0},{"not_picked":["hermit:Cheat","hermit:Misfire","hermit:GoldenBullet"],"picked":"SKIP","floor":21.0},{"not_picked":["hermit:Cheat","hermit:Quickdraw","hermit:HeroicBravado"],"picked":"SKIP","floor":22.0},{"not_picked":["hermit:Roulette+1","hermit:Misfire+1","hermit:Enervate"],"picked":"SKIP","floor":22.0},{"not_picked":["hermit:FullyLoaded","hermit:Glare","hermit:Purgatory"],"picked":"SKIP","floor":23.0},{"not_picked":["hermit:Midnight","hermit:Manifest+1"],"picked":"hermit:Snipe+1","floor":24.0},{"not_picked":["hermit:Glare+1","hermit:CalledShot+1"],"picked":"hermit:Manifest","floor":24.0},{"not_picked":["hermit:TrackingShot","hermit:Feint+1"],"picked":"hermit:BigShot","floor":29.0},{"not_picked":["hermit:Grudge+1","hermit:Snipe"],"picked":"hermit:Gestalt","floor":31.0},{"not_picked":["hermit:SprayPray","hermit:BodyArmor+1"],"picked":"hermit:Determination+1","floor":31.0},{"not_picked":["hermit:GhostlyPresence","hermit:HoleUp+1","expansioncontent:SuperHexaguard"],"picked":"hermit:ItchyTrigger+1","floor":35.0},{"not_picked":["hermit:Manifest","hermit:Desperado+1","hermit:HighCaliber"],"picked":"AT_EmpoweredMortalDraw","floor":35.0},{"not_picked":["hermit:Coalescence+1","hermit:GoldenBullet+1","hermit:EternalForm"],"picked":"expansioncontent:CaCaw","floor":36.0},{"not_picked":["hermit:TrackingShot","hermit:Deadeye","hermit:Spite+1","expansioncontent:Flail+1"],"picked":"SKIP","floor":36.0},{"not_picked":["hermit:CursedWeapon","hermit:Deadeye+1","Good Instincts+1"],"picked":"hermit:Brawl+1","floor":39.0},{"not_picked":["hermit:Misfire","hermit:EyeOfTheStorm","AT_EmpoweredMortalDraw"],"picked":"hermit:GoldenBullet+1","floor":39.0},{"not_picked":["hermit:Glare","hermit:Desperado","hermit:HighCaliber"],"picked":"Master of Strategy","floor":40.0},{"not_picked":["hermit:Determination","hermit:Quickdraw","expansioncontent:Corrupt"],"picked":"hermit:Brawl","floor":42.0},{"not_picked":["hermit:Malice+1","hermit:Vantage+1","hermit:FullyLoaded"],"picked":"expansioncontent:DarkVoid","floor":44.0},{"not_picked":["hermit:LowProfile","hermit:Snipe+1","expansioncontent:LastStand"],"picked":"hermit:ItchyTrigger+1","floor":44.0},{"not_picked":["hermit:Manifest+1","hermit:Desperado+1","hermit:LowProfile"],"picked":"expansioncontent:CaCaw+1","floor":47.0},{"not_picked":["hermit:Manifest+1","hermit:NoHoldsBarred+1","hermit:Desperado+1","Mind Blast+1"],"picked":"SKIP","floor":47.0},{"not_picked":["hermit:FullyLoaded+1","hermit:HoleUp+1","hermit:Desperado"],"picked":"Replay:SS_fish_3+1","floor":48.0},{"not_picked":["hermit:Headshot+1","hermit:BigShot+1","Thinking Ahead"],"picked":"hermit:Adapt","floor":48.0},{"not_picked":["hermit:FullyLoaded+1","hermit:Roulette+1","hermit:DeadMansHand"],"picked":"expansioncontent:DecasProtection","floor":54}],"player_experience":669700,"relics_obtained":[{"floor":8.0,"key":"Smiling Mask"},{"floor":9.0,"key":"Gremlin Food"},{"floor":14.0,"key":"Whetstone"},{"floor":17.0,"key":"Prayer Wheel"},{"floor":17.0,"key":"Mirror"},{"floor":17.0,"key":"AT_ChloranthyRing"},{"floor":23.0,"key":"Nunchaku"},{"floor":26.0,"key":"Boot"},{"floor":29.0,"key":"AT_Manta"},{"floor":34.0,"key":"CeramicFish"},{"floor":34.0,"key":"Replay:Mystery Machine"},{"floor":38.0,"key":"ReplayTheSpireMod:Ring of Exchange"},{"floor":38.0,"key":"ReplayTheSpireMod:Ring of Addiction"},{"floor":38.0,"key":"Potion Belt"},{"floor":38.0,"key":"Circlet"},{"floor":40.0,"key":"Gambling Chip"},{"floor":42.0,"key":"AT_TheCollector"},{"floor":54,"key":"Counterbalance"}],"event_choices":[{"damage_healed":0.0,"max_hp_gain":0.0,"max_hp_loss":0.0,"gold_gain":0.0,"event_name":"The Woman in Blue","player_choice":"Bought 2 Potions","floor":4.0,"gold_loss":0.0,"damage_taken":0.0},{"damage_healed":0.0,"max_hp_gain":0.0,"max_hp_loss":0.0,"gold_gain":99.0,"event_name":"Nest","player_choice":"Stole From Cult","floor":20.0,"gold_loss":0.0,"damage_taken":0.0},{"damage_healed":0.0,"max_hp_gain":0.0,"max_hp_loss":0.0,"gold_gain":0.0,"event_name":"The Library","player_choice":"Read","floor":27.0,"gold_loss":0.0,"damage_taken":0.0,"cards_obtained":["hermit:Maintenance"]},{"damage_healed":0.0,"max_hp_gain":0.0,"max_hp_loss":0.0,"gold_gain":0.0,"event_name":"SensoryStone","player_choice":"Memory 1","floor":37.0,"gold_loss":0.0,"damage_taken":0.0}],"is_beta":false,"boss_relics":[{"not_picked":["Sozu","Cursed Key"],"picked":"Calling Bell"},{"not_picked":["Astrolabe","Runic Dome"],"picked":"Replay:Grab Bag"},{"not_picked":["ChewingGum","Philosopher\u0027s Stone"],"picked":"Fusion Hammer"},{"not_picked":["Coffee Dripper","Busted Crown"],"picked":"SlaversCollar"},{"not_picked":["Pandora\u0027s Box","REME_DuelDisc"],"picked":"SacredBark"},{"not_picked":["hermit:BartenderGlass","Kintsugi"],"picked":"REME_LowDesire"}],"items_purged_floors":[30,45],"is_endless":false,"potions_floor_spawned":[8,12,14,16,21,22,23,29,35,40,42,44],"ascension_level":0}}