{"host":"byu8oejwd0fdcxn8","time":1608568206,"event":{"mods":["Act Like it!","Arknights The Spire","BaseMod","Colored Map","Minty Spire (QoL Compilation)","StSLib"],"gold_per_floor":[117,127,147,167,185,185,200,200,200,200,200,200,200,216,216,216,216],"floor_reached":16,"playtime":341,"items_purged":[],"score":94,"play_id":"77746233-7348-48b9-8274-c14f9204b759","local_time":"20201222013006","is_ascension_mode":false,"campfire_choices":[{"data":"ats:Just Like an Apocalypse","floor":13,"key":"SMITH"},{"data":"ats:Revitalization","floor":15,"key":"SMITH"}],"circlet_count":0,"master_deck":["ats:Powerful Strike","ats:Powerful Strike+1","ats:Powerful Strike","ats:Armor Crushing Shot","ats:Defend Up","ats:Defend Up","ats:Defend Up","ats:Defend Up","ats:Emotion Absorption","ats:Emotion Absorption+1","ats:Consecutive Shot: Auto","ats:Just Like an Apocalypse+1","ats:Flexible Camouflage","ats:Composite Medical Shells","ats:Durian","ats:Revitalization+1","ats:Just Like an Apocalypse"],"relics":["ats:Sanity","NeowsBlessing","ats:Originium","ats:Originium","Vajra","ats:Originium"],"acts_visited":["Exordium"],"potions_floor_usage":[7,16],"damage_taken":[{"damage":0,"enemies":"Jaw Worm","floor":1,"turns":1},{"damage":0,"enemies":"2 Louse","floor":2,"turns":1},{"damage":0,"enemies":"Cultist","floor":3,"turns":1},{"damage":2,"enemies":"Blue Slaver","floor":4,"turns":3},{"damage":9,"enemies":"Gremlin Gang","floor":5,"turns":5},{"damage":18,"enemies":"Red Slaver","floor":7,"turns":2},{"damage":0,"enemies":"Large Slime","floor":14,"turns":5},{"damage":58,"enemies":"Slime Boss","floor":16,"turns":7}],"seed_played":"-8782402719953530444","potions_obtained":[{"floor":4,"key":"GamblersBrew"},{"floor":5,"key":"DistilledChaos"},{"floor":7,"key":"BlessingOfTheForge"}],"is_trial":false,"path_per_floor":["M","M","M","M","M","R","M","R","T","?","R","?","R","M","R","B"],"character_chosen":"DOCTOR_CLASS","items_purchased":[],"campfire_rested":0,"item_purchase_floors":[],"current_hp_per_floor":[72,72,72,72,65,65,49,49,49,35,35,35,35,44,44,0,0],"gold":216,"neow_bonus":"THREE_ENEMY_KILL","is_daily":false,"chose_seed":false,"campfire_upgraded":2,"win_rate":0.0,"timestamp":1608568206,"path_taken":["M","M","M","M","M","R","M","R","T","?","R","?","R","M","R","BOSS"],"items_purchased_type":[],"build_version":"2020-12-13","purchased_purges":0,"victory":false,"max_hp_per_floor":[72,72,72,72,72,72,72,72,72,72,72,72,72,72,72,72,72],"card_choices":[{"not_picked":["ats:Cat Scratch","ats:Curse Doll"],"picked":"ats:Consecutive Shot: Auto","floor":1},{"not_picked":["ats:Attack Strengthen","ats:Flexible Camouflage"],"picked":"ats:Just Like an Apocalypse","floor":2},{"not_picked":["ats:Cat Scratch","ats:Attack Strengthen"],"picked":"ats:Flexible Camouflage","floor":3},{"not_picked":["ats:Thorns","ats:Revitalization"],"picked":"ats:Composite Medical Shells","floor":4},{"not_picked":["ats:Cat Scratch","ats:Shell Defense"],"picked":"ats:Durian","floor":5},{"not_picked":["ats:Attack Strengthen","ats:Sunburst"],"picked":"ats:Revitalization","floor":7},{"not_picked":["ats:Cat Scratch","ats:Assault Order"],"picked":"ats:Just Like an Apocalypse","floor":14}],"player_experience":1035881,"relics_obtained":[{"floor":6,"key":"ats:Originium"},{"floor":8,"key":"ats:Originium"},{"floor":9,"key":"Vajra"},{"floor":11,"key":"ats:Originium"}],"event_choices":[{"damage_healed":0,"gold_gain":0,"player_choice":"Entered Light","damage_taken":14,"max_hp_gain":0,"max_hp_loss":0,"event_name":"Shining Light","floor":10,"gold_loss":0,"cards_upgraded":["ats:Powerful Strike","ats:Emotion Absorption"]},{"damage_healed":0,"gold_gain":0,"player_choice":"Ignored","damage_taken":0,"max_hp_gain":0,"max_hp_loss":0,"event_name":"NoteForYourself","floor":12,"gold_loss":0}],"is_beta":false,"boss_relics":[],"items_purged_floors":[],"is_endless":false,"potions_floor_spawned":[4,5,7],"killed_by":"Slime Boss","ascension_level":0}}