{"host":"sav7uxregyirlf69","time":1608558873,"event":{"mods":["AchievementEnabler","BaseMod","Colored Map","DeckTracker","Keyboard Shortcuts","Minty Spire (QoL Compilation)","READ ME - Guardian Mod","StSLib","SuperFastMode"],"gold_per_floor":[111,111,130,130,130,156,169,188,242,242,258,269,269,283,283,385,385,399,78,90,189,189,189,221,221,221,221,250,269,285,285,285,386,386,406,406,406,422,450,450,450],"floor_reached":40,"playtime":754,"items_purged":["Strike_R"],"score":678,"play_id":"0ca50e6e-1c95-4e12-8297-a33b7a395bbb","local_time":"20201221225433","is_ascension_mode":true,"campfire_choices":[{"data":"Hemokinesis","floor":10.0,"key":"SMITH"},{"data":"Rampage","floor":13.0,"key":"SMITH"},{"data":"Disarm","floor":15.0,"key":"SMITH"},{"data":"Offering","floor":23.0,"key":"SMITH"},{"data":"Pommel Strike","floor":27.0,"key":"SMITH"},{"data":"Burning Pact","floor":32.0,"key":"SMITH"}],"circlet_count":0,"master_deck":["AscendersBane","Defend_R","Defend_R","Defend_R","Bash","Hemokinesis+1","Rampage+1","Disarm+1","Shrug It Off","Offering+1","Headbutt","Purity","Pommel Strike+1","Burning Pact+1","Rage"],"relics":["Burning Blood","NeowsBlessing","Singing Bowl","Boot","Ancient Tea Set","Sozu","TheAbacus","CeramicFish","Question Card","Empty Cage"],"acts_visited":["Exordium","TheCity","TheBeyond"],"potions_floor_usage":[33,33],"damage_taken":[{"damage":0.0,"enemies":"2 Louse","floor":1.0,"turns":1.0},{"damage":0.0,"enemies":"Cultist","floor":3.0,"turns":1.0},{"damage":0.0,"enemies":"Lagavulin","floor":6.0,"turns":1.0},{"damage":13.0,"enemies":"Jaw Worm","floor":7.0,"turns":4.0},{"damage":6.0,"enemies":"3 Louse","floor":8.0,"turns":4.0},{"damage":10.0,"enemies":"Large Slime","floor":11.0,"turns":5.0},{"damage":6.0,"enemies":"Looter","floor":12.0,"turns":3.0},{"damage":7.0,"enemies":"3 Louse","floor":14.0,"turns":4.0},{"damage":10.0,"enemies":"The Guardian","floor":16.0,"turns":11.0},{"damage":18.0,"enemies":"2 Thieves","floor":18.0,"turns":4.0},{"damage":11.0,"enemies":"Chosen","floor":20.0,"turns":4.0},{"damage":37.0,"enemies":"Book of Stabbing","floor":24.0,"turns":6.0},{"damage":8.0,"enemies":"Centurion and Healer","floor":28.0,"turns":4.0},{"damage":13.0,"enemies":"Chosen and Byrds","floor":29.0,"turns":4.0},{"damage":21.0,"enemies":"3 Cultists","floor":30.0,"turns":5.0},{"damage":38,"enemies":"Champ","floor":33,"turns":6},{"damage":40,"enemies":"3 Darklings","floor":35,"turns":4},{"damage":14,"enemies":"3 Shapes","floor":38,"turns":4},{"damage":21,"enemies":"Maw","floor":39,"turns":5},{"damage":26,"enemies":"Nemesis","floor":40,"turns":2}],"seed_played":"-7064907305939093993","potions_obtained":[{"floor":1.0,"key":"Block Potion"},{"floor":2.0,"key":"ColorlessPotion"},{"floor":2.0,"key":"LiquidMemories"},{"floor":11.0,"key":"SpeedPotion"},{"floor":16.0,"key":"Strength Potion"}],"is_trial":false,"path_per_floor":["M","?","M","?","?","E","M","M","T","R","M","M","R","M","R","B",null,"M","$","M","?","?","R","E","?","T","R","M","M","M","?","R","B",null,"M","?","?","M","M","E"],"character_chosen":"IRONCLAD","items_purchased":["Purity","TheAbacus"],"campfire_rested":0,"item_purchase_floors":[19,19],"current_hp_per_floor":[78,78,80,38,38,44,37,39,39,39,37,39,39,40,40,36,75,63,63,60,60,60,60,31,31,31,31,29,24,11,43,43,13,77,45,45,45,39,24,0,0],"gold":450,"neow_bonus":"THREE_ENEMY_KILL","is_daily":false,"chose_seed":false,"campfire_upgraded":6,"win_rate":0.0,"timestamp":1608558873,"path_taken":["M","?","?","?","?","E","M","M","T","R","M","M","R","M","R","BOSS","M","$","M","?","?","R","E","?","T","R","M","M","M","?","R","BOSS","M","?","?","M","M","E"],"items_purchased_type":["Card","Relic"],"build_version":"2020-12-13","purchased_purges":1,"victory":false,"max_hp_per_floor":[80,80,80,80,80,80,80,82,82,82,84,86,86,88,88,88,88,88,88,90,90,90,90,92,92,92,92,92,94,96,96,96,98,98,100,100,100,102,102,102,102],"card_choices":[{"not_picked":["Ghostly Armor","Sentinel"],"picked":"Hemokinesis","floor":1.0},{"not_picked":["Armaments","Sword Boomerang","Fire Breathing"],"picked":"SKIP","floor":3.0},{"not_picked":["Shrug It Off","Perfected Strike"],"picked":"Disarm","floor":6.0},{"not_picked":["Body Slam","Anger"],"picked":"Shrug It Off","floor":7.0},{"not_picked":["Intimidate","Double Tap","Seeing Red"],"picked":"Singing Bowl","floor":8.0},{"not_picked":["Cleave","Headbutt","Thunderclap"],"picked":"Singing Bowl","floor":11.0},{"not_picked":["Sever Soul","Body Slam","Hemokinesis"],"picked":"Singing Bowl","floor":12.0},{"not_picked":["Perfected Strike","Shrug It Off","Spot Weakness"],"picked":"Singing Bowl","floor":14.0},{"not_picked":["Brutality","Immolate"],"picked":"Offering","floor":16.0},{"not_picked":["Anger+1","Twin Strike"],"picked":"Headbutt","floor":18.0},{"not_picked":["Carnage","Bloodletting","Spot Weakness"],"picked":"Singing Bowl","floor":20.0},{"not_picked":["Evolve","Warcry+1","Dark Embrace"],"picked":"Singing Bowl","floor":24.0},{"not_picked":["Infernal Blade","True Grit","Seeing Red"],"picked":"Burning Pact","floor":28.0},{"not_picked":["Cleave+1","Berserk","Spot Weakness","Wild Strike+1"],"picked":"Singing Bowl","floor":29.0},{"not_picked":["Thunderclap","Evolve","Dual Wield+1","Inflame"],"picked":"Singing Bowl","floor":30.0},{"not_picked":["Corruption","Double Tap","Immolate","Brutality"],"picked":"Singing Bowl","floor":33},{"not_picked":["True Grit","Havoc","Sword Boomerang","Wild Strike+1"],"picked":"Singing Bowl","floor":35},{"not_picked":["Sword Boomerang+1","Iron Wave+1","Shockwave+1","Body Slam"],"picked":"Singing Bowl","floor":38},{"not_picked":["Flame Barrier","Disarm","Twin Strike"],"picked":"Rage","floor":39}],"player_experience":984849,"relics_obtained":[{"floor":6.0,"key":"Boot"},{"floor":9.0,"key":"Ancient Tea Set"},{"floor":24.0,"key":"CeramicFish"},{"floor":26.0,"key":"Question Card"}],"event_choices":[{"damage_healed":0.0,"max_hp_gain":0.0,"max_hp_loss":0.0,"gold_gain":0.0,"event_name":"Lab","player_choice":"Got Potions","floor":2.0,"gold_loss":0.0,"damage_taken":0.0},{"damage_healed":0.0,"max_hp_gain":0.0,"max_hp_loss":0.0,"gold_gain":0.0,"event_name":"Scrap Ooze","player_choice":"Success","floor":4.0,"gold_loss":0.0,"damage_taken":42.0,"relics_obtained":["Singing Bowl"]},{"damage_healed":0.0,"max_hp_gain":0.0,"max_hp_loss":0.0,"gold_gain":0.0,"cards_transformed":["Strike_R"],"event_name":"Living Wall","player_choice":"Change","floor":5.0,"gold_loss":0.0,"damage_taken":0.0,"cards_obtained":["Rampage"]},{"damage_healed":0.0,"max_hp_gain":0.0,"max_hp_loss":0.0,"gold_gain":99.0,"event_name":"Nest","player_choice":"Stole From Cult","floor":21.0,"gold_loss":0.0,"damage_taken":0.0},{"damage_healed":0.0,"max_hp_gain":0.0,"max_hp_loss":0.0,"gold_gain":0.0,"cards_transformed":["Strike_R","Strike_R"],"event_name":"Drug Dealer","player_choice":"Became Test Subject","floor":22.0,"gold_loss":0.0,"damage_taken":0.0,"cards_obtained":["Twin Strike","Pommel Strike"]},{"damage_healed":0.0,"max_hp_gain":0.0,"max_hp_loss":0.0,"gold_gain":0.0,"event_name":"The Mausoleum","player_choice":"Ignored","floor":25.0,"gold_loss":0.0,"damage_taken":0.0},{"damage_healed":32.0,"max_hp_gain":0.0,"max_hp_loss":0.0,"gold_gain":0.0,"event_name":"The Library","player_choice":"Heal","floor":31.0,"gold_loss":0.0,"damage_taken":0.0},{"damage_healed":0,"gold_gain":0,"player_choice":"Ignored","damage_taken":0,"max_hp_gain":0,"max_hp_loss":0,"event_name":"Tomb of Lord Red Mask","floor":36,"gold_loss":0},{"cards_removed":["Defend_R"],"damage_healed":0,"gold_gain":0,"player_choice":"Purged","damage_taken":0,"max_hp_gain":0,"max_hp_loss":0,"event_name":"Purifier","floor":37,"gold_loss":0}],"is_beta":false,"boss_relics":[{"not_picked":["Black Star","Fusion Hammer"],"picked":"Sozu"},{"not_picked":["Velvet Choker","Coffee Dripper"],"picked":"Empty Cage"}],"items_purged_floors":[19],"is_endless":false,"potions_floor_spawned":[1,11,14,16,20,28,29,39],"killed_by":"Nemesis","ascension_level":10}}