{"host":"vhvm1b4sel61ztfv","time":1608581326,"event":{"mods":["BaseMod","Minty Spire (QoL Compilation)","Replay The Spire","StSLib"],"gold_per_floor":[114,10,10,10,90,90,102,102,125,47,80,93,112,112,112,214,264,274,290,302,6,19,19,19],"floor_reached":23,"playtime":996,"items_purged":["Pain"],"score":216,"play_id":"1a4c302e-c142-4830-b436-45d7c5694d13","local_time":"20201221150846","is_ascension_mode":false,"campfire_choices":[{"data":"FIFO Queue","floor":6,"key":"SMITH"},{"data":"Streamline","floor":8,"key":"SMITH"}],"circlet_count":0,"master_deck":["Strike_B+3","Strike_B+1","Strike_B","Strike_B+1","Defend_B","Defend_B","Defend_B","Defend_B","Zap","Dualcast","Streamline+1","FIFO Queue+1","Streamline+1","Regret","Barrage","Lockon+1","Self Repair+1","Doom and Gloom","Leap","Buffer","Ball Lightning","Cold Snap","Aggregate","Melter","ReplaySort"],"relics":["Cracked Core","NeowsBlessing","Simple Rune","White Beast Statue","Replay:Mystery Machine","Orichalcum","WarpedTongs","Tiny House","Whetstone"],"acts_visited":["Exordium","TheCity"],"potions_floor_usage":[16,16,16,18,18,20,22,23],"damage_taken":[{"damage":0,"enemies":"Jaw Worm","floor":1,"turns":1},{"damage":0,"enemies":"Small Slimes","floor":7,"turns":1},{"damage":0,"enemies":"3 Sentries","floor":11,"turns":1},{"damage":3,"enemies":"Cultist","floor":12,"turns":3},{"damage":2,"enemies":"Lots of Slimes","floor":13,"turns":2},{"damage":42,"enemies":"Hexaghost","floor":16,"turns":9},{"damage":5,"enemies":"Spheric Guardian","floor":18,"turns":3},{"damage":16,"enemies":"2 Thieves","floor":19,"turns":3},{"damage":19,"enemies":"Snake Plant","floor":20,"turns":4},{"damage":13,"enemies":"Shelled Parasite and Fungi","floor":22,"turns":4},{"damage":40,"enemies":"Replay:Snechameleon","floor":23,"turns":9}],"seed_played":"8951873807569262404","potions_obtained":[{"floor":7,"key":"Elixir"},{"floor":11,"key":"SteroidPotion"},{"floor":12,"key":"Energy Potion"},{"floor":16,"key":"Ancient Potion"},{"floor":17,"key":"DistilledChaos"},{"floor":18,"key":"SteroidPotion"},{"floor":19,"key":"SpeedPotion"},{"floor":20,"key":"SkillPotion"},{"floor":22,"key":"Block Potion"}],"is_trial":false,"path_per_floor":["M","$","?","?","T","R","M","R","T","$","E","M","M","?","R","B",null,"M","M","M","$","M","E"],"character_chosen":"DEFECT","items_purchased":["FIFO Queue","Streamline+1","Lockon","Whetstone","Melter"],"campfire_rested":0,"item_purchase_floors":[2,2,10,21,21],"current_hp_per_floor":[75,75,75,75,75,75,75,75,75,75,75,75,73,73,75,33,80,75,59,50,50,37,0,0],"gold":19,"neow_bonus":"THREE_ENEMY_KILL","is_daily":false,"chose_seed":false,"campfire_upgraded":2,"win_rate":0.0,"timestamp":1608581326,"path_taken":["M","$","?","?","?","R","M","R","T","$","E","M","M","?","R","BOSS","M","?","?","?","M","E"],"items_purchased_type":["Card","Card","Card","Relic","Card"],"build_version":"2020-12-13","purchased_purges":1,"victory":false,"max_hp_per_floor":[75,75,75,75,75,75,75,75,75,75,75,75,75,75,75,75,80,80,80,80,80,80,80,80],"card_choices":[{"not_picked":["Coolheaded","Stack"],"picked":"Streamline","floor":1},{"not_picked":["Turbo","Reboot"],"picked":"Barrage","floor":7},{"not_picked":["Ball Lightning","ReplaySort"],"picked":"Self Repair","floor":11},{"not_picked":["Redo","Hologram"],"picked":"Doom and Gloom","floor":12},{"not_picked":["Compile Driver","Redo"],"picked":"Leap","floor":13},{"not_picked":["Meteor Strike","Multi-Cast"],"picked":"Buffer","floor":16},{"not_picked":["Hologram","Rebound"],"picked":"Ball Lightning","floor":17},{"not_picked":["Redo","Leap"],"picked":"Cold Snap","floor":18},{"not_picked":["Beam Cell","Go for the Eyes+1"],"picked":"Aggregate","floor":19},{"not_picked":["Sweeping Beam","ReplayTheSpireMod:Repulse+1","Cold Snap+1"],"picked":"SKIP","floor":20},{"not_picked":["Stack+1","Hologram"],"picked":"ReplaySort","floor":22}],"player_experience":49674,"relics_obtained":[{"floor":5,"key":"White Beast Statue"},{"floor":9,"key":"Replay:Mystery Machine"},{"floor":11,"key":"Orichalcum"}],"event_choices":[{"damage_healed":0,"gold_gain":0,"player_choice":"Box","damage_taken":0,"relics_obtained":["Simple Rune"],"max_hp_gain":0,"max_hp_loss":0,"event_name":"Big Fish","floor":3,"gold_loss":0,"cards_obtained":["Regret"]},{"damage_healed":0,"gold_gain":0,"player_choice":"Rummage","damage_taken":0,"relics_obtained":["WarpedTongs"],"max_hp_gain":0,"max_hp_loss":0,"event_name":"Accursed Blacksmith","floor":14,"gold_loss":0,"cards_obtained":["Pain"]}],"is_beta":false,"boss_relics":[{"not_picked":["Pandora\u0027s Box","Empty Cage"],"picked":"Tiny House"}],"items_purged_floors":[21],"is_endless":false,"potions_floor_spawned":[7,11,12,13,16,18,19,20,22],"killed_by":"Replay:Snechameleon","ascension_level":0}}