{"host":"zig6x0mxqzam82fb","time":1608592303,"event":{"mods":["BaseMod","Block Reminder","Colored Map","Colored Powertips","Minty Spire (QoL Compilation)","Relic Stats"],"gold_per_floor":[119,135,60,80,92,127,127,192,254,266,299,334,161,161,161,161,161],"floor_reached":16,"playtime":782,"items_purged":["Strike_B","Injury"],"score":128,"play_id":"12a7ee93-02d0-41b5-8058-75607f3a125b","local_time":"20201221181143","is_ascension_mode":true,"campfire_choices":[{"floor":7,"key":"REST"},{"floor":15,"key":"REST"}],"circlet_count":0,"master_deck":["Strike_B","Strike_B","Strike_B","Defend_B","Defend_B","Defend_B","Defend_B","Zap","Dualcast","Chaos","Sunder","Sweeping Beam","Reboot","Fission","Double Energy","Cold Snap","Undo","Flash of Steel"],"relics":["Cracked Core","NeowsBlessing","Frozen Egg 2","MawBank","Tiny Chest","Golden Idol","Mercury Hourglass"],"acts_visited":[],"potions_floor_usage":[11,16],"damage_taken":[{"damage":0.0,"enemies":"Cultist","floor":1.0,"turns":1.0},{"damage":0.0,"enemies":"Jaw Worm","floor":2.0,"turns":1.0},{"damage":0.0,"enemies":"2 Louse","floor":4.0,"turns":1.0},{"damage":19.0,"enemies":"Exordium Thugs","floor":5.0,"turns":3.0},{"damage":16.0,"enemies":"Gremlin Nob","floor":6.0,"turns":3.0},{"damage":35,"enemies":"3 Sentries","floor":8,"turns":6},{"damage":0,"enemies":"3 Louse","floor":11,"turns":2},{"damage":0,"enemies":"Gremlin Gang","floor":12,"turns":3},{"damage":71,"enemies":"Hexaghost","floor":16,"turns":11}],"seed_played":"6072887465572222799","potions_obtained":[{"floor":1.0,"key":"PotionOfCapacity"},{"floor":2.0,"key":"BlessingOfTheForge"},{"floor":8,"key":"BlessingOfTheForge"},{"floor":11,"key":"Regen Potion"}],"is_trial":false,"path_per_floor":["M","M","$","M","M","E","R","?","T","?","M","M","$","T","R","B"],"character_chosen":"DEFECT","items_purchased":["Flash of Steel"],"campfire_rested":2,"item_purchase_floors":[13],"current_hp_per_floor":[75,75,75,75,56,40,62,27,27,27,27,27,27,27,49,0,0],"gold":161,"neow_bonus":"THREE_ENEMY_KILL","is_daily":false,"chose_seed":false,"campfire_upgraded":0,"win_rate":0.0,"timestamp":1608592303,"path_taken":["M","M","$","M","?","E","R","?","T","?","M","?","?","?","R","BOSS"],"items_purchased_type":["Card"],"build_version":"2020-12-13","purchased_purges":2,"victory":false,"max_hp_per_floor":[75,75,75,75,75,75,75,75,75,75,75,75,75,75,75,75,75],"relic_stats":{"counters":[4,22],"Golden Idol":9,"Tiny Chest":1,"MawBank":60,"obtain_stats":[{"NeowsBlessing":0,"Golden Idol":10,"Tiny Chest":9,"Frozen Egg 2":0,"Cracked Core":0,"MawBank":8,"Mercury Hourglass":14},{"NeowsBlessing":0,"Golden Idol":1,"Tiny Chest":1,"Frozen Egg 2":0,"Cracked Core":0,"MawBank":1,"Mercury Hourglass":3},{"NeowsBlessing":0,"Golden Idol":6,"Tiny Chest":6,"Frozen Egg 2":0,"Cracked Core":0,"MawBank":6,"Mercury Hourglass":11}],"Mercury Hourglass":[30]},"card_choices":[{"not_picked":["Barrage","Static Discharge"],"picked":"Chaos","floor":1.0},{"not_picked":["Beam Cell","Coolheaded","Sunder"],"picked":"SKIP","floor":2.0},{"not_picked":["Beam Cell","Coolheaded"],"picked":"Sunder","floor":2.0},{"not_picked":["Steam","Aggregate"],"picked":"Sweeping Beam","floor":4.0},{"not_picked":["Barrage","Stack"],"picked":"Reboot","floor":5.0},{"not_picked":["Blizzard","Steam"],"picked":"Fission","floor":6.0},{"not_picked":["Go for the Eyes","Compile Driver"],"picked":"Double Energy","floor":8},{"not_picked":["Capacitor+1","Melter"],"picked":"Cold Snap","floor":11},{"not_picked":["Coolheaded","FTL"],"picked":"Undo","floor":12}],"player_experience":290996,"relics_obtained":[{"floor":6.0,"key":"Frozen Egg 2"},{"floor":8,"key":"MawBank"},{"floor":9,"key":"Tiny Chest"},{"floor":14,"key":"Mercury Hourglass"}],"event_choices":[{"damage_healed":0,"gold_gain":0,"player_choice":"Searched \u00272\u0027 times","damage_taken":0,"max_hp_gain":0,"max_hp_loss":0,"event_name":"Dead Adventurer","floor":8,"gold_loss":0},{"damage_healed":0,"gold_gain":0,"player_choice":"Take Wound","damage_taken":0,"relics_obtained":["Golden Idol"],"max_hp_gain":0,"max_hp_loss":0,"event_name":"Golden Idol","floor":10,"gold_loss":0,"cards_obtained":["Injury"]}],"is_beta":false,"boss_relics":[],"items_purged_floors":[3,13],"is_endless":false,"potions_floor_spawned":[1,2,8,11],"killed_by":"Hexaghost","ascension_level":5}}