{"host":"0rg7s82m7tu5l1cb","time":1608523371,"event":{"mods":["BaseMod","Downfall","Hermit","Minty Spire (QoL Compilation)","Replay The Spire","StSLib"],"gold_per_floor":[110,110,125,125,136,167,167,217,240,250,262,281,281,299,299,399,399,416,434,124,135,135,135,135],"floor_reached":23,"playtime":1715,"items_purged":[],"score":245,"play_id":"5734606b-0afb-4613-85de-d195511a5b5c","local_time":"20201221010251","is_ascension_mode":false,"campfire_choices":[{"floor":13,"key":"REST"},{"floor":15,"key":"REST"}],"circlet_count":0,"master_deck":["hermit:Strike_Hermit","hermit:Strike_Hermit","hermit:Strike_Hermit","hermit:Strike_Hermit+1","hermit:Defend_Hermit","hermit:Defend_Hermit","hermit:Defend_Hermit","hermit:Defend_Hermit","hermit:Snapshot","hermit:Covet","hermit:Shortfuse+1","hermit:Glare","hermit:HighNoon","hermit:Quickdraw","Sickly","hermit:Ricochet","hermit:ShadowCloak","hermit:HighCaliber","hermit:Desperado","Amnesia","hermit:Reprieve+1","CurseOfTheBell","hermit:Malice","hermit:Snipe+1","hermit:Feint","expansioncontent:FaceSlap"],"relics":["hermit:Momento","NeowsBlessing","Vajra","Ring of Greed","Ring of Panic","Golden Egg","Replay:Wax Seal","MealTicket","Calling Bell","Boot","Frozen Egg 2","StoneCalendar","Tiny Chest","Lee\u0027s Waffle"],"acts_visited":["Exordium","TheCity"],"potions_floor_usage":[12,12,18,19],"damage_taken":[{"damage":0,"enemies":"Small Slimes","floor":1,"turns":1},{"damage":0,"enemies":"Jaw Worm","floor":3,"turns":1},{"damage":0,"enemies":"Cultist","floor":5,"turns":1},{"damage":18,"enemies":"Gremlin Nob","floor":6,"turns":4},{"damage":15,"enemies":"Gremlin Gang","floor":10,"turns":4},{"damage":14,"enemies":"Exordium Wildlife","floor":11,"turns":4},{"damage":0,"enemies":"Red Slaver","floor":12,"turns":2},{"damage":9,"enemies":"3 Louse","floor":14,"turns":2},{"damage":0,"enemies":"Slime Boss","floor":16,"turns":5},{"damage":15,"enemies":"2 Thieves","floor":18,"turns":3},{"damage":43,"enemies":"3 Byrds","floor":19,"turns":6},{"damage":39,"enemies":"Snake Plant","floor":21,"turns":5},{"damage":56,"enemies":"Gremlin Leader","floor":23,"turns":4}],"seed_played":"-4229844692688202156","potions_obtained":[{"floor":1,"key":"EntropicBrew"},{"floor":14,"key":"Dexterity Potion"},{"floor":16,"key":"hermit:Eclipse"},{"floor":19,"key":"SmokeBomb"},{"floor":21,"key":"SteroidPotion"}],"is_trial":false,"path_per_floor":["M","?","M","$","M","E","?","?","T","M","M","M","R","M","R","B",null,"M","M","$","M","?","E"],"character_chosen":"HERMIT","items_purchased":["Tiny Chest","Lee\u0027s Waffle"],"campfire_rested":2,"item_purchase_floors":[20,20],"current_hp_per_floor":[75,75,75,75,75,57,57,57,57,42,28,28,50,41,63,63,75,60,29,82,43,43,0,0],"gold":135,"neow_bonus":"THREE_ENEMY_KILL","is_daily":false,"chose_seed":false,"campfire_upgraded":0,"win_rate":0.0,"timestamp":1608523371,"path_taken":["M","?","M","?","M","E","?","?","T","?","?","M","R","M","R","BOSS","M","?","$","M","?","E"],"items_purchased_type":["Relic","Relic"],"build_version":"2020-12-13","purchased_purges":0,"victory":false,"max_hp_per_floor":[75,75,75,75,75,75,75,75,75,75,75,75,75,75,75,75,75,75,75,82,82,82,82,82],"card_choices":[{"not_picked":["hermit:TrackingShot","hermit:DeadMansHand"],"picked":"hermit:Shortfuse","floor":1},{"not_picked":["hermit:Malice","hermit:Ricochet"],"picked":"hermit:Glare","floor":3},{"not_picked":["hermit:Dive","hermit:Feint"],"picked":"hermit:HighNoon","floor":5},{"not_picked":["hermit:LuckOfTheDraw","hermit:TakeAim"],"picked":"hermit:Quickdraw","floor":6},{"not_picked":["hermit:Desperado","hermit:LowProfile"],"picked":"hermit:Ricochet","floor":10},{"not_picked":["hermit:Maintenance","hermit:Manifest"],"picked":"hermit:ShadowCloak","floor":11},{"not_picked":["hermit:BodyArmor","hermit:Horror"],"picked":"hermit:HighCaliber","floor":12},{"not_picked":["hermit:HoleUp","hermit:Coalescence"],"picked":"hermit:Desperado","floor":14},{"not_picked":["hermit:HeroicBravado","hermit:FromBeyond"],"picked":"hermit:Reprieve","floor":16},{"not_picked":["hermit:DeadMansHand","hermit:LowProfile"],"picked":"hermit:Malice","floor":18},{"not_picked":["hermit:Ricochet+1","hermit:Virtue"],"picked":"hermit:Snipe+1","floor":19},{"not_picked":["hermit:Ricochet","hermit:HoleUp"],"picked":"hermit:Feint","floor":21}],"player_experience":83341,"relics_obtained":[{"floor":6,"key":"Vajra"},{"floor":8,"key":"Ring of Greed"},{"floor":8,"key":"Ring of Panic"},{"floor":8,"key":"Golden Egg"},{"floor":8,"key":"Replay:Wax Seal"},{"floor":9,"key":"MealTicket"},{"floor":17,"key":"Boot"},{"floor":17,"key":"Frozen Egg 2"},{"floor":17,"key":"StoneCalendar"}],"event_choices":[{"damage_healed":0,"gold_gain":0,"player_choice":"Grow","damage_taken":0,"max_hp_gain":0,"max_hp_loss":0,"event_name":"Living Wall","floor":2,"gold_loss":0,"cards_upgraded":["hermit:Shortfuse"]},{"damage_healed":0,"gold_gain":0,"player_choice":"1 cards matched","damage_taken":0,"max_hp_gain":0,"max_hp_loss":0,"event_name":"Match and Keep!","floor":22,"gold_loss":0,"cards_obtained":["expansioncontent:FaceSlap"]}],"is_beta":false,"boss_relics":[{"not_picked":["Replay:Wanted Poster","ReplayTheSpireMod:DimensionalGlitch"],"picked":"Calling Bell"}],"items_purged_floors":[],"is_endless":false,"potions_floor_spawned":[1,14,16,19,21],"killed_by":"Gremlin Leader","ascension_level":0}}