{"host":"6xnetdfutjfdr70g","time":1608530231,"event":{"mods":["BaseMod","Colored Powertips","Highlight Path","Minty Spire (QoL Compilation)","Relic Stats"],"gold_per_floor":[12,12,12,12,28,28,67,67,67,86,104,104,122,122,122,216,216,231,306,324,139,164,203,203,228,228,228,269,269,289,305,305,394,394,417,210,210,210,97,97,97],"floor_reached":40,"playtime":1317,"items_purged":["Strike_P","Defend_P","Strike_P"],"score":700,"play_id":"ee53a487-0439-4a94-8b67-0a6cb949dc15","local_time":"20201220235711","is_ascension_mode":true,"campfire_choices":[{"data":"Alpha","floor":6.0,"key":"SMITH"},{"floor":8.0,"key":"REST"},{"floor":12.0,"key":"REST"},{"data":"Vigilance","floor":15.0,"key":"SMITH"},{"floor":24.0,"key":"REST"},{"floor":27.0,"key":"REST"},{"floor":29.0,"key":"REST"},{"floor":32.0,"key":"REST"}],"circlet_count":0,"master_deck":["AscendersBane","Strike_P+1","Defend_P","Eruption","Vigilance+1","EmptyBody","Alpha+1","BowlingBash+1","MasterReality","EmptyBody+1","Protect","ThirdEye","Evaluate","Ragnarok","Protect"],"relics":["HolyWater","Turnip","Golden Idol","Dream Catcher","Whetstone","Membership Card","Matryoshka","Shuriken","Potion Belt","Snecko Eye","FossilizedHelix"],"acts_visited":["TheCity","TheBeyond"],"potions_floor_usage":[],"damage_taken":[{"damage":0.0,"enemies":"Cultist","floor":1.0,"turns":3.0},{"damage":0.0,"enemies":"2 Louse","floor":5.0,"turns":2.0},{"damage":18.0,"enemies":"3 Sentries","floor":7.0,"turns":3.0},{"damage":0.0,"enemies":"Small Slimes","floor":10.0,"turns":2.0},{"damage":11.0,"enemies":"Looter","floor":11.0,"turns":4.0},{"damage":0.0,"enemies":"Gremlin Gang","floor":13.0,"turns":3.0},{"damage":31.0,"enemies":"Hexaghost","floor":16.0,"turns":7.0},{"damage":14.0,"enemies":"Shell Parasite","floor":18.0,"turns":5.0},{"damage":5.0,"enemies":"3 Byrds","floor":20.0,"turns":3.0},{"damage":11.0,"enemies":"Sentry and Sphere","floor":22.0,"turns":4.0},{"damage":7.0,"enemies":"Slavers","floor":23.0,"turns":2.0},{"damage":32.0,"enemies":"Shelled Parasite and Fungi","floor":25.0,"turns":4.0},{"damage":12.0,"enemies":"Gremlin Leader","floor":28.0,"turns":5.0},{"damage":10.0,"enemies":"Snecko","floor":30.0,"turns":5.0},{"damage":10.0,"enemies":"Centurion and Healer","floor":31.0,"turns":4.0},{"damage":34,"enemies":"Champ","floor":33,"turns":11},{"damage":0,"enemies":"Orb Walker","floor":35,"turns":3},{"damage":66,"enemies":"Reptomancer","floor":40,"turns":2}],"seed_played":"-3781302915390605888","potions_obtained":[{"floor":10.0,"key":"DistilledChaos"},{"floor":18.0,"key":"Swift Potion"},{"floor":25.0,"key":"Ancient Potion"},{"floor":31.0,"key":"Explosive Potion"},{"floor":33,"key":"Dexterity Potion"}],"is_trial":false,"path_per_floor":["M","$","T","?","M","R","E","R","T","M","M","R","M","?","R","B",null,"M","?","M","$","M","E","R","M","T","R","E","R","M","M","R","B",null,"M","$","?","?","$","E"],"character_chosen":"WATCHER","items_purchased":["Membership Card","FossilizedHelix","Protect","DuplicationPotion"],"campfire_rested":6,"item_purchase_floors":[21,36,39,39],"current_hp_per_floor":[65,65,65,47,47,47,29,50,50,50,39,60,60,60,60,29,61,47,40,35,35,24,17,38,6,6,27,15,36,26,16,37,3,55,55,55,55,55,55,0,0],"gold":97,"neow_bonus":"REMOVE_TWO","is_daily":false,"chose_seed":false,"campfire_upgraded":2,"win_rate":0.0,"timestamp":1608530231,"path_taken":["M","$","?","?","M","R","E","R","T","M","M","R","M","?","R","BOSS","M","?","M","$","M","E","R","M","T","R","E","R","M","?","R","BOSS","M","$","?","?","$","E"],"items_purchased_type":["Relic","Relic","Card","Potion"],"build_version":"2020-12-13","purchased_purges":3,"victory":false,"max_hp_per_floor":[72,72,72,72,72,72,72,72,72,72,72,72,72,72,72,72,72,72,72,72,72,72,72,72,72,72,72,72,72,72,72,72,72,72,72,72,72,68,68,68,68],"relic_stats":{"Dream Catcher":5,"counters":[13,58],"Golden Idol":86,"Shuriken":[0],"Snecko Eye":[15,6,4,7],"Turnip":[13],"Whetstone":[],"obtain_stats":[{"Potion Belt":28,"Dream Catcher":0,"Matryoshka":23,"Golden Idol":0,"Shuriken":26,"HolyWater":17,"Snecko Eye":34,"Turnip":0,"Whetstone":0,"Membership Card":21,"PureWater":0,"FossilizedHelix":36},{"Potion Belt":8,"Dream Catcher":0,"Matryoshka":6,"Golden Idol":0,"Shuriken":7,"HolyWater":2,"Snecko Eye":11,"Turnip":0,"Whetstone":0,"Membership Card":4,"PureWater":0,"FossilizedHelix":12},{"Potion Belt":33,"Dream Catcher":0,"Matryoshka":24,"Golden Idol":0,"Shuriken":28,"HolyWater":10,"Snecko Eye":53,"Turnip":0,"Whetstone":0,"Membership Card":18,"PureWater":0,"FossilizedHelix":56}]},"card_choices":[{"not_picked":["Protect","PathToVictory"],"picked":"EmptyBody","floor":1.0},{"not_picked":["FollowUp","JustLucky"],"picked":"Alpha","floor":5.0},{"not_picked":["Prostrate","CutThroughFate"],"picked":"BowlingBash","floor":7.0},{"not_picked":["Collect","FlyingSleeves","SandsOfTime"],"picked":"SKIP","floor":10.0},{"not_picked":["EmptyFist","DeceiveReality"],"picked":"MasterReality","floor":11.0},{"not_picked":["FlurryOfBlows","WaveOfTheHand","Halt"],"picked":"SKIP","floor":13.0},{"not_picked":["CrushJoints","Indignation","ClearTheMind"],"picked":"SKIP","floor":18.0},{"not_picked":["Conclude","Consecrate","FlurryOfBlows"],"picked":"SKIP","floor":20.0},{"not_picked":["CrushJoints","Study","Crescendo"],"picked":"SKIP","floor":22.0},{"not_picked":["Collect","CrushJoints","PathToVictory"],"picked":"SKIP","floor":23.0},{"not_picked":["Consecrate","Devotion"],"picked":"EmptyBody+1","floor":25.0},{"not_picked":["FlurryOfBlows","Blasphemy"],"picked":"Protect","floor":28.0},{"not_picked":["Collect+1","SandsOfTime"],"picked":"ThirdEye","floor":29.0},{"not_picked":["Indignation","Nirvana"],"picked":"Evaluate","floor":30.0},{"not_picked":["Prostrate","TalkToTheHand","PathToVictory"],"picked":"SKIP","floor":31.0},{"not_picked":["Judgement","Brilliance"],"picked":"Ragnarok","floor":33},{"not_picked":["EmptyFist","SashWhip","FlyingSleeves"],"picked":"SKIP","floor":35}],"player_experience":419031,"relics_obtained":[{"floor":3.0,"key":"Turnip"},{"floor":7.0,"key":"Dream Catcher"},{"floor":9.0,"key":"Whetstone"},{"floor":23.0,"key":"Matryoshka"},{"floor":26.0,"key":"Shuriken"},{"floor":28.0,"key":"Potion Belt"}],"event_choices":[{"damage_healed":0.0,"max_hp_gain":0.0,"max_hp_loss":0.0,"gold_gain":0.0,"event_name":"Golden Idol","player_choice":"Take Damage","floor":4.0,"gold_loss":0.0,"damage_taken":18.0,"relics_obtained":["Golden Idol"]},{"cards_removed":["Strike_P"],"damage_healed":0.0,"max_hp_gain":0.0,"max_hp_loss":0.0,"gold_gain":0.0,"event_name":"Living Wall","player_choice":"Forget","floor":14.0,"gold_loss":0.0,"damage_taken":0.0},{"damage_healed":0.0,"max_hp_gain":0.0,"max_hp_loss":0.0,"gold_gain":75.0,"event_name":"FaceTrader","player_choice":"Touch","floor":19.0,"gold_loss":0.0,"damage_taken":7.0},{"damage_healed":0,"gold_gain":0,"player_choice":"Ignored","damage_taken":0,"max_hp_gain":0,"max_hp_loss":0,"event_name":"Mysterious Sphere","floor":37,"gold_loss":0},{"damage_healed":0,"gold_gain":0,"player_choice":"Max HP","damage_taken":0,"max_hp_gain":0,"max_hp_loss":4,"event_name":"Winding Halls","floor":38,"gold_loss":0}],"is_beta":false,"boss_relics":[{"not_picked":["SacredBark","Coffee Dripper"],"picked":"HolyWater"},{"not_picked":["Busted Crown","Velvet Choker"],"picked":"Snecko Eye"}],"items_purged_floors":[21,36,39],"is_endless":false,"potions_floor_spawned":[10,18,25,31,33],"killed_by":"Reptomancer","ascension_level":13}}