{"host":"0tg1gncob7yth7j0","time":1608576809,"event":{"mods":["BaseMod","Best Route Mod","Block Reminder","Disable Question Mark Monsters","Gold Saver","Minty Spire (QoL Compilation)","SacredBarkPlus","StSLib","Transform Curses"],"gold_per_floor":[411,443,455,483,514,526,538,550,562,607,619,641,665,420,420,495,495,513,347,367,392,392,392,307,307,307],"floor_reached":25,"playtime":1374,"items_purged":[],"score":332,"play_id":"f8fd41c0-ace5-43e6-adfc-f00e90de5377","local_time":"20201221135329","is_ascension_mode":true,"campfire_choices":[{"data":"Eruption","floor":6,"key":"SMITH"},{"data":"Crescendo","floor":8,"key":"SMITH"},{"data":"Adaptation","floor":11,"key":"SMITH"},{"floor":15,"key":"REST"},{"floor":23,"key":"REST"}],"circlet_count":0,"master_deck":["AscendersBane","Strike_P","Strike_P+1","Strike_P","Strike_P","Defend_P+1","Defend_P+1","Defend_P","Defend_P","Eruption+1","Vigilance","Meditate","ClearTheMind","Crescendo+1","Adaptation+1","BattleHymn","LessonLearned+1","Panache","Halt+1","Decay"],"relics":["PureWater","MawBank","Letter Opener","StoneCalendar","Ornamental Fan","Red Mask","Darkstone Periapt"],"acts_visited":["Exordium","TheCity"],"potions_floor_usage":[10,16,18,21,21],"damage_taken":[{"damage":2,"enemies":"Jaw Worm","floor":1,"turns":3},{"damage":15,"enemies":"Small Slimes","floor":2,"turns":5},{"damage":2,"enemies":"2 Louse","floor":4,"turns":5},{"damage":1,"enemies":"Red Slaver","floor":5,"turns":4},{"damage":18,"enemies":"Gremlin Nob","floor":10,"turns":3},{"damage":3,"enemies":"Looter","floor":12,"turns":3},{"damage":2,"enemies":"Large Slime","floor":13,"turns":4},{"damage":24,"enemies":"The Guardian","floor":16,"turns":7},{"damage":16,"enemies":"Spheric Guardian","floor":18,"turns":4},{"damage":4,"enemies":"Chosen","floor":20,"turns":4},{"damage":32,"enemies":"Masked Bandits","floor":21,"turns":5},{"damage":41,"enemies":"3 Cultists","floor":25,"turns":5}],"seed_played":"5395372514594736809","potions_obtained":[{"floor":4,"key":"SteroidPotion"},{"floor":12,"key":"BottledMiracle"},{"floor":13,"key":"Swift Potion"},{"floor":16,"key":"SpeedPotion"},{"floor":20,"key":"LiquidMemories"}],"is_trial":false,"path_per_floor":["M","M","?","M","M","R","?","R","T","E","R","M","M","$","R","B",null,"M","$","M","?","?","R","?","M"],"character_chosen":"WATCHER","items_purchased":["Ornamental Fan","Panache"],"campfire_rested":2,"item_purchase_floors":[14,19],"current_hp_per_floor":[63,48,72,70,69,69,55,55,55,37,37,34,32,32,53,29,61,45,45,41,9,9,30,30,0,0],"gold":307,"neow_bonus":"RANDOM_COMMON_RELIC","is_daily":false,"chose_seed":false,"campfire_upgraded":3,"win_rate":0.0,"timestamp":1608576809,"path_taken":["M","M","?","M","M","R","?","R","T","E","R","M","M","$","R","BOSS","M","$","M","?","?","R","?","M"],"items_purchased_type":["Relic","Card"],"build_version":"2020-12-13","purchased_purges":0,"victory":false,"max_hp_per_floor":[72,72,72,72,72,72,72,72,72,72,72,72,72,72,72,72,72,72,72,72,72,72,72,72,72,72],"card_choices":[{"not_picked":["SashWhip","EmptyFist"],"picked":"Meditate","floor":1},{"not_picked":["DeceiveReality","WreathOfFlame"],"picked":"ClearTheMind","floor":2},{"not_picked":["WreathOfFlame","Protect"],"picked":"Crescendo","floor":4},{"not_picked":["Omniscience","Sanctity"],"picked":"Adaptation","floor":5},{"not_picked":["WreathOfFlame","Vengeance","Fasting2"],"picked":"SKIP","floor":10},{"not_picked":["SandsOfTime","FollowUp"],"picked":"BattleHymn","floor":12},{"not_picked":["Fasting2","FollowUp","Evaluate"],"picked":"SKIP","floor":13},{"not_picked":["DeusExMachina","Ragnarok"],"picked":"LessonLearned","floor":16},{"not_picked":["Wireheading","ReachHeaven","EmptyMind"],"picked":"SKIP","floor":18},{"not_picked":["BattleHymn","EmptyBody+1"],"picked":"Halt","floor":20}],"player_experience":3602769,"relics_obtained":[{"floor":9,"key":"Letter Opener"},{"floor":10,"key":"StoneCalendar"},{"floor":21,"key":"Red Mask"}],"event_choices":[{"damage_healed":24,"gold_gain":0,"player_choice":"Banana","damage_taken":0,"max_hp_gain":0,"max_hp_loss":0,"event_name":"Big Fish","floor":3,"gold_loss":0},{"damage_healed":0,"gold_gain":0,"player_choice":"Entered Light","damage_taken":14,"max_hp_gain":0,"max_hp_loss":0,"event_name":"Shining Light","floor":7,"gold_loss":0,"cards_upgraded":["Strike_P","Defend_P"]},{"damage_healed":0,"gold_gain":0,"player_choice":"Fought Bandits","damage_taken":0,"max_hp_gain":0,"max_hp_loss":0,"event_name":"Masked Bandits","floor":21,"gold_loss":0},{"damage_healed":0,"gold_gain":0,"player_choice":"Smashed Altar","damage_taken":0,"max_hp_gain":0,"max_hp_loss":0,"event_name":"Forgotten Altar","floor":22,"gold_loss":0,"cards_obtained":["Decay"]},{"damage_healed":0,"gold_gain":0,"player_choice":"Obtained Relic","damage_taken":0,"relics_obtained":["Darkstone Periapt"],"max_hp_gain":0,"max_hp_loss":0,"event_name":"Addict","floor":24,"gold_loss":85}],"is_beta":false,"boss_relics":[{"not_picked":["Empty Cage","Snecko Eye","Astrolabe"]}],"items_purged_floors":[],"is_endless":false,"potions_floor_spawned":[4,12,13,16,20],"killed_by":"3 Cultists","ascension_level":13}}