{"host":"hione0pk5ff35p8e","time":1608591516,"event":{"mods":["AchievementEnabler","Aspiration","Bard","BaseMod","Beaked The Cultist","Better Altar","Better Match","Better Note","Better Sensory Stone","Better Skull","Better Third Choice","BetterRewards","CCEM","Clawfect","Colored Map","Conspire","Downfall","GifTheSpireLib","Googly Eyes","Halation","Hermit","Highlight Path","Hubris","Hunter ??","Infinite Spire","Jedi Mod","Jorbs\u0027s Wanderer Trilogy","Mad Scientist","Marisa????????","Mimic Mod","Minty Spire (QoL Compilation)","Permanent Neow","Rare Cards Sparkle","Replay The Spire","Shade Mod","Shop Mod","Spicy Shops","StSLib","Stuff the Spire","Td1madao Mod","The Administrix","The Blackbeard","The Bug Knight","The Construct","The Cursed","The Disciple","The Gatherer","The Hierophant","The IronCluck","The Jungle","The Mystic","The Necromancer","The Problem Sleuth","The Runesmith","The Servant 0.9.4","The Spell Scribe","The Wild Card","The Witch","Unceasing Turn Reminder","[IsaacMod]????","everything is the same but u backflip on backflip","slay the spire mod where everything is the same but ironclad has a cowboy hat"],"gold_per_floor":[91,113,171,181,209,209,209,209,47,80,80,92,105,41,69,178,178,178,202,202,225,238,266,266,3,46,46,46,46],"floor_reached":28,"playtime":2700,"items_purged":["hexamod:GhostflameBarrier","Regret"],"score":240,"play_id":"57bb77d4-85f6-49ef-8a2b-4dc46f0c7a9a","local_time":"20201221235836","is_ascension_mode":false,"campfire_choices":[{"data":"hexamod:EtherealExpedition","floor":11,"key":"SMITH"},{"data":"ReplayUltimateDefense","floor":18,"key":"SMITH"}],"circlet_count":0,"master_deck":["hexamod:Strike","hexamod:Strike","hexamod:Strike","hexamod:Strike","hexamod:Defend","hexamod:Defend","hexamod:Defend","hexamod:Defend","hexamod:Sear","hexamod:Float+1","hexamod:SecondSeal","hexamod:RainOfEmbers","hexamod:DynamicBlow","hexamod:SearingWound","ReplayUltimateDefense+1","hexamod:HeatShield","hexamod:EtherealExpedition+1","hexamod:FastForward","hexamod:FirstSeal","hexamod:BurningTouch","hexamod:VolcanoVisage","hexamod:NightmareGuise","hexamod:ChargedBarrage","hexamod:GhostOfSpirePresent","hexamod:FourthSeal","hexamod:RecurringNightmare","hexamod:PhantomFireball"],"relics":["hexamod:SpiritBrand","HushsDoor","KeepersGift","Quantum Egg","Oddly Smooth Stone","hubris:CrystalStatue","hubris:Teleporter","CCEMRelics:BiPhaseBiplane","SlaversCollar","infinitespire:WardingShard","hubris:MedicalManual"],"acts_visited":["Exordium","Exordium"],"potions_floor_usage":[3,10,16,19,22,23,25],"damage_taken":[{"damage":2,"enemies":"Small Slimes","floor":2,"turns":5},{"damage":22,"enemies":"Hiden Room Battle","floor":3,"turns":7},{"damage":7,"enemies":"infinitespire:Voidling","floor":4,"turns":3},{"damage":0,"enemies":"2 Louse","floor":5,"turns":3},{"damage":0,"enemies":"downfall:FleeingMerchant","floor":9,"turns":4},{"damage":5,"enemies":"Replay:BlueRogue","floor":10,"turns":4},{"damage":0,"enemies":"Blue Slaver","floor":12,"turns":4},{"damage":0,"enemies":"Lots of Slimes","floor":13,"turns":1},{"damage":0,"enemies":"downfall:FleeingMerchant","floor":14,"turns":4},{"damage":7,"enemies":"Large Slime","floor":15,"turns":6},{"damage":21,"enemies":"downfall:Silent","floor":16,"turns":9},{"damage":3,"enemies":"theJungle:MUSHROOMGANG","floor":19,"turns":5},{"damage":14,"enemies":"theJungle:5_Spyders","floor":21,"turns":10},{"damage":18,"enemies":"theJungle:Lyon","floor":22,"turns":5},{"damage":24,"enemies":"theJungle:SlimyTreeVines","floor":23,"turns":10},{"damage":14,"enemies":"downfall:FleeingMerchant","floor":25,"turns":4},{"damage":14,"enemies":"Nightmare","floor":27,"turns":7},{"damage":27,"enemies":"theJungle:JungleHuntersEncounter","floor":28,"turns":5}],"seed_played":"2162679853617444246","potions_obtained":[{"floor":2,"key":"Fire Potion"},{"floor":4,"key":"Venom Potion"},{"floor":10,"key":"BlessingOfTheForge"},{"floor":15,"key":"Swift Potion"},{"floor":16,"key":"Reflective Coating"},{"floor":19,"key":"construct:ShiftPotion"},{"floor":22,"key":"sneckomod:MuddlingPotion"},{"floor":27,"key":"Elixir"}],"is_trial":false,"path_per_floor":["R_BF","M","?","M","M","?","T","?","$","E","R","M","M","$","M","B",null,"R","M","?","M","M","M","T","$","NM","M"],"character_chosen":"THE_SPIRIT","items_purchased":["hexamod:EtherealExpedition","CCEMRelics:BiPhaseBiplane","hexamod:RecurringNightmare","hexamod:PhantomFireball"],"campfire_rested":0,"item_purchase_floors":[9,14,25,25],"current_hp_per_floor":[70,68,46,46,46,46,46,46,46,41,41,41,41,41,41,27,70,70,70,70,63,52,41,41,34,27,0,0,0],"gold":46,"neow_bonus":"UPGRADE_CARD","is_daily":false,"chose_seed":false,"campfire_upgraded":2,"win_rate":0.0,"timestamp":1608591516,"path_taken":["R_BF","M","?","M","M","?","T","?","?","E","R","?","M","$","M","BOSS","R","M","?","M","M","M","T","$","NM","M"],"items_purchased_type":["Card","Relic","Card","Card"],"build_version":"2020-12-13","purchased_purges":2,"victory":false,"max_hp_per_floor":[70,70,70,70,70,70,70,70,70,70,70,70,70,70,70,70,70,70,70,70,70,70,70,70,70,70,70,70,70],"card_choices":[{"not_picked":[],"picked":"Bomb","floor":0},{"not_picked":["hexamod:GhostLash","hexamod:AdvancingGuard"],"picked":"hexamod:GhostflameBarrier","floor":2},{"not_picked":["Bomb","hexamod:NightmareGuise"],"picked":"hexamod:RainOfEmbers","floor":3},{"not_picked":["hexamod:InspiringFlames","Bomb"],"picked":"hexamod:DynamicBlow","floor":4},{"not_picked":["hexamod:StepThrough","hexamod:FastForward"],"picked":"hexamod:SearingWound","floor":5},{"not_picked":["conspire:Banana","expansioncontent:LastStand"],"picked":"ReplayUltimateDefense","floor":8},{"not_picked":["Bomb","hexamod:ShieldOfDarkness"],"picked":"hexamod:HeatShield","floor":9},{"not_picked":["hexamod:BacktrackSmack","hexamod:HauntingEcho"],"picked":"Bomb","floor":10},{"not_picked":["hexamod:RainOfEmbers","hexamod:SwordOfDarkness","hexamod:InspiringFlames"],"picked":"SKIP","floor":12},{"not_picked":["hexamod:Rewind","hexamod:GhostLash"],"picked":"hexamod:FastForward","floor":13},{"not_picked":["hexamod:HeatCrush","Bomb"],"picked":"hexamod:FirstSeal","floor":14},{"not_picked":["hexamod:HeatShield","hexamod:GhostLash"],"picked":"hexamod:BurningTouch","floor":15},{"not_picked":["hexamod:TimeOfNeed","hexamod:CrushingStance"],"picked":"hexamod:VolcanoVisage","floor":16},{"not_picked":["hexamod:BurningTouch+1","hexamod:FastForward+1"],"picked":"hexamod:NightmareGuise","floor":19},{"not_picked":["hexamod:SecondSeal","hexamod:ThermalTransfer"],"picked":"hexamod:ChargedBarrage","floor":21},{"not_picked":["hexamod:FastForward+1","hexamod:EtherealExpedition"],"picked":"hexamod:GhostOfSpirePresent","floor":22},{"not_picked":["hexamod:HeatShield","hexamod:SkipABeat","hexamod:ChargedBarrage"],"picked":"SKIP","floor":23},{"not_picked":["hexamod:NightmareStrike","hexamod:Incineration"],"picked":"hexamod:FourthSeal","floor":25},{"not_picked":["hexamod:PhantomCloak","hexamod:InspiringFlames","hexamod:GhostflameBarrier"],"picked":"SKIP","floor":27},{"not_picked":["hexamod:PhantomCloak","hexamod:InspiringFlames","hexamod:GhostflameBarrier"],"picked":"SKIP","floor":27}],"player_experience":13614,"relics_obtained":[{"floor":3,"key":"Quantum Egg"},{"floor":3,"key":"Oddly Smooth Stone"},{"floor":7,"key":"hubris:CrystalStatue"},{"floor":10,"key":"hubris:Teleporter"},{"floor":24,"key":"infinitespire:WardingShard"},{"floor":27,"key":"hubris:MedicalManual"}],"event_choices":[{"damage_healed":0,"gold_gain":0,"player_choice":"Fight","damage_taken":0,"max_hp_gain":0,"max_hp_loss":0,"event_name":"HidenRoomEvent","floor":3,"gold_loss":0},{"damage_healed":0,"gold_gain":1,"player_choice":"1","damage_taken":0,"max_hp_gain":0,"max_hp_loss":0,"event_name":"betterStone:BetterStone","floor":8,"gold_loss":0},{"damage_healed":0,"gold_gain":0,"player_choice":"Ignored","damage_taken":0,"max_hp_gain":0,"max_hp_loss":0,"event_name":"betterNote:BetterNote","floor":20,"gold_loss":0,"cards_obtained":["Exchange"]}],"is_beta":false,"boss_relics":[{"not_picked":["Replay:Grab Bag","Kintsugi"],"picked":"SlaversCollar"},{"not_picked":[]}],"items_purged_floors":[9,25],"is_endless":true,"potions_floor_spawned":[2,4,10,15,16,19,22],"killed_by":"theJungle:JungleHuntersEncounter","ascension_level":0}}