{"host":"jwbw4f4imxd0v0b0","time":1608530756,"event":{"mods":["BaseMod","Colored Map","Highlight Path","Minty Spire (QoL Compilation)","Relic Stats","StSLib"],"gold_per_floor":[144,189,189,284,329,419,526,583,595,607,709,771,873,930,942,1254,1266,1323,1012,1057,1102,1147,1147,1237,1237,1262,1093,1183,1233,589,634,634,934,934,979,679,879,197,247,337,382,432,457,507,557,602,692,155,155,155],"floor_reached":51,"playtime":2922,"items_purged":[],"score":1040,"play_id":"a6b25f31-3674-4741-b3b7-c9c27f733976","local_time":"20201221000556","daily_mods":["Shiny","Vintage","Midas"],"is_ascension_mode":false,"campfire_choices":[{"floor":10.0,"key":"REST"},{"floor":15.0,"key":"REST"},{"floor":23,"key":"REST"},{"floor":25,"key":"REST"},{"floor":32,"key":"REST"},{"floor":49,"key":"REST"}],"circlet_count":0,"master_deck":["Double Tap","Demon Form","Feed","Limit Break","Corruption","Barricade","Fiend Fire+1","Berserk","Impervious+1","Juggernaut","Brutality","Reaper+1","Exhume","Offering+1","Immolate","Exhume","Pummel+1","Exhume+1","Rupture+1","Impervious+1","Rupture+1","True Grit+1","Brutality+1","Impervious+1","Feel No Pain+1","Combust+1"],"relics":["Burning Blood","Bottled Flame","Pen Nib","SsserpentHead","Tiny Chest","Singing Bowl","MawBank","StoneCalendar","Anchor","Bag of Preparation","Torii","PreservedInsect","Bronze Scales","Black Star","Juzu Bracelet","Molten Egg 2","Ornamental Fan","Paper Frog","Frozen Egg 2","MealTicket","Toxic Egg 2","Art of War","DollysMirror","Mummified Hand","Strawberry","Mercury Hourglass","Oddly Smooth Stone","Chemical X","Happy Flower","Regal Pillow","Runic Pyramid","Meat on the Bone","Bag of Marbles","Lee\u0027s Waffle","Charon\u0027s Ashes","Thread and Needle","Brimstone","Omamori","Orichalcum","Prayer Wheel","Centennial Puzzle","Bottled Lightning","War Paint","Vajra","White Beast Statue","ClockworkSouvenir","HornCleat","Whetstone"],"acts_visited":["Exordium","TheCity","TheBeyond"],"potions_floor_usage":[24,35,50,50],"damage_taken":[{"damage":38.0,"enemies":"Jaw Worm","floor":1.0,"turns":6.0},{"damage":9.0,"enemies":"Cultist","floor":2.0,"turns":4.0},{"damage":16.0,"enemies":"Small Slimes","floor":4.0,"turns":3.0},{"damage":83.0,"enemies":"Exordium Thugs","floor":5.0,"turns":7.0},{"damage":0.0,"enemies":"3 Sentries","floor":6.0,"turns":1.0},{"damage":26.0,"enemies":"Looter","floor":7.0,"turns":4.0},{"damage":38.0,"enemies":"2 Fungi Beasts","floor":8.0,"turns":6.0},{"damage":58.0,"enemies":"Gremlin Nob","floor":11.0,"turns":8.0},{"damage":17.0,"enemies":"Lagavulin","floor":13.0,"turns":7.0},{"damage":22.0,"enemies":"3 Louse","floor":14.0,"turns":3.0},{"damage":56.0,"enemies":"Slime Boss","floor":16.0,"turns":10.0},{"damage":42.0,"enemies":"Shell Parasite","floor":18.0,"turns":6.0},{"damage":29,"enemies":"Spheric Guardian","floor":20,"turns":5},{"damage":32,"enemies":"Snake Plant","floor":21,"turns":5},{"damage":80,"enemies":"Centurion and Healer","floor":22,"turns":7},{"damage":57,"enemies":"Book of Stabbing","floor":24,"turns":6},{"damage":46,"enemies":"Slavers","floor":28,"turns":3},{"damage":37,"enemies":"3 Cultists","floor":31,"turns":5},{"damage":45,"enemies":"Champ","floor":33,"turns":7},{"damage":0,"enemies":"3 Darklings","floor":35,"turns":1},{"damage":25,"enemies":"Mind Bloom Boss Battle","floor":37,"turns":5},{"damage":5,"enemies":"Giant Head","floor":40,"turns":4},{"damage":0,"enemies":"Orb Walker","floor":41,"turns":1},{"damage":7,"enemies":"Spire Growth","floor":46,"turns":2},{"damage":8,"enemies":"Reptomancer","floor":47,"turns":2},{"damage":13,"enemies":"Time Eater","floor":50,"turns":4}],"seed_played":"7329645460642280970","potions_obtained":[{"floor":1.0,"key":"Energy Potion"},{"floor":2.0,"key":"FearPotion"},{"floor":4.0,"key":"ColorlessPotion"},{"floor":11.0,"key":"SkillPotion"},{"floor":13.0,"key":"BloodPotion"},{"floor":20,"key":"BloodPotion"},{"floor":22,"key":"Strength Potion"},{"floor":33,"key":"BlessingOfTheForge"},{"floor":35,"key":"SkillPotion"}],"is_trial":false,"path_per_floor":["M","M","?","M","M","E","M","M","T","R","E","?","E","M","R","B",null,"M","$","M","M","M","R","E","R","T","$","E","T","$","M","R","B",null,"M","$","?","$","?","E","M","?","T","T","?","M","E","$","R","B",null],"character_chosen":"IRONCLAD","items_purchased":["Molten Egg 2","Pummel+1","DollysMirror","Rupture+1","Oddly Smooth Stone","Chemical X","Happy Flower","Rupture+1","Whirlwind+1","True Grit+1","Bag of Marbles","Lee\u0027s Waffle","Thread and Needle","Impervious+1","Feel No Pain+1","Brimstone","ClockworkSouvenir","HornCleat","Whetstone","Combust+1"],"campfire_rested":6,"item_purchase_floors":[19,19,27,27,30,30,30,30,30,30,36,36,38,38,38,38,48,48,48,48],"current_hp_per_floor":[81,86,86,87,66,74,80,87,87,100,53,53,105,95,116,100,122,113,113,99,80,30,68,47,86,86,101,92,92,107,121,152,147,155,155,162,165,167,159,161,161,161,161,161,145,161,164,166,166,165],"gold":155,"neow_bonus":"","is_daily":true,"chose_seed":false,"campfire_upgraded":0,"win_rate":0.0,"timestamp":1608530756,"path_taken":["M","M","?","?","M","E","?","M","T","R","E","?","E","M","R","BOSS","M","$","M","M","M","R","E","R","T","?","E","?","$","M","R","BOSS","M","$","?","$","?","E","M","?","T","?","?","M","E","?","R","BOSS"],"items_purchased_type":["Relic","Card","Relic","Card","Relic","Relic","Relic","Card","Card","Card","Relic","Relic","Relic","Card","Card","Relic","Relic","Relic","Relic","Card"],"build_version":"2020-12-13","purchased_purges":0,"victory":true,"max_hp_per_floor":[83,86,86,89,95,97,97,100,100,100,105,105,110,116,116,122,122,125,125,128,128,128,128,133,133,133,133,146,146,146,152,152,155,155,155,162,167,167,159,161,161,161,161,161,161,161,166,166,166,166],"relic_stats":{"Regal Pillow":0,"Singing Bowl":14,"Torii":19,"StoneCalendar":[140],"Bag of Preparation":[38],"Juzu Bracelet":1,"Whetstone":["Reaper","Fiend Fire"],"Burning Blood":132,"SsserpentHead":550,"Centennial Puzzle":[9],"Mummified Hand":[74],"Tiny Chest":2,"MealTicket":34,"Prayer Wheel":0,"Chemical X":[2],"Lee\u0027s Waffle":7,"Happy Flower":[10],"counters":[26,122],"Pen Nib":[8],"PreservedInsect":264,"Charon\u0027s Ashes":[120],"Orichalcum":[0],"War Paint":["Impervious","Offering"],"MawBank":156,"Mercury Hourglass":[117],"Ornamental Fan":[16],"Bronze Scales":[190],"Black Star":4,"Art of War":[13],"obtain_stats":[{"Regal Pillow":31,"Singing Bowl":5,"Torii":11,"Vajra":47,"StoneCalendar":7,"Bag of Preparation":9,"Juzu Bracelet":18,"Whetstone":48,"Burning Blood":0,"ClockworkSouvenir":48,"SsserpentHead":3,"Centennial Puzzle":43,"HornCleat":48,"DollysMirror":27,"Mummified Hand":28,"Strawberry":28,"Tiny Chest":4,"MealTicket":24,"Prayer Wheel":41,"Chemical X":30,"Toxic Egg 2":24,"Paper Frog":21,"Runic Pyramid":34,"Lee\u0027s Waffle":36,"Happy Flower":30,"Oddly Smooth Stone":30,"Thread and Needle":38,"Pen Nib":2,"PreservedInsect":13,"Charon\u0027s Ashes":37,"Omamori":40,"Frozen Egg 2":22,"Orichalcum":40,"War Paint":46,"MawBank":6,"White Beast Statue":47,"Mercury Hourglass":29,"Bottled Flame":1,"Anchor":8,"Ornamental Fan":20,"Brimstone":38,"Bronze Scales":14,"Molten Egg 2":19,"Black Star":17,"Art of War":26,"Bag of Marbles":36,"Bottled Lightning":44,"Meat on the Bone":35},{"Regal Pillow":18,"Singing Bowl":4,"Torii":8,"Vajra":25,"StoneCalendar":6,"Bag of Preparation":7,"Juzu Bracelet":12,"Whetstone":25,"Burning Blood":0,"ClockworkSouvenir":25,"SsserpentHead":2,"Centennial Puzzle":23,"HornCleat":25,"DollysMirror":16,"Mummified Hand":17,"Strawberry":17,"Tiny Chest":3,"MealTicket":16,"Prayer Wheel":23,"Chemical X":17,"Toxic Egg 2":16,"Paper Frog":14,"Runic Pyramid":19,"Lee\u0027s Waffle":20,"Happy Flower":17,"Oddly Smooth Stone":17,"Thread and Needle":21,"Pen Nib":2,"PreservedInsect":9,"Charon\u0027s Ashes":21,"Omamori":22,"Frozen Egg 2":15,"Orichalcum":22,"War Paint":24,"MawBank":5,"White Beast Statue":25,"Mercury Hourglass":17,"Bottled Flame":1,"Anchor":7,"Ornamental Fan":13,"Brimstone":21,"Bronze Scales":10,"Molten Egg 2":12,"Black Star":11,"Art of War":16,"Bag of Marbles":20,"Bottled Lightning":23,"Meat on the Bone":20},{"Regal Pillow":96,"Singing Bowl":20,"Torii":39,"Vajra":118,"StoneCalendar":25,"Bag of Preparation":31,"Juzu Bracelet":65,"Whetstone":118,"Burning Blood":0,"ClockworkSouvenir":118,"SsserpentHead":10,"Centennial Puzzle":114,"HornCleat":118,"DollysMirror":88,"Mummified Hand":91,"Strawberry":91,"Tiny Chest":13,"MealTicket":88,"Prayer Wheel":114,"Chemical X":91,"Toxic Egg 2":88,"Paper Frog":75,"Runic Pyramid":103,"Lee\u0027s Waffle":104,"Happy Flower":91,"Oddly Smooth Stone":91,"Thread and Needle":109,"Pen Nib":10,"PreservedInsect":46,"Charon\u0027s Ashes":109,"Omamori":113,"Frozen Egg 2":82,"Orichalcum":113,"War Paint":116,"MawBank":21,"White Beast Statue":118,"Mercury Hourglass":91,"Bottled Flame":6,"Anchor":31,"Ornamental Fan":70,"Brimstone":109,"Bronze Scales":49,"Molten Egg 2":65,"Black Star":59,"Art of War":88,"Bag of Marbles":104,"Bottled Lightning":114,"Meat on the Bone":104}],"Meat on the Bone":0},"card_choices":[{"not_picked":["Uppercut","Dark Embrace","Inflame"],"picked":"Singing Bowl","floor":6.0},{"not_picked":["Clothesline","Seeing Red","Sentinel"],"picked":"Singing Bowl","floor":11.0},{"not_picked":["Twin Strike","Wild Strike","Inflame"],"picked":"Singing Bowl","floor":13.0},{"not_picked":["Fiend Fire","Bludgeon"],"picked":"Exhume","floor":16.0},{"not_picked":["Body Slam+1","Reckless Charge+1","Thunderclap+1"],"picked":"Singing Bowl","floor":24},{"not_picked":["True Grit+1","Inflame+1"],"picked":"Impervious+1","floor":28},{"not_picked":["Demon Form+1","Reaper+1"],"picked":"Brutality+1","floor":33},{"not_picked":["Clothesline+1","Shrug It Off+1","Pommel Strike+1"],"picked":"Singing Bowl","floor":37},{"not_picked":["Headbutt+1","Intimidate+1","Iron Wave+1"],"picked":"Singing Bowl","floor":40},{"not_picked":["Reckless Charge+1","Second Wind+1","Flame Barrier+1"],"picked":"Singing Bowl","floor":47}],"player_experience":947657,"relics_obtained":[{"floor":1.0,"key":"Bottled Flame"},{"floor":2.0,"key":"Pen Nib"},{"floor":4.0,"key":"Tiny Chest"},{"floor":5.0,"key":"Singing Bowl"},{"floor":6.0,"key":"MawBank"},{"floor":7.0,"key":"StoneCalendar"},{"floor":8.0,"key":"Anchor"},{"floor":9.0,"key":"Bag of Preparation"},{"floor":11.0,"key":"Torii"},{"floor":13.0,"key":"PreservedInsect"},{"floor":14.0,"key":"Bronze Scales"},{"floor":18.0,"key":"Juzu Bracelet"},{"floor":20,"key":"Ornamental Fan"},{"floor":21,"key":"Paper Frog"},{"floor":22,"key":"Frozen Egg 2"},{"floor":24,"key":"MealTicket"},{"floor":24,"key":"Toxic Egg 2"},{"floor":26,"key":"Art of War"},{"floor":28,"key":"Mummified Hand"},{"floor":28,"key":"Strawberry"},{"floor":29,"key":"Mercury Hourglass"},{"floor":31,"key":"Regal Pillow"},{"floor":35,"key":"Meat on the Bone"},{"floor":37,"key":"Charon\u0027s Ashes"},{"floor":40,"key":"Omamori"},{"floor":40,"key":"Orichalcum"},{"floor":41,"key":"Prayer Wheel"},{"floor":43,"key":"Centennial Puzzle"},{"floor":44,"key":"Bottled Lightning"},{"floor":46,"key":"War Paint"},{"floor":47,"key":"Vajra"},{"floor":47,"key":"White Beast Statue"}],"event_choices":[{"damage_healed":0.0,"max_hp_gain":0.0,"max_hp_loss":0.0,"gold_gain":0.0,"event_name":"FaceTrader","player_choice":"Trade","floor":3.0,"gold_loss":0.0,"damage_taken":0.0,"relics_obtained":["SsserpentHead"]},{"cards_removed":["Bludgeon"],"damage_healed":0.0,"max_hp_gain":0.0,"max_hp_loss":0.0,"gold_gain":0.0,"event_name":"Purifier","player_choice":"Purged","floor":12.0,"gold_loss":0.0,"damage_taken":0.0},{"damage_healed":0,"gold_gain":0,"player_choice":"Fight","damage_taken":0,"max_hp_gain":0,"max_hp_loss":0,"event_name":"MindBloom","floor":37,"gold_loss":0},{"damage_healed":0,"gold_gain":0,"player_choice":"Max HP","damage_taken":0,"max_hp_gain":0,"max_hp_loss":8,"event_name":"Winding Halls","floor":39,"gold_loss":0},{"cards_removed":["Whirlwind"],"damage_healed":0,"gold_gain":0,"player_choice":"Removed Attack","damage_taken":0,"max_hp_gain":0,"max_hp_loss":0,"event_name":"Falling","floor":42,"gold_loss":0},{"damage_healed":0,"gold_gain":0,"player_choice":"Damaged","damage_taken":16,"max_hp_gain":0,"max_hp_loss":0,"event_name":"Wheel of Change","floor":45,"gold_loss":0}],"is_beta":false,"boss_relics":[{"not_picked":["Calling Bell","Runic Dome"],"picked":"Black Star"},{"not_picked":["Philosopher\u0027s Stone","Astrolabe"],"picked":"Runic Pyramid"}],"items_purged_floors":[],"is_endless":false,"potions_floor_spawned":[1,2,4,11,13,20,22,33,35,37],"ascension_level":0}}