{"host":"0cnf9zf1gia27zti","time":1608517749,"event":{"mods":["BaseMod","BetterRewards","Card Forge","Colored Map","Colored Powertips","Conspire","Downfall","Minty Spire (QoL Compilation)","Practice Mode","Quick Restart","Replay The Spire","Robot Space Explorer","Shade Mod","Spicy Shops","StSLib"],"gold_per_floor":[118,131,144,90,106,139,156,9,33,51,51,61,71,84,84,183,183,195,195,195,207,25,57,76,86,111,130,130,53,80,98,98,199,199,219,19,51,71,35,68,85,113,161,180,230,230,230,246,246,246],"floor_reached":51,"playtime":17019,"items_purged":["Strike_R"],"score":1218,"play_id":"8f606c33-744c-472b-a701-b04951f84576","local_time":"20201221022909","is_ascension_mode":true,"campfire_choices":[{"data":"Replay:SS_hec_2","floor":11,"key":"SMITH"},{"data":"Metallicize","floor":15,"key":"SMITH"},{"data":"ReplayTheSpireMod:Brewmster","floor":28,"key":"SMITH"},{"floor":32,"key":"REST"},{"floor":46,"key":"DIG"},{"data":"Entrench","floor":49,"key":"SMITH"}],"circlet_count":0,"master_deck":["AscendersBane","Strike_R","Defend_R","Defend_R","Defend_R","Defend_R","Bash","Replay:SS_hec_2+1","ReplayTheSpireMod:Brewmster+1","Warcry","Cleave","Metallicize+1","Fire Breathing+1","ReplayTheSpireMod:Stacked","Thunderclap","Pot Of Greed","Pot Of Greed","Reaper","Evolve","Warcry","Iron Wave","Demonic Infusion","Entrench+1","Whirlwind","Shrug It Off","Demonic Infusion","Body Slam+1","Juggernaut","Shrug It Off+1","Barricade+1","Shrug It Off","Limit Break","Warcry"],"relics":["Burning Blood","Hammer of Thor","Seething Fire","Anvil of the Gods","Anchor","Bronze Scales","Chemical X","Replay:Mystery Machine","Potion Belt","Grinning Jar","conspire:RoyalGoblet","Membership Card","Pet Ghost","Bag of Marbles","Pen Nib","Onion Ring","Empty Cage","Mummified Hand","Oddly Smooth Stone","Ice Cream","Replay:Multitool","Happy Flower","Omamori","Pocketwatch","MealTicket"],"acts_visited":["Exordium","TheCity","TheBeyond"],"potions_floor_usage":[1,1,2,2,2,3,3,5,5,5,6,7,7,7,7,10,10,14,16,16,16,16,16,16,16,16,21,21,21,21,23,23,23,23,24,24,24,25,25,27,27,27,27,30,31,31,33,33,33,33,33,33,40,40,40,40,40,40,40,40,40,40,41,41,42,42,44,44,44,44,50,50,50,50,50,50,50,50],"damage_taken":[{"damage":6,"enemies":"Cultist","floor":1,"turns":5},{"damage":0,"enemies":"Small Slimes","floor":2,"turns":5},{"damage":0,"enemies":"2 Louse","floor":3,"turns":1},{"damage":12,"enemies":"Gremlin Gang","floor":5,"turns":5},{"damage":7,"enemies":"3 Sentries","floor":6,"turns":7},{"damage":1,"enemies":"Exordium Wildlife","floor":7,"turns":7},{"damage":0,"enemies":"Large Slime","floor":10,"turns":5},{"damage":0,"enemies":"2 Fungi Beasts","floor":12,"turns":4},{"damage":6,"enemies":"3 Louse","floor":13,"turns":3},{"damage":7,"enemies":"Exordium Wildlife","floor":14,"turns":6},{"damage":30,"enemies":"Hexaghost","floor":16,"turns":10},{"damage":0,"enemies":"Chosen","floor":18,"turns":6},{"damage":0,"enemies":"Shell Parasite","floor":21,"turns":8},{"damage":2,"enemies":"Book of Stabbing","floor":23,"turns":8},{"damage":0,"enemies":"Snecko","floor":24,"turns":5},{"damage":10,"enemies":"Snake Plant","floor":25,"turns":7},{"damage":12,"enemies":"3 Cultists","floor":27,"turns":6},{"damage":25,"enemies":"Slavers","floor":30,"turns":7},{"damage":0,"enemies":"Cultist and Chosen","floor":31,"turns":5},{"damage":41,"enemies":"Collector","floor":33,"turns":12},{"damage":0,"enemies":"3 Shapes","floor":35,"turns":5},{"damage":33,"enemies":"conspire:MimicChest","floor":37,"turns":8},{"damage":0,"enemies":"Orb Walker","floor":38,"turns":5},{"damage":52,"enemies":"Reptomancer","floor":40,"turns":9},{"damage":1,"enemies":"Maw","floor":41,"turns":6},{"damage":21,"enemies":"Nemesis","floor":42,"turns":9},{"damage":0,"enemies":"Jaw Worm Horde","floor":44,"turns":6},{"damage":0,"enemies":"Mind Bloom Boss Battle","floor":45,"turns":10},{"damage":0,"enemies":"3 Darklings","floor":48,"turns":1},{"damage":30,"enemies":"Time Eater","floor":50,"turns":10}],"seed_played":"217199154201684808","potions_obtained":[{"floor":1,"key":"Explosive Potion"},{"floor":6,"key":"Ancient Potion"},{"floor":7,"key":"FearPotion"},{"floor":12,"key":"Ancient Potion"},{"floor":18,"key":"Strength Potion"},{"floor":25,"key":"BlessingOfTheForge"},{"floor":31,"key":"Block Potion"},{"floor":38,"key":"AttackPotion"},{"floor":40,"key":"Slimebound:ThreeZeroPotion"},{"floor":41,"key":"SmokeBomb"},{"floor":48,"key":"sneckomod:MuddlingPotion"}],"is_trial":false,"path_per_floor":["M","M","M","$","M","E","M","$","T","M","R","M","M","M","R","B",null,"M","?","?","M","$","E","M","M","T","M","R","$","E","M","R","B",null,"M","$","?","M","$","E","M","E","T","M","?","R","?","M","R_BF","B",null],"character_chosen":"IRONCLAD","items_purchased":["Anchor","Bronze Scales","Chemical X","Replay:SS_hec_2","ReplayTheSpireMod:Brewmster","Fire Breathing+1","Potion Belt","Membership Card","Whirlwind","Pen Nib","Mummified Hand","Oddly Smooth Stone","Limit Break"],"campfire_rested":1,"item_purchase_floors":[0,0,0,0,0,4,8,22,22,29,36,36,39],"current_hp_per_floor":[36,58,64,64,58,57,62,62,62,68,68,74,77,78,78,73,78,80,65,65,85,85,85,85,81,81,75,75,75,56,62,85,50,76,82,82,58,64,64,18,29,32,32,54,64,64,64,70,70,74],"gold":246,"neow_bonus":"","is_daily":false,"chose_seed":false,"campfire_upgraded":4,"win_rate":0.0,"timestamp":1608517749,"path_taken":["M","M","M","$","M","E","M","$","T","M","R","M","?","M","R","BOSS","M","?","?","?","$","E","M","M","T","M","R","$","E","M","R","BOSS","M","$","?","M","$","E","M","E","T","M","?","R","?","?","R_BF","BOSS"],"items_purchased_type":["Relic","Relic","Relic","Card","Card","Card","Relic","Relic","Card","Relic","Relic","Relic","Card"],"build_version":"2020-12-13","purchased_purges":1,"victory":true,"max_hp_per_floor":[80,80,80,80,80,80,80,80,80,80,80,80,80,80,80,80,80,80,85,85,85,85,85,85,85,85,85,85,85,85,85,85,85,85,85,85,85,85,85,85,85,85,85,85,85,85,85,85,85,85],"card_choices":[{"not_picked":["Twin Strike","Body Slam"],"picked":"Warcry","floor":1},{"not_picked":["Pummel","ReplayReversal"],"picked":"Cleave","floor":2},{"not_picked":["Shrug It Off","Twin Strike"],"picked":"Metallicize","floor":3},{"not_picked":["Headbutt","Combust","Anger"],"picked":"SKIP","floor":5},{"not_picked":["Anger","Sever Soul"],"picked":"ReplayTheSpireMod:Stacked","floor":6},{"not_picked":["Wild Strike","Replay:Undeath\u0027s Touch"],"picked":"Thunderclap","floor":7},{"not_picked":["Anger","Havoc"],"picked":"Reaper","floor":10},{"not_picked":["Evolve","Shockwave","Headbutt"],"picked":"SKIP","floor":12},{"not_picked":["Shockwave","Headbutt"],"picked":"Evolve","floor":12},{"not_picked":["Pommel Strike","Massacre"],"picked":"Warcry","floor":13},{"not_picked":["Battle Trance","Havoc"],"picked":"Iron Wave","floor":14},{"not_picked":["Offering","Fiend Fire"],"picked":"Demonic Infusion","floor":16},{"not_picked":["Run Through+1","Feel No Pain","Pommel Strike"],"picked":"SKIP","floor":18},{"not_picked":["Perfected Strike","Sentinel"],"picked":"Entrench","floor":21},{"not_picked":["Sentinel","Clash","Wild Strike"],"picked":"SKIP","floor":23},{"not_picked":["Exhume","Havoc","Body Slam"],"picked":"SKIP","floor":24},{"not_picked":["Abandon+1","Wild Strike+1"],"picked":"Shrug It Off","floor":25},{"not_picked":["ReplayTheSpireMod:LeadingStrike","Clothesline","Defy Death"],"picked":"SKIP","floor":27},{"not_picked":["Clothesline","Replay:Undeath\u0027s Touch"],"picked":"Demonic Infusion","floor":30},{"not_picked":["Wild Strike","Bloodletting+1"],"picked":"Body Slam+1","floor":31},{"not_picked":["Bludgeon","conspire:Purge"],"picked":"Juggernaut","floor":33},{"not_picked":["Abandon","Body Slam"],"picked":"Shrug It Off+1","floor":35},{"not_picked":["Flex","Power Through+1"],"picked":"Shrug It Off","floor":37},{"not_picked":["Pummel","Anger","ReplayTheSpireMod:Strike From Hell"],"picked":"SKIP","floor":38},{"not_picked":["Twin Strike","Shrug It Off","Massacre+1"],"picked":"SKIP","floor":40},{"not_picked":["Shockwave","Wild Strike+1","Headbutt"],"picked":"SKIP","floor":41},{"not_picked":["Shrug It Off","Twin Strike","Brutality"],"picked":"SKIP","floor":42},{"not_picked":["Rampage","Second Wind"],"picked":"Warcry","floor":44},{"not_picked":["Replay:Undeath\u0027s Touch","ReplayReversal","Headbutt"],"picked":"SKIP","floor":48}],"player_experience":2333285,"relics_obtained":[{"floor":6,"key":"Replay:Mystery Machine"},{"floor":9,"key":"Grinning Jar"},{"floor":23,"key":"Pet Ghost"},{"floor":26,"key":"Bag of Marbles"},{"floor":30,"key":"Onion Ring"},{"floor":37,"key":"Ice Cream"},{"floor":40,"key":"Replay:Multitool"},{"floor":42,"key":"Happy Flower"},{"floor":43,"key":"Omamori"},{"floor":45,"key":"Pocketwatch"},{"floor":46,"key":"MealTicket"}],"event_choices":[{"damage_healed":0,"gold_gain":0,"player_choice":"Shed Blood","damage_taken":20,"max_hp_gain":5,"max_hp_loss":0,"event_name":"Forgotten Altar","floor":19,"gold_loss":0},{"cards_removed":["Strike_R"],"damage_healed":0,"gold_gain":0,"player_choice":"Purged","damage_taken":0,"max_hp_gain":0,"max_hp_loss":0,"event_name":"Purifier","floor":20,"gold_loss":0},{"damage_healed":0,"gold_gain":0,"player_choice":"Fight","damage_taken":0,"max_hp_gain":0,"max_hp_loss":0,"event_name":"MindBloom","floor":45,"gold_loss":0},{"damage_healed":0,"gold_gain":0,"player_choice":"Leave","damage_taken":0,"max_hp_gain":0,"max_hp_loss":0,"event_name":"conspire:Investor","floor":47,"gold_loss":0}],"is_beta":false,"boss_relics":[{"not_picked":["ReplayTheSpireMod:DimensionalGlitch","ChewingGum"],"picked":"conspire:RoyalGoblet"},{"not_picked":["Mark of Pain","Philosopher\u0027s Stone"],"picked":"Empty Cage"}],"items_purged_floors":[29],"is_endless":false,"potions_floor_spawned":[1,6,7,12,13,18,25,31,38,40,41,48],"ascension_level":12}}