{"host":"by8i6f8xc0ywpsd5","time":1608578204,"event":{"mods":["BaseMod","Colored Map","Minty Spire (QoL Compilation)","Relic Stats"],"gold_per_floor":[18,28,28,41,41,41,41,41],"floor_reached":7,"playtime":255,"items_purged":[],"score":82,"play_id":"8106dc4e-893b-400e-a249-cbd1c9c87f79","local_time":"20201221211644","is_ascension_mode":true,"campfire_choices":[{"floor":6,"key":"REST"}],"circlet_count":0,"master_deck":["AscendersBane","Strike_R","Strike_R+1","Strike_R","Strike_R","Defend_R","Defend_R","Defend_R","Defend_R","Bash","Corruption","Heavy Blade","Headbutt","Heavy Blade","Shockwave+1"],"relics":["Burning Blood"],"acts_visited":["Exordium"],"potions_floor_usage":[7],"damage_taken":[{"damage":12.0,"enemies":"Jaw Worm","floor":1.0,"turns":4.0},{"damage":6.0,"enemies":"2 Louse","floor":2.0,"turns":3.0},{"damage":15.0,"enemies":"Small Slimes","floor":4.0,"turns":3.0},{"damage":61,"enemies":"3 Sentries","floor":7,"turns":10}],"seed_played":"-6208091986793810263","potions_obtained":[{"floor":4.0,"key":"BlessingOfTheForge"}],"is_trial":false,"path_per_floor":["M","M","?","M","?","R","E"],"character_chosen":"IRONCLAD","items_purchased":[],"campfire_rested":1,"item_purchase_floors":[],"current_hp_per_floor":[62,62,62,53,30,52,0,0],"gold":41,"neow_bonus":"THREE_RARE_CARDS","is_daily":false,"chose_seed":false,"campfire_upgraded":0,"win_rate":0.0,"timestamp":1608578204,"path_taken":["M","M","?","M","?","R","E"],"items_purchased_type":[],"build_version":"2020-12-13","purchased_purges":0,"victory":false,"max_hp_per_floor":[75,75,75,75,75,75,75,75],"relic_stats":{"counters":[4,20],"obtain_stats":[{"Burning Blood":0},{"Burning Blood":0},{"Burning Blood":0}],"Burning Blood":18},"card_choices":[{"not_picked":["Immolate","Reaper"],"picked":"Corruption","floor":0.0},{"not_picked":["Anger","Second Wind"],"picked":"Heavy Blade","floor":1.0},{"not_picked":["True Grit","Havoc"],"picked":"Headbutt","floor":2.0},{"not_picked":["Rampage","Thunderclap"],"picked":"Shockwave","floor":4.0}],"player_experience":1682195,"relics_obtained":[],"event_choices":[{"damage_healed":0.0,"max_hp_gain":0.0,"max_hp_loss":0.0,"gold_gain":0.0,"cards_transformed":["Strike_R"],"event_name":"Living Wall","player_choice":"Change","floor":3.0,"gold_loss":0.0,"damage_taken":0.0,"cards_obtained":["Heavy Blade"]},{"damage_healed":0,"gold_gain":0,"player_choice":"Entered Light","damage_taken":23,"max_hp_gain":0,"max_hp_loss":0,"event_name":"Shining Light","floor":5,"gold_loss":0,"cards_upgraded":["Strike_R","Shockwave"]}],"is_beta":false,"boss_relics":[],"items_purged_floors":[],"is_endless":false,"potions_floor_spawned":[4],"killed_by":"3 Sentries","ascension_level":20}}