{"host":"qvl114e0jmbc6yhm","time":1608592268,"event":{"mods":["Act Like it!","BaseMod","Hermit","Highlight Path","Hubris","Jedi Mod","Marisa????????","Minty Spire (QoL Compilation)","Permanent Neow","Random Character Button","Relic Sorter","Relic Stats","Replay The Spire","Shop Mod","Spicy Shops","StSLib","The Jungle","The Runesmith"],"gold_per_floor":[114,114,132,148,113,140,150,150,150,68,68,102,102,119,119,191,191,209,224,224,243,243,243,269,286,286,321,331,9,9,20,20,94,94,105,105,121,134,134,161,161,161,185,202,202,231,251,285,285,285,285,285,579,606,606],"floor_reached":56,"playtime":3522,"items_purged":["Decay","Parasite"],"score":1900,"play_id":"717e3a7f-948a-4e49-9721-fcae15a76b91","local_time":"20201221181108","is_ascension_mode":true,"campfire_choices":[{"data":"True Grit","floor":8.0,"key":"SMITH"},{"floor":11.0,"key":"REST"},{"data":"jedi:strikingstrike","floor":13.0,"key":"SMITH"},{"data":"Bash","floor":15.0,"key":"SMITH"},{"floor":23.0,"key":"REST"},{"data":"Whirlwind","floor":32.0,"key":"SMITH"},{"data":"Uppercut","floor":42.0,"key":"SMITH"},{"floor":45.0,"key":"RECALL"},{"data":"True Grit","floor":49.0,"key":"SMITH"},{"data":"Shockwave","floor":52.0,"key":"SMITH"}],"circlet_count":0,"master_deck":["AscendersBane","Strike_R","Strike_R","Strike_R+1","Strike_R","Bash+1","True Grit+1","Shrug It Off+1","Cleave","Clothesline","jedi:strikingstrike+1","Warcry","Shockwave+1","Reaper","Fire Breathing","True Grit+1","Whirlwind+1","Voices","Inflame+1","Dark Embrace+1","theJungle:Gourd","theJungle:Gourd","theJungle:Gourd","theJungle:Gourd","theJungle:Gourd","Flame Barrier","Fiend Fire+1","Uppercut+1","jedi:harder+1","Inflame+1","Warcry","Magnetism+1"],"relics":["Dead Branch","Replay:Accelerometer","hubris:TinFlute","Quantum Egg","Champion Belt","Cursed Key","theJungle:BirthdayCakeSlice","theJungle:WildStrawberry","hubris:ChampionShield","Mummified Hand","hubris:Towel","Snack Pack","hubris:ScarierMask","Mercury Hourglass","MerchantsRug","hubris:NiceRug","Medical Kit","Toy Ornithopter","Lee\u0027s Waffle","Pet Ghost","hubris:Zylophone","Thread and Needle"],"acts_visited":["Exordium","theJungle:Jungle","TheBeyond","TheEnding"],"potions_floor_usage":[53,55,55,55],"damage_taken":[{"damage":4.0,"enemies":"Jaw Worm","floor":1.0,"turns":4.0},{"damage":13.0,"enemies":"Small Slimes","floor":3.0,"turns":4.0},{"damage":0.0,"enemies":"2 Louse","floor":4.0,"turns":5.0},{"damage":23.0,"enemies":"Gremlin Nob","floor":6.0,"turns":4.0},{"damage":6.0,"enemies":"Blue Slaver","floor":7.0,"turns":4.0},{"damage":13.0,"enemies":"Lagavulin","floor":12.0,"turns":6.0},{"damage":7.0,"enemies":"Looter","floor":14.0,"turns":4.0},{"damage":13.0,"enemies":"Slime Boss","floor":16.0,"turns":6.0},{"damage":14.0,"enemies":"Shell Parasite","floor":18.0,"turns":3.0},{"damage":4.0,"enemies":"theJungle:5_Spyders","floor":19.0,"turns":6.0},{"damage":22.0,"enemies":"theJungle:Lyon","floor":21.0,"turns":4.0},{"damage":7.0,"enemies":"theJungle:Cassacara","floor":24.0,"turns":9.0},{"damage":7.0,"enemies":"theJungle:JungleHuntersEncounter","floor":25.0,"turns":7.0},{"damage":47.0,"enemies":"theJungle:2_Phrogs","floor":27.0,"turns":6.0},{"damage":0.0,"enemies":"theJungle:2_Snecko_Cultists","floor":28.0,"turns":4.0},{"damage":12.0,"enemies":"theJungle:SlimyTreeVines","floor":31.0,"turns":6.0},{"damage":2.0,"enemies":"theJungle:QueenSpyder","floor":33.0,"turns":14.0},{"damage":0.0,"enemies":"3 Shapes","floor":35.0,"turns":1.0},{"damage":0.0,"enemies":"Orb Walker","floor":37.0,"turns":1.0},{"damage":0.0,"enemies":"Spire Growth","floor":38.0,"turns":1.0},{"damage":0.0,"enemies":"R_Hoarder","floor":40.0,"turns":2.0},{"damage":0.0,"enemies":"Sphere and 2 Shapes","floor":44.0,"turns":1.0},{"damage":0.0,"enemies":"Giant Head","floor":46.0,"turns":1.0},{"damage":16.0,"enemies":"Writhing Mass","floor":47.0,"turns":7.0},{"damage":17.0,"enemies":"R_Hoarder","floor":48.0,"turns":5.0},{"damage":95.0,"enemies":"Replay:Hell Engine","floor":50.0,"turns":7.0},{"damage":71,"enemies":"hubris:Merchant","floor":53,"turns":6},{"damage":5,"enemies":"Shield and Spear","floor":54,"turns":4},{"damage":0,"enemies":"The Heart","floor":55,"turns":9}],"seed_played":"5914160399426643734","potions_obtained":[{"floor":3.0,"key":"DistilledChaos"},{"floor":7.0,"key":"EntropicBrew"},{"floor":16.0,"key":"HeartOfIron"},{"floor":25.0,"key":"LifebloodPotion"},{"floor":33.0,"key":"Fruit Juice"},{"floor":38.0,"key":"DuplicationPotion"},{"floor":53,"key":"Block Potion"},{"floor":53,"key":"Energy Potion"}],"is_trial":false,"path_per_floor":["M","?","M","M","?","E","M","R","T","$","R","E","R","M","R","B",null,"M","M","?","M","?","R","E","M","T","E","M","$","?","M","R","B",null,"M","?","M","M","?","E","?","R","T","M","R","E","M","E","R","B",null,"R","$","E","B",null],"character_chosen":"IRONCLAD","items_purchased":["jedi:strikingstrike","Mummified Hand","Dark Embrace+1","MerchantsRug"],"campfire_rested":2,"item_purchase_floors":[10,29,29,53],"current_hp_per_floor":[64,49,36,36,54,31,25,25,25,25,47,34,34,27,27,14,60,53,51,56,40,33,59,76,72,72,25,37,37,37,30,30,38,75,87,87,87,92,92,92,92,92,92,92,92,92,87,92,92,30,77,77,96,96,96],"gold":606,"neow_bonus":"BOSS_RELIC","is_daily":false,"chose_seed":false,"campfire_upgraded":7,"win_rate":0.0,"timestamp":1608592268,"path_taken":["M","?","M","M","?","E","M","R","T","$","R","E","R","M","R","BOSS","M","M","?","M","?","R","E","M","T","E","M","$","?","M","R","BOSS","M","?","?","M","?","E","?","R","T","?","R","E","M","E","R","BOSS","R","$","E","BOSS"],"items_purchased_type":["Card","Relic","Card","Relic"],"build_version":"2020-12-13","purchased_purges":2,"victory":true,"max_hp_per_floor":[75,75,75,75,75,75,75,75,75,75,75,75,75,75,75,75,75,75,75,80,80,87,87,87,87,87,87,87,87,87,87,87,87,87,87,87,87,92,92,92,92,92,92,92,92,92,92,92,92,92,92,92,96,96,96],"relic_stats":{"Lee\u0027s Waffle":76,"counters":[29,141],"Mummified Hand":[46],"Dead Branch":[339],"Champion Belt":[44],"Cursed Key":2,"Medical Kit":[2],"obtain_stats":[{"Golden Egg":24,"Replay:Accelerometer":53,"Cursed Key":17,"Burning Blood":0,"Pet Ghost":53,"hubris:BlackHole":34,"hubris:Backtick":0,"theJungle:BirthdayCakeSlice":20,"Mummified Hand":29,"hubris:ScarierMask":46,"jedi:cryingmask":40,"hubris:ChampionShield":27,"hubris:TinFlute":6,"MerchantsRug":53,"Lee\u0027s Waffle":53,"Dead Branch":0,"Quantum Egg":9,"Thread and Needle":54,"Frozen Egg 2":26,"hubris:Towel":39,"Medical Kit":53,"Mercury Hourglass":48,"hubris:Zylophone":53,"Snack Pack":46,"Champion Belt":12,"theJungle:WildStrawberry":22,"Toy Ornithopter":53,"hubris:NiceRug":53},{"Golden Egg":12,"Replay:Accelerometer":27,"Cursed Key":8,"Burning Blood":0,"Pet Ghost":27,"hubris:BlackHole":17,"hubris:Backtick":0,"theJungle:BirthdayCakeSlice":10,"Mummified Hand":15,"hubris:ScarierMask":23,"jedi:cryingmask":21,"hubris:ChampionShield":14,"hubris:TinFlute":4,"MerchantsRug":26,"Lee\u0027s Waffle":27,"Dead Branch":0,"Quantum Egg":5,"Thread and Needle":28,"Frozen Egg 2":13,"hubris:Towel":20,"Medical Kit":27,"Mercury Hourglass":25,"hubris:Zylophone":27,"Snack Pack":23,"Champion Belt":6,"theJungle:WildStrawberry":11,"Toy Ornithopter":27,"hubris:NiceRug":27},{"Golden Egg":59,"Replay:Accelerometer":128,"Cursed Key":37,"Burning Blood":0,"Pet Ghost":128,"hubris:BlackHole":96,"hubris:Backtick":0,"theJungle:BirthdayCakeSlice":46,"Mummified Hand":76,"hubris:ScarierMask":103,"jedi:cryingmask":101,"hubris:ChampionShield":72,"hubris:TinFlute":17,"MerchantsRug":122,"Lee\u0027s Waffle":128,"Dead Branch":0,"Quantum Egg":21,"Thread and Needle":132,"Frozen Egg 2":66,"hubris:Towel":99,"Medical Kit":128,"Mercury Hourglass":115,"hubris:Zylophone":128,"Snack Pack":103,"Champion Belt":27,"theJungle:WildStrawberry":50,"Toy Ornithopter":128,"hubris:NiceRug":128}],"Toy Ornithopter":0,"Mercury Hourglass":[52]},"card_choices":[{"not_picked":["Flex","Anger"],"picked":"True Grit","floor":1.0},{"not_picked":["Dual Wield","Armaments","Run Through"],"picked":"SKIP","floor":3.0},{"not_picked":["Iron Wave","Searing Blow"],"picked":"Shrug It Off","floor":4.0},{"not_picked":["Warcry","True Grit"],"picked":"Cleave","floor":6.0},{"not_picked":["Perfected Strike","Shrug It Off"],"picked":"Clothesline","floor":7.0},{"not_picked":["jedi:fear","ReplayTheSpireMod:Muscle Training"],"picked":"Warcry","floor":12.0},{"not_picked":["jedi:unlimitedpower","Sword Boomerang"],"picked":"Shockwave","floor":14.0},{"not_picked":["Bludgeon","hubris:StunningStrike"],"picked":"Reaper","floor":16.0},{"not_picked":["Replay:Undeath\u0027s Touch+1","Anger"],"picked":"Fire Breathing","floor":18.0},{"not_picked":["Headbutt","Massacre","jedi:suffering"],"picked":"SKIP","floor":19.0},{"not_picked":["Carnage","Perfected Strike+1"],"picked":"True Grit","floor":21.0},{"not_picked":["Metallicize","hubris:ReadiedAction"],"picked":"Whirlwind","floor":24.0},{"not_picked":["Sword Boomerang","Twin Strike","ReplayTheSpireMod:Strike From Hell"],"picked":"SKIP","floor":25.0},{"not_picked":["Entrench","Armaments"],"picked":"Inflame+1","floor":27.0},{"not_picked":["jedi:collectorstrike","Bloodletting","Perfected Strike"],"picked":"SKIP","floor":28.0},{"not_picked":["ReplayTheSpireMod:Stacked","Flex"],"picked":"Flame Barrier","floor":31.0},{"not_picked":["Berserk+1","Impervious"],"picked":"Fiend Fire","floor":33.0},{"not_picked":["Iron Wave","Havoc"],"picked":"Uppercut","floor":35.0},{"not_picked":["Combust+1","Pommel Strike","ReplayTheSpireMod:Muscle Training"],"picked":"SKIP","floor":37.0},{"not_picked":["ReplayReversal","Clothesline","Perfected Strike+1"],"picked":"SKIP","floor":38.0},{"not_picked":["Run Through","Pommel Strike","Flex"],"picked":"SKIP","floor":40.0},{"not_picked":["ReplayTheSpireMod:Strike From Hell","ReplayTheSpireMod:Muscle Training","Combust+1"],"picked":"SKIP","floor":44.0},{"not_picked":["hubris:CleavingFinish","Headbutt"],"picked":"Inflame+1","floor":46.0},{"not_picked":["Replay:Undeath\u0027s Touch","Pommel Strike","Anger+1"],"picked":"SKIP","floor":47.0},{"not_picked":["Infernal Blade+1","ReplayTheSpireMod:Strike From Hell","Berserk+1"],"picked":"SKIP","floor":48.0},{"not_picked":[],"picked":"Warcry","floor":53},{"not_picked":[],"picked":"Magnetism+1","floor":53},{"not_picked":["ReplayTheSpireMod:Strike From Hell"],"picked":"SKIP","floor":53},{"not_picked":["Sword Boomerang"],"picked":"SKIP","floor":53},{"not_picked":["ReplayTheSpireMod:Muscle Training"],"picked":"SKIP","floor":53},{"not_picked":["Dark Embrace+1"],"picked":"SKIP","floor":53},{"not_picked":["Enlightenment"],"picked":"SKIP","floor":53},{"not_picked":["Pommel Strike","ReplayTheSpireMod:LeadingStrike","Intimidate"],"picked":"SKIP","floor":54}],"player_experience":2379184,"relics_obtained":[{"floor":6.0,"key":"hubris:TinFlute"},{"floor":9.0,"key":"Quantum Egg"},{"floor":12.0,"key":"Champion Belt"},{"floor":24.0,"key":"Golden Egg"},{"floor":26.0,"key":"Frozen Egg 2"},{"floor":27.0,"key":"hubris:ChampionShield"},{"floor":40.0,"key":"jedi:cryingmask"},{"floor":46.0,"key":"Snack Pack"},{"floor":48.0,"key":"Mercury Hourglass"},{"floor":53,"key":"Medical Kit"},{"floor":53,"key":"Toy Ornithopter"},{"floor":53,"key":"Lee\u0027s Waffle"},{"floor":53,"key":"Replay:Accelerometer"},{"floor":53,"key":"Pet Ghost"},{"floor":53,"key":"hubris:Zylophone"},{"floor":54,"key":"Thread and Needle"}],"event_choices":[{"damage_healed":0.0,"max_hp_gain":0.0,"max_hp_loss":0.0,"gold_gain":0.0,"event_name":"Shining Light","player_choice":"Entered Light","floor":2.0,"gold_loss":0.0,"damage_taken":15.0,"cards_upgraded":["Defend_R","Strike_R"]},{"damage_healed":18.0,"max_hp_gain":0.0,"max_hp_loss":0.0,"gold_gain":0.0,"event_name":"The Cleric","player_choice":"Healed","floor":5.0,"gold_loss":35.0,"damage_taken":0.0},{"damage_healed":0.0,"max_hp_gain":0.0,"max_hp_loss":0.0,"gold_gain":0.0,"cards_transformed":["Strike_R"],"event_name":"Transmorgrifier","player_choice":"Transformed","floor":36.0,"gold_loss":0.0,"damage_taken":0.0,"cards_obtained":["jedi:harder"]},{"damage_healed":0.0,"max_hp_gain":0.0,"max_hp_loss":0.0,"gold_gain":0.0,"event_name":"The Woman in Blue","player_choice":"Bought 0 Potions","floor":41.0,"gold_loss":0.0,"damage_taken":0.0}],"is_beta":false,"boss_relics":[{"not_picked":["Ectoplasm","Replay:Wanted Poster"],"picked":"Cursed Key"},{"not_picked":["hubris:TerracottaHorce","hubris:ScarierMask"],"picked":"hubris:BlackHole"}],"items_purged_floors":[53,53],"is_endless":false,"potions_floor_spawned":[3,7,16,18,25,28,33,38,40,46,54],"ascension_level":14}}