{"host":"4nqeo0vu1vuav7gg","time":1608549155,"event":{"mods":["AchievementEnabler","BaseMod","Block Reminder","Colored Map","Colored Powertips","Highlight Path","Minty Spire (QoL Compilation)","Quick Restart","Rare Cards Sparkle","Relic Relevance Reorder","StSLib"],"gold_per_floor":[119,119,138,8,8,8,41,67,67,98,98,118,118,145,145,241,241,259,30,30,30,30,58,58,71,119,37,67,86,86,104,104,104,104],"floor_reached":33,"playtime":1588,"items_purged":["Regret"],"score":374,"play_id":"378b817e-5fb1-4f0d-8568-a76a7db9bdce","local_time":"20201221121235","is_ascension_mode":true,"campfire_choices":[{"data":"Crippling Poison","floor":6.0,"key":"SMITH"},{"floor":11.0,"key":"REST"},{"data":"Crippling Poison","floor":13.0,"key":"SMITH"},{"data":"Night Terror","floor":15.0,"key":"SMITH"},{"floor":24.0,"key":"REST"},{"floor":30.0,"key":"REST"},{"floor":32.0,"key":"REST"}],"circlet_count":0,"master_deck":["Strike_G","Strike_G","Defend_G","Defend_G","Defend_G","Defend_G","Defend_G","Survivor","Neutralize+1","Crippling Poison+1","Escape Plan","Dramatic Entrance","Blur","Crippling Poison+1","Deadly Poison","Sucker Punch","Night Terror+1","Envenom","Noxious Fumes+1","Well Laid Plans+1","A Thousand Cuts+1","Footwork","Noxious Fumes","Backflip+1","Slice","Mind Blast","Deadly Poison","Cloak And Dagger","PiercingWail"],"relics":["Ring of the Snake","Ornamental Fan","Pen Nib","Mercury Hourglass","Paper Crane","Ice Cream","CultistMask","Vajra","Bag of Preparation","Question Card","Astrolabe","MealTicket","Boot"],"acts_visited":["Exordium","TheCity"],"potions_floor_usage":[],"damage_taken":[{"damage":1.0,"enemies":"Jaw Worm","floor":1.0,"turns":5.0},{"damage":5.0,"enemies":"2 Louse","floor":3.0,"turns":3.0},{"damage":32.0,"enemies":"Gremlin Nob","floor":7.0,"turns":5.0},{"damage":12.0,"enemies":"3 Sentries","floor":10.0,"turns":4.0},{"damage":4.0,"enemies":"Small Slimes","floor":12.0,"turns":2.0},{"damage":22.0,"enemies":"Lagavulin","floor":14.0,"turns":6.0},{"damage":12.0,"enemies":"The Guardian","floor":16.0,"turns":8.0},{"damage":44.0,"enemies":"Spheric Guardian","floor":18.0,"turns":5.0},{"damage":24.0,"enemies":"Gremlin Leader","floor":23.0,"turns":7.0},{"damage":3.0,"enemies":"Chosen","floor":25.0,"turns":5.0},{"damage":19.0,"enemies":"Slavers","floor":28.0,"turns":4.0},{"damage":13.0,"enemies":"Snake Plant","floor":29.0,"turns":3.0},{"damage":16.0,"enemies":"Centurion and Healer","floor":31.0,"turns":4.0},{"damage":29,"enemies":"Champ","floor":33,"turns":12}],"seed_played":"-4668420180124639012","potions_obtained":[{"floor":7.0,"key":"SkillPotion"},{"floor":10.0,"key":"Block Potion"},{"floor":14.0,"key":"AttackPotion"},{"floor":28.0,"key":"ColorlessPotion"},{"floor":29.0,"key":"CunningPotion"}],"is_trial":false,"path_per_floor":["M","?","M","$","?","R","E","T","T","E","R","M","R","E","R","B",null,"M","$","?","?","?","E","R","M","T","$","E","M","R","M","R","B"],"character_chosen":"THE_SILENT","items_purchased":["Dramatic Entrance","Blur","Noxious Fumes","DuplicationPotion","Mind Blast"],"campfire_rested":4,"item_purchase_floors":[4,4,19,19,27],"current_hp_per_floor":[69,62,57,70,70,70,38,38,38,26,47,43,43,21,21,9,55,11,26,26,26,26,2,23,20,20,35,16,3,24,8,29,0,0],"gold":104,"neow_bonus":"UPGRADE_CARD","is_daily":false,"chose_seed":false,"campfire_upgraded":3,"win_rate":0.0,"timestamp":1608549155,"path_taken":["M","?","M","?","?","R","E","?","T","E","R","M","R","E","R","BOSS","M","$","?","?","?","E","R","M","T","$","E","?","R","M","R","BOSS"],"items_purchased_type":["Card","Card","Card","Potion","Card"],"build_version":"2020-12-13","purchased_purges":1,"victory":false,"max_hp_per_floor":[70,70,70,70,70,70,70,70,70,70,70,70,70,70,70,70,70,70,70,70,70,70,70,70,70,70,70,70,70,70,70,70,70,70],"card_choices":[{"not_picked":["Sucker Punch","Tactician"],"picked":"Crippling Poison","floor":1.0},{"not_picked":["Acrobatics","Outmaneuver"],"picked":"Escape Plan","floor":3.0},{"not_picked":["Acrobatics","After Image","Deflect"],"picked":"Crippling Poison","floor":7.0},{"not_picked":["Cloak And Dagger","Unload","Sucker Punch"],"picked":"Deadly Poison","floor":10.0},{"not_picked":["Distraction","Masterful Stab","Reflex"],"picked":"Sucker Punch","floor":12.0},{"not_picked":["Cloak And Dagger","Slice","Quick Slash"],"picked":"Night Terror","floor":14.0},{"not_picked":["Malaise","Grand Finale","Adrenaline"],"picked":"Envenom","floor":16.0},{"not_picked":["Infinite Blades+1","Reflex+1","Cloak And Dagger"],"picked":"Footwork","floor":18.0},{"not_picked":["Infinite Blades","Sucker Punch","Dagger Spray"],"picked":"Backflip+1","floor":23.0},{"not_picked":["Cloak And Dagger","Accuracy","Dagger Spray"],"picked":"Slice","floor":25.0},{"not_picked":["All Out Attack","Venomology","Bullet Time"],"picked":"Deadly Poison","floor":28.0},{"not_picked":["Well Laid Plans","Blade Dance+1","Deflect"],"picked":"Cloak And Dagger","floor":29.0},{"not_picked":["Dodge and Roll","Concentrate","Dagger Spray"],"picked":"PiercingWail","floor":31.0}],"player_experience":964649,"relics_obtained":[{"floor":7.0,"key":"Mercury Hourglass"},{"floor":8.0,"key":"Bag of Preparation"},{"floor":9.0,"key":"Paper Crane"},{"floor":10.0,"key":"Ornamental Fan"},{"floor":14.0,"key":"Pen Nib"},{"floor":23.0,"key":"Boot"},{"floor":28.0,"key":"Vajra"}],"event_choices":[{"damage_healed":0.0,"max_hp_gain":0.0,"max_hp_loss":0.0,"gold_gain":0.0,"event_name":"Scrap Ooze","player_choice":"Success","floor":2.0,"gold_loss":0.0,"damage_taken":7.0,"relics_obtained":["MealTicket"]},{"damage_healed":0.0,"max_hp_gain":0.0,"max_hp_loss":0.0,"gold_gain":0.0,"event_name":"Big Fish","player_choice":"Box","floor":5.0,"gold_loss":0.0,"damage_taken":0.0,"relics_obtained":["Question Card"],"cards_obtained":["Regret"]},{"damage_healed":0.0,"max_hp_gain":0.0,"max_hp_loss":0.0,"gold_gain":0.0,"event_name":"The Mausoleum","player_choice":"Opened","floor":20.0,"gold_loss":0.0,"damage_taken":0.0,"relics_obtained":["Ice Cream"]},{"damage_healed":0.0,"max_hp_gain":0.0,"max_hp_loss":0.0,"gold_gain":0.0,"event_name":"Cursed Tome","player_choice":"Ignored","floor":21.0,"gold_loss":0.0,"damage_taken":0.0},{"damage_healed":0.0,"max_hp_gain":0.0,"max_hp_loss":0.0,"gold_gain":0.0,"event_name":"FaceTrader","player_choice":"Trade","floor":22.0,"gold_loss":0.0,"damage_taken":0.0,"relics_obtained":["CultistMask"]}],"is_beta":false,"boss_relics":[{"not_picked":["Runic Dome","Philosopher\u0027s Stone"],"picked":"Astrolabe"}],"items_purged_floors":[19],"is_endless":false,"potions_floor_spawned":[7,10,14,28,29],"killed_by":"Champ","ascension_level":5}}