{"host":"yciysiy0jlorh0h5","time":1608587693,"event":{"mods":["2.2 Compatiblity","Act Like it!","BaseMod","Bestiary","Better Match","BetterRewards","Curses Come First","Elementarium","Hallownest","Hermit","Hubris","Infinite Spire","Minty Spire (QoL Compilation)","Rare Cards Sparkle","Replay The Spire","Shade Mod","StSLib","The Alterego","The Construct","The Cursed","The Hierophant","The Judge","The Mystic","The Runesmith","The Servant 0.9.4","Wandering Minibosses","vexMod"],"gold_per_floor":[117,94,110,145,145,145,161,195,218,218,11,37,37,71,71,169,169,186,206,206,217,217,282,301,301,374,421,181,206,216,251,251,355,355,394,406,321,296,146,146,163,163,163,185,196,231,231,55,55,159,159,168,168,184,734,758,758,1424,1424,1424,1444,1452,1476,1776,1785,1785,1761,1761],"floor_reached":67,"playtime":4525,"items_purged":["Rewind","ForgedInTime","Shuttle+1"],"score":1196,"play_id":"15f43bf2-6587-46ac-a669-1ffcc8786170","local_time":"20201221155453","is_ascension_mode":false,"campfire_choices":[{"floor":6,"key":"RECALL"},{"data":"Moondial","floor":10,"key":"SMITH"},{"floor":15,"key":"REST"},{"data":"KillingDoll","floor":25,"key":"SMITH"},{"floor":32,"key":"REST"},{"data":"Hallownest:skillKingdomsEdgeMap","floor":40,"key":"SMITH"},{"data":"ForgedInTime","floor":42,"key":"SMITH"},{"data":"1","floor":47,"key":"LIFT"},{"data":"2","floor":49,"key":"LIFT"},{"data":"3","floor":59,"key":"LIFT"},{"floor":64,"key":"DIG"},{"data":"InstantArmor","floor":66,"key":"SMITH"}],"circlet_count":0,"master_deck":["Strike_S","Strike_S","Strike_S","Strike_S","Defend_S+1","Defend_S+1","Defend_S+1","Defend_S+1","KidneyShot","Exchange","Moondial+1","Rearm","ShatteredReality","ShatteredReality","DualDimension","SoulSculpture","ForgedInTime+1","Deny","Contraction","KillingDoll+1","PendulumOfEternity","SpecialFormula+1","Potential+1","Dilation","FloweringNight","GearUp+1","BottledTime","Hallownest:skillKingdomsEdgeMap+1","Starlight","DoubleEdge+1","RealityMarble+1","TrueSight+1","Luminosity","Pot Of Greed","Pot Of Greed","Pot Of Greed","InstantArmor+1","InstantArmor","BottledTime","Pot Of Greed"],"relics":["SplendidAttire","Pan","Mango","Onion Ring","vexMod:MemoryStick","Bottled Flame","Kunai","Oddly Smooth Stone","Membership Card","Omamori","hubris:CrystalStatue","StoneMask","Hallownest:WatcherSealRelic","vexMod:TimeEaterHat","Runesmith:AutoHammer","hubris:Reverence","Strange Spoon","Mirror","vexMod:BarristanHead","Replay:Bottled Eggs","vexMod:TanglingVine","Shovel","Hallownest:SoulVesselRelic","infinitespire:Bottled Soul","Girya","Sundial","Broom","hubris:Icosahedron","vexMod:RockOfEvil","infinitespire:Lychee Nut","Grinning Jar","Smiling Mask","Old Coin"],"acts_visited":["Hallownest:Greenpath","Hallownest:CityofTears","Hallownest:KingdomsEdge","Hallownest:Greenpath"],"potions_floor_usage":[8,14,16,16,21,24,31,31,31,35,36,50,54,67,67],"damage_taken":[{"damage":0,"enemies":"Hallownest:monsterHuskWarrior","floor":1,"turns":2},{"damage":0,"enemies":"2_ Uuma","floor":3,"turns":2},{"damage":0,"enemies":"Hallownest:2_Baldur","floor":7,"turns":2},{"damage":6,"enemies":"Hallownest:eliteVengeflyKing","floor":8,"turns":3},{"damage":0,"enemies":"Hallownest:eliteMossKnight","floor":12,"turns":2},{"damage":0,"enemies":"Hallownest:monsterAspidMother","floor":13,"turns":2},{"damage":8,"enemies":"Hallownest:eliteVengeflyKing","floor":14,"turns":4},{"damage":8,"enemies":"Hallownest:BossHornet","floor":16,"turns":10},{"damage":0,"enemies":"Hallownest:3_Youths","floor":18,"turns":2},{"damage":7,"enemies":"Hallownest:2_Mistakes","floor":19,"turns":5},{"damage":0,"enemies":"Hallownest:Warrior_and_Youth","floor":21,"turns":3},{"damage":0,"enemies":"Hallownest:monsterShrumalOgre","floor":24,"turns":4},{"damage":0,"enemies":"Hallownest:Master_and_Novice","floor":27,"turns":3},{"damage":7,"enemies":"Hallownest:Warrior_and_Youth","floor":30,"turns":4},{"damage":97,"enemies":"Nightmare","floor":31,"turns":11},{"damage":25,"enemies":"Hallownest:BossGrimm","floor":33,"turns":10},{"damage":0,"enemies":"Hallownest:3_Siblings","floor":35,"turns":3},{"damage":16,"enemies":"Hallownest:Shield_Heavy","floor":36,"turns":6},{"damage":0,"enemies":"Hallownest:Shield_Sturdy","floor":41,"turns":4},{"damage":8,"enemies":"Hallownest:2_Wing_and_1_Kings","floor":44,"turns":6},{"damage":11,"enemies":"Hallownest:2_Wandering_and_1_Horned","floor":45,"turns":5},{"damage":43,"enemies":"Hallownest:eliteHiveKnight","floor":46,"turns":4},{"damage":44,"enemies":"Hallownest:Radiance","floor":50,"turns":6},{"damage":0,"enemies":"Hallownest:2_Baldur","floor":52,"turns":1},{"damage":0,"enemies":"2_ Uuma","floor":54,"turns":1},{"damage":14,"enemies":"Hallownest:eliteCrystalGuardian","floor":61,"turns":3},{"damage":0,"enemies":"Hallownest:monsterHuskWarrior","floor":62,"turns":2},{"damage":2,"enemies":"Hallownest:eliteVengeflyKing","floor":63,"turns":3},{"damage":0,"enemies":"Hallownest:monsterAspidMother","floor":65,"turns":3},{"damage":119,"enemies":"Hallownest:BossHornet","floor":67,"turns":3}],"seed_played":"-7273455393226649274","potions_obtained":[{"floor":1,"key":"Milkshake"},{"floor":7,"key":"DuplicationPotion"},{"floor":8,"key":"SteroidPotion"},{"floor":14,"key":"Flashbang"},{"floor":19,"key":"Explosive Potion"},{"floor":21,"key":"Regen Potion"},{"floor":23,"key":"Reflective Coating"},{"floor":23,"key":"Flashbang"},{"floor":30,"key":"SpeedPotion"},{"floor":33,"key":"ColorlessPotion"},{"floor":35,"key":"SkillPotion"},{"floor":46,"key":"Fire Potion"},{"floor":50,"key":"Adrenaline Potion"},{"floor":61,"key":"SteroidPotion"},{"floor":65,"key":"SteroidPotion"}],"is_trial":false,"path_per_floor":["M","$","M","?","T","R","M","E","T","R","$","E","M","E","R","B",null,"M","M","?","M","AVR","?","M","R","T","M","$","T","M","NM","R","B",null,"M","M","?","?","?","R","M","R","T","M","M","E","R","$","R","B",null,"M","?","M","?","T","?","AVR","R","T","E","M","E","R","M","R","B"],"character_chosen":"THE_SERVANT","items_purchased":["Pan","Onion Ring","vexMod:MemoryStick","Moondial","ShatteredReality","Membership Card","ForgedInTime","Strange Spoon","Mirror","Sundial"],"campfire_rested":2,"item_purchase_floors":[0,0,0,0,2,11,11,28,28,48],"current_hp_per_floor":[46,46,46,46,46,46,46,40,40,40,40,40,40,32,55,47,79,82,84,84,86,86,86,87,87,87,89,89,89,88,6,33,27,93,96,94,94,94,94,94,100,100,100,99,101,67,67,67,67,34,108,110,110,112,112,112,112,112,112,84,75,81,87,87,88,88,0,0],"gold":1761,"neow_bonus":"","is_daily":false,"chose_seed":false,"campfire_upgraded":5,"win_rate":0.0,"timestamp":1608587693,"path_taken":["M","$","M","?","?","R","M","E","T","R","?","E","M","E","R","BOSS","M","M","?","M","AVR","?","?","R","T","M","$","?","M","NM","R","BOSS","M","?","?","?","?","R","M","R","T","M","M","E","R","$","R","BOSS","M","?","M","?","?","?","AVR","R","T","E","?","E","R","M","R","BOSS"],"items_purchased_type":["Relic","Relic","Relic","Card","Card","Relic","Card","Relic","Relic","Relic"],"build_version":"2020-12-13","purchased_purges":3,"victory":false,"max_hp_per_floor":[79,79,79,79,79,79,79,79,79,79,79,79,79,79,79,79,79,82,84,84,86,86,86,87,87,87,89,89,89,91,92,92,93,93,96,98,98,98,98,98,100,100,100,103,106,107,107,107,107,108,108,110,110,112,112,112,112,112,112,84,85,86,87,87,88,88,88,88],"card_choices":[{"not_picked":["Alleviate","Replace"],"picked":"Rearm","floor":1},{"not_picked":["Potential","Defy"],"picked":"ShatteredReality","floor":3},{"not_picked":["DoubleEdge","StarChef"],"picked":"DualDimension","floor":7},{"not_picked":["Sabotage","ShatteredReality"],"picked":"SoulSculpture","floor":8},{"not_picked":["Moonlight","TimeWarp"],"picked":"Deny","floor":12},{"not_picked":["Spin","GearUp"],"picked":"Contraction","floor":13},{"not_picked":["Replace","Manipulate"],"picked":"KillingDoll","floor":14},{"not_picked":["SoulSculpture","ForgedInTime"],"picked":"PendulumOfEternity","floor":16},{"not_picked":["Rewind","DoubleEdge+1"],"picked":"SpecialFormula+1","floor":18},{"not_picked":["Foresight+1","ShatteredReality"],"picked":"Potential+1","floor":19},{"not_picked":["Ricochet","Unruled"],"picked":"Rewind","floor":21},{"not_picked":["TimeWarp","WasteNot"],"picked":"Dilation","floor":23},{"not_picked":["Moondial","Replace","Manipulate"],"picked":"SKIP","floor":24},{"not_picked":["Replace+1","Ricochet","Revamp+1"],"picked":"SKIP","floor":27},{"not_picked":["Defy","Replace","WasteNot"],"picked":"SKIP","floor":30},{"not_picked":["Revamp","Barrier+1","SurpressingFire"],"picked":"SKIP","floor":31},{"not_picked":["ForgedInTime","SoulSculpture"],"picked":"FloweringNight","floor":33},{"not_picked":["Defy","Spin+1"],"picked":"GearUp+1","floor":35},{"not_picked":["MoonPhase","ShiftingGears+1"],"picked":"BottledTime","floor":36},{"not_picked":["Spin+1","ShatteredReality"],"picked":"Starlight","floor":41},{"not_picked":["Spin+1","Sabotage"],"picked":"Shuttle+1","floor":44},{"not_picked":["Revamp+1","Alleviate"],"picked":"DoubleEdge+1","floor":45},{"not_picked":["TimeWarp+1","Solidify"],"picked":"RealityMarble+1","floor":46},{"not_picked":["Embodiment","FloweringNight"],"picked":"TrueSight","floor":50},{"not_picked":["ShatteredReality","Rewind"],"picked":"Luminosity","floor":52},{"not_picked":["Revamp","Starlight","Gouge"],"picked":"SKIP","floor":54},{"not_picked":["SilverBlades","Advance"],"picked":"InstantArmor","floor":61},{"not_picked":["FanOfKnives","DualDimension"],"picked":"InstantArmor","floor":62},{"not_picked":["RealityMarble","Collapse"],"picked":"BottledTime","floor":63},{"not_picked":["Luminosity","BestPractice","Unruled"],"picked":"SKIP","floor":65}],"player_experience":293783,"relics_obtained":[{"floor":5,"key":"Bottled Flame"},{"floor":8,"key":"Kunai"},{"floor":9,"key":"Oddly Smooth Stone"},{"floor":12,"key":"Omamori"},{"floor":14,"key":"hubris:CrystalStatue"},{"floor":23,"key":"Runesmith:AutoHammer"},{"floor":26,"key":"hubris:Reverence"},{"floor":29,"key":"vexMod:BarristanHead"},{"floor":31,"key":"Replay:Bottled Eggs"},{"floor":43,"key":"infinitespire:Bottled Soul"},{"floor":46,"key":"Girya"},{"floor":56,"key":"Broom"},{"floor":60,"key":"infinitespire:Lychee Nut"},{"floor":61,"key":"Grinning Jar"},{"floor":63,"key":"Smiling Mask"},{"floor":64,"key":"Old Coin"}],"event_choices":[],"is_beta":false,"boss_relics":[{"not_picked":["Runic Dome","Philosopher\u0027s Stone"],"picked":"StoneMask"},{"not_picked":["Calling Bell","hubris:VirtuousBlindfold"],"picked":"vexMod:TanglingVine"},{"not_picked":["hubris:Stopwatch","Painkiller Herb"],"picked":"SplendidAttire"}],"items_purged_floors":[28,48,58],"is_endless":true,"potions_floor_spawned":[1,7,8,14,19,21,30,33,35,46,50,61,65],"killed_by":"Hallownest:BossHornet","ascension_level":0}}