{"host":"e1ezmaebp4k769tb","time":1608550360,"event":{"mods":["2.2 Compatiblity","AchievementEnabler","AlwaysNeverKeys","BaseMod","CapriCore","Card Filter","Colored Powertips","Curses Come First","DeckTracker","Friendly Minions","Highlight Path","Keyboard Shortcuts","Minty Spire (QoL Compilation)","Permanent Neow","Quick Restart","Red Circlet Mod","Remilia£¨?Ú·×é?£©","Replay The Spire","StSLib","WarShipGirlsR/??á´Ò³R mod"],"gold_per_floor":[111,124,136,150,169,203,203,278,278,278,311,311,322,353,353,432,432,447,465,380,380,397,397,431,0,0,12,32,32,57,57,57,130,130,149,149,164,189,206,206,206,106,131,160,35,70,70,90,90,90,90],"floor_reached":50,"playtime":5022,"items_purged":["Strike_RM","Decay","Injury"],"score":1545,"play_id":"7f94008d-5a59-41f8-8c77-688a4674481c","local_time":"20201221203240","is_ascension_mode":true,"campfire_choices":[{"data":"Apotheosis","floor":7.0,"key":"SMITH"},{"data":"CeilingFear","floor":10.0,"key":"SMITH"},{"data":"FitfulNightmare","floor":12.0,"key":"SMITH"},{"data":"RedMoon","floor":15.0,"key":"SMITH"},{"data":"HunterOfTheNight","floor":23.0,"key":"SMITH"},{"data":"VampireKiss","floor":29.0,"key":"SMITH"},{"data":"VampireSweep","floor":32.0,"key":"SMITH"},{"data":"1","floor":40,"key":"LIFT"},{"floor":47,"key":"REST"},{"data":"2","floor":49,"key":"LIFT"}],"circlet_count":0,"master_deck":["AscendersBane","Strike_RM","Strike_RM","Strike_RM+1","Defend_RM","Defend_RM+1","Defend_RM","Defend_RM","RedMoon+1","ScarletShoot","Apotheosis+1","VampireFantasy","UnderTheZenith+1","FitfulNightmare+1","VampireSweep+1","VampireFantasy","CeilingFear+1","HunterOfTheNight+1","FitfulNightmare+1","CurseOfVladTepes+1","ScarletMeister+1","EternalNight+1","StarOfDavid","VampireKiss+1","RedRainbow","VampireKiss+1","DevilSight+1","BadLadyScramble+1","CeilingFear+1","VampireFantasy+1","StarOfDavid+1","Voices","Clumsy","TransientEternity+1","RedMagic+1"],"relics":["ScarletHat","Tiny Chest","Chameleon Ring","Frozen Egg 2","Strawberry","Cursed Key","Akabeko","Pet Ghost","HandDrill","Happy Flower","Toxic Egg 2","War Paint","Bag of Marbles","ReplayTheSpireMod:DimensionalGlitch","Girya","Replay:Mystery Machine","MealTicket","Gremlin Food","CeramicFish"],"acts_visited":["Exordium","TheCity","TheBeyond"],"potions_floor_usage":[44,46],"damage_taken":[{"damage":0.0,"enemies":"Cultist","floor":1.0,"turns":3.0},{"damage":2.0,"enemies":"Small Slimes","floor":2.0,"turns":7.0},{"damage":0.0,"enemies":"2 Louse","floor":3.0,"turns":3.0},{"damage":19.0,"enemies":"Lots of Slimes","floor":4.0,"turns":8.0},{"damage":5.0,"enemies":"3 Louse","floor":5.0,"turns":3.0},{"damage":6.0,"enemies":"3 Sentries","floor":6.0,"turns":8.0},{"damage":0.0,"enemies":"Gremlin Nob","floor":11.0,"turns":3.0},{"damage":13.0,"enemies":"Exordium Thugs","floor":13.0,"turns":6.0},{"damage":11.0,"enemies":"Lagavulin","floor":14.0,"turns":7.0},{"damage":15.0,"enemies":"Hexaghost","floor":16.0,"turns":12.0},{"damage":0.0,"enemies":"Spheric Guardian","floor":18.0,"turns":2.0},{"damage":8.0,"enemies":"Chosen","floor":19.0,"turns":8.0},{"damage":0.0,"enemies":"Snecko","floor":22.0,"turns":5.0},{"damage":30.0,"enemies":"Book of Stabbing","floor":24.0,"turns":8.0},{"damage":4.0,"enemies":"Sentry and Sphere","floor":27.0,"turns":6.0},{"damage":0.0,"enemies":"Centurion and Healer","floor":28.0,"turns":6.0},{"damage":9.0,"enemies":"Gremlin Leader","floor":30.0,"turns":5.0},{"damage":16.0,"enemies":"Pondfish","floor":33.0,"turns":8.0},{"damage":7.0,"enemies":"3 Shapes","floor":35.0,"turns":4.0},{"damage":5.0,"enemies":"3 Darklings","floor":37.0,"turns":7.0},{"damage":0.0,"enemies":"Mind Bloom Boss Battle","floor":38.0,"turns":7.0},{"damage":37,"enemies":"Transient","floor":39,"turns":6},{"damage":0,"enemies":"Nemesis","floor":44,"turns":8},{"damage":46,"enemies":"Reptomancer","floor":46,"turns":8},{"damage":26,"enemies":"4 Shapes","floor":48,"turns":7},{"damage":15,"enemies":"Donu and Deca","floor":50,"turns":1}],"seed_played":"-3344172428998537781","potions_obtained":[{"floor":2.0,"key":"EssenceOfSteel"},{"floor":3.0,"key":"ColorlessPotion"},{"floor":14.0,"key":"Elixir"},{"floor":16.0,"key":"SkillPotion"},{"floor":22.0,"key":"BlessingOfTheForge"},{"floor":28.0,"key":"LifebloodPotion"},{"floor":44,"key":"ColorlessPotion"}],"is_trial":false,"path_per_floor":["M","M","M","M","M","E","R","?","T","R","E","R","M","E","R","B",null,"M","M","?","?","M","R","E","$","T","M","M","R","E","T","R","B",null,"M","?","M","?","M","R","T","$","T","E","$","E","R","M","R","B"],"character_chosen":"REMILIA","items_purchased":["HandDrill","Happy Flower","RedRainbow"],"campfire_rested":1,"item_purchase_floors":[25,25,25],"current_hp_per_floor":[63,63,63,50,45,43,43,32,32,32,36,36,27,29,29,30,60,60,55,55,55,55,55,30,30,30,30,35,35,40,40,40,35,61,54,54,51,51,24,24,24,24,24,33,48,14,35,15,15,0,0],"gold":90,"neow_bonus":"RANDOM_COLORLESS_2","is_daily":false,"chose_seed":false,"campfire_upgraded":7,"win_rate":0.0,"timestamp":1608550360,"path_taken":["M","M","M","M","M","E","R","?","T","R","E","R","M","E","R","BOSS","M","M","?","?","M","R","E","$","T","M","M","R","E","?","R","BOSS","M","?","?","?","M","R","?","$","T","E","$","E","R","M","R","BOSS"],"items_purchased_type":["Relic","Relic","Card"],"build_version":"2020-12-13","purchased_purges":3,"victory":false,"max_hp_per_floor":[63,63,63,63,63,63,63,63,63,63,63,63,63,70,70,70,70,70,70,70,70,70,70,70,70,70,70,70,70,70,70,70,70,70,70,70,70,70,70,70,70,70,70,70,70,70,70,70,70,70,70],"card_choices":[{"not_picked":["Thinking Ahead","Secret Technique"],"picked":"Apotheosis","floor":0.0},{"not_picked":["BlasphemousPunishment","CharismaGuard"],"picked":"VampireFantasy","floor":1.0},{"not_picked":["ForbiddenFruit","EndlessAdversity"],"picked":"UnderTheZenith","floor":2.0},{"not_picked":["ScarletDevil","EndlessAdversity"],"picked":"FitfulNightmare","floor":3.0},{"not_picked":["GlobalNightmare","DemonKingCradle"],"picked":"VampireSweep","floor":4.0},{"not_picked":["FavorOfDestiny","ScarletSymphony"],"picked":"VampireFantasy","floor":5.0},{"not_picked":["UnderTheZenith","MastersStateliness"],"picked":"CeilingFear","floor":6.0},{"not_picked":["FitfulNightmare+1","RedRainbow"],"picked":"HunterOfTheNight","floor":11.0},{"not_picked":["BlasphemousPunishment","UnderTheZenith"],"picked":"FitfulNightmare+1","floor":13.0},{"not_picked":["BloodHunter","TricksterDevil+1"],"picked":"CurseOfVladTepes+1","floor":14.0},{"not_picked":["ScarletCoffin","HeartBreak"],"picked":"ScarletMeister+1","floor":16.0},{"not_picked":["UltimateOffering","ChainGang"],"picked":"EternalNight","floor":18.0},{"not_picked":["Maim","EndlessAdversity"],"picked":"StarOfDavid","floor":19.0},{"not_picked":["EndlessAdversity+1","RedRainbow"],"picked":"VampireKiss","floor":22.0},{"not_picked":["Stigmanizer","DiffusionOfMisfortune","FavorOfDestiny"],"picked":"SKIP","floor":24.0},{"not_picked":["DiffusionOfMisfortune","Stigmanizer"],"picked":"VampireKiss+1","floor":27.0},{"not_picked":["BloodHunter+1","BlasphemousPunishment+1","EndlessAdversity"],"picked":"SKIP","floor":28.0},{"not_picked":["RedMagic+1","Stigmanizer"],"picked":"DevilSight+1","floor":30.0},{"not_picked":["UnstableMagic+1","GlobalNightmare+1"],"picked":"BadLadyScramble+1","floor":35.0},{"not_picked":["EndlessAdversity","MastersStateliness+1","ScarletDream+1"],"picked":"SKIP","floor":37.0},{"not_picked":["RedRainbow","StarOfDavid"],"picked":"VampireFantasy+1","floor":38.0},{"not_picked":["FitfulNightmare+1","ChainGang"],"picked":"StarOfDavid+1","floor":39},{"not_picked":["EndlessAdversity","BloodHunter+1"],"picked":"TransientEternity+1","floor":44},{"not_picked":["FitfulNightmare+1","FavorOfDestiny+1","LeisurelyOfLord"],"picked":"SKIP","floor":46},{"not_picked":["MiserableFate+1","CharismaGuard+1"],"picked":"RedMagic+1","floor":48}],"player_experience":183821,"relics_obtained":[{"floor":6.0,"key":"Tiny Chest"},{"floor":9.0,"key":"Chameleon Ring"},{"floor":11.0,"key":"Frozen Egg 2"},{"floor":14.0,"key":"Strawberry"},{"floor":24.0,"key":"Pet Ghost"},{"floor":26.0,"key":"Toxic Egg 2"},{"floor":30.0,"key":"War Paint"},{"floor":31.0,"key":"Bag of Marbles"},{"floor":38.0,"key":"Girya"},{"floor":41,"key":"Replay:Mystery Machine"},{"floor":43,"key":"MealTicket"},{"floor":44,"key":"Gremlin Food"},{"floor":46,"key":"CeramicFish"}],"event_choices":[{"damage_healed":0.0,"max_hp_gain":0.0,"max_hp_loss":0.0,"gold_gain":75.0,"event_name":"World of Goop","player_choice":"Gather Gold","floor":8.0,"gold_loss":0.0,"damage_taken":11.0},{"damage_healed":0.0,"max_hp_gain":0.0,"max_hp_loss":0.0,"gold_gain":0.0,"event_name":"Addict","player_choice":"Obtained Relic","floor":20.0,"gold_loss":85.0,"damage_taken":0.0,"relics_obtained":["Akabeko"]},{"damage_healed":0.0,"max_hp_gain":0.0,"max_hp_loss":0.0,"gold_gain":0.0,"event_name":"Upgrade Shrine","player_choice":"Upgraded","floor":21.0,"gold_loss":0.0,"damage_taken":0.0,"cards_upgraded":["EternalNight"]},{"damage_healed":0.0,"max_hp_gain":0.0,"max_hp_loss":0.0,"gold_gain":0.0,"event_name":"Duplicator","player_choice":"Copied","floor":36.0,"gold_loss":0.0,"damage_taken":0.0,"cards_obtained":["CeilingFear"]},{"damage_healed":0.0,"max_hp_gain":0.0,"max_hp_loss":0.0,"gold_gain":0.0,"event_name":"MindBloom","player_choice":"Fight","floor":38.0,"gold_loss":0.0,"damage_taken":0.0}],"is_beta":false,"boss_relics":[{"not_picked":["Ring of Chaos","Runic Pyramid"],"picked":"Cursed Key"},{"not_picked":["Kintsugi","Snecko Eye"],"picked":"ReplayTheSpireMod:DimensionalGlitch"}],"items_purged_floors":[25,42,45],"is_endless":false,"potions_floor_spawned":[2,3,4,5,14,16,22,28,30,35,39,44],"killed_by":"Donu and Deca","ascension_level":20}}