{"host":"lb7zt723eg2fm64t","time":1608568433,"event":{"mods":["Act Like it!","BaseMod","Bestiary","Better Altar","Better Match","Better Note","Better Sensory Stone","Better Skull","Better Third Choice","Lobotomy","LobotomyExtend","Minty Spire (QoL Compilation)","Potion Indicator Mod","Quick Restart","Shedinja","StSLib"],"gold_per_floor":[110,128,128,142,153,184,38,38,38,49,49,61,75,87,106,122,122,122,133,133,146,146,156,156,169,169,264,264,264,264],"floor_reached":18,"playtime":2076,"items_purged":[],"score":378,"play_id":"a25fb6f1-5290-4af2-b220-7553fc725728","local_time":"20201221103353","is_ascension_mode":false,"campfire_choices":[],"circlet_count":0,"master_deck":["QueenOfHatred","SpecialBullet","SpecialBullet","SpecialBullet","SpecialBullet","SpecialBullet","SpecialBullet","SpecialBullet","SpecialBullet","Moonlight","UniverseFragment","CrumblingArmor","Harvest","WallGazer","GoldRush","GreedKing","LifeForTheDareDevil+1","SpecialBullet","Wellcheers","MeatLantern","SpiderBud","Funeral","Ecstasy","LongBird"],"relics":["CogitoBucket","Shovel","NlothsMask","Toxic Egg 2","Orichalcum","BehaviorAdjustment","MagicBullet_r","LetterFromLob","HellTrain","Gaze_r","Meat on the Bone","InTheNameOfLoveAndHate_r","Busted Crown","HonorFeather"],"acts_visited":["Exordium","TheBeyond"],"potions_floor_usage":[4,5,7,12],"damage_taken":[{"damage":11,"enemies":"Jaw Worm","floor":1,"turns":2},{"damage":0,"enemies":"Cultist","floor":2,"turns":2},{"damage":2,"enemies":"Small Slimes","floor":4,"turns":2},{"damage":5,"enemies":"Gremlin Gang","floor":5,"turns":3},{"damage":0,"enemies":"3 Sentries","floor":6,"turns":6},{"damage":0,"enemies":"Red Slaver","floor":10,"turns":4},{"damage":0,"enemies":"Small Slimes","floor":1,"turns":6},{"damage":0,"enemies":"Jaw Worm","floor":2,"turns":1},{"damage":0,"enemies":"2 Louse","floor":3,"turns":1},{"damage":1,"enemies":"Large Slime","floor":4,"turns":3},{"damage":8,"enemies":"3 Louse","floor":5,"turns":3},{"damage":20,"enemies":"3 Louse","floor":7,"turns":3},{"damage":0,"enemies":"Looter","floor":8,"turns":2},{"damage":0,"enemies":"Blue Slaver","floor":10,"turns":1},{"damage":0,"enemies":"Exordium Thugs","floor":12,"turns":3},{"damage":0,"enemies":"2 Fungi Beasts","floor":14,"turns":2},{"damage":4,"enemies":"The Guardian","floor":16,"turns":7},{"damage":29,"enemies":"3 Darklings","floor":18,"turns":3}],"seed_played":"-3167843493915993555","potions_obtained":[{"floor":2,"key":"Swift Potion"},{"floor":1,"key":"SteroidPotion"},{"floor":3,"key":"EssenceOfSteel"},{"floor":10,"key":"DistilledChaos"},{"floor":14,"key":"Ancient Potion"},{"floor":16,"key":"Energy Potion"}],"is_trial":false,"path_per_floor":["M","M","?","M","M","E","$","?","T","M","R","M","M","M","M","M","M","?","?","M","T","M","R","M","?","M","R","B",null,"M"],"character_chosen":"Angela","items_purchased":["Orichalcum"],"campfire_rested":0,"item_purchase_floors":[7],"current_hp_per_floor":[38,38,38,36,31,31,31,31,31,31,31,70,74,78,82,86,86,68,84,84,88,88,95,95,99,99,106,106,0,0],"gold":264,"neow_bonus":"ONE_RARE_RELIC","is_daily":false,"chose_seed":false,"campfire_upgraded":0,"win_rate":0.0,"timestamp":1608568433,"path_taken":["M","M","?","?","M","E","$","?","T","M","R","?","M","M","M","M","M","?","?","M","T","M","R","M","?","M","R","BOSS","M"],"items_purchased_type":["Relic"],"build_version":"2020-12-13","purchased_purges":0,"victory":false,"max_hp_per_floor":[70,70,70,70,70,70,70,70,70,70,70,70,74,78,82,86,86,86,90,90,94,94,98,98,102,102,106,106,106,106],"card_choices":[{"not_picked":["Logging"],"picked":"Moonlight","floor":1},{"not_picked":["Noise"],"picked":"Gaze","floor":2},{"not_picked":["Discord"],"picked":"ShedSkin","floor":4},{"not_picked":["Beak","Tough"],"picked":"SKIP","floor":5},{"not_picked":["DespairKnight","WallGazer"],"picked":"UniverseFragment","floor":6},{"not_picked":["FeatherOfHonor"],"picked":"TodaysExpression+1","floor":6},{"not_picked":["Tough"],"picked":"BloodyDesire+1","floor":10},{"not_picked":["TodaysExpression+1","Regret_ego"],"picked":"SKIP","floor":1},{"not_picked":["BeautyBeast","Bloodbath"],"picked":"CrumblingArmor","floor":2},{"not_picked":["RapturousDream+1"],"picked":"Harvest","floor":2},{"not_picked":["Scorched","FairyFestival"],"picked":"WallGazer","floor":3},{"not_picked":["Loneliness+1"],"picked":"GoldRush","floor":3},{"not_picked":["CherryBlossoms","Bloodbath"],"picked":"QueenOfHatred","floor":4},{"not_picked":["SolemnVow","GrinderMk4"],"picked":"SKIP","floor":4},{"not_picked":["Bloodbath","MeatLantern"],"picked":"GreedKing","floor":5},{"not_picked":["RapturousDream+1"],"picked":"LifeForTheDareDevil","floor":5},{"not_picked":["VoidDream","Scorched"],"picked":"Wellcheers","floor":8},{"not_picked":["Loneliness+1","Tough"],"picked":"SKIP","floor":8},{"not_picked":["OldLady","Bloodbath"],"picked":"MeatLantern","floor":10},{"not_picked":["RapturousDream+1"],"picked":"Gaze+1","floor":10},{"not_picked":["CherryBlossoms","Laetitia"],"picked":"SpiderBud","floor":12},{"not_picked":["Regret_ego"],"picked":"Spore+1","floor":12},{"not_picked":["Scorched","BigBadWolf"],"picked":"Funeral","floor":14},{"not_picked":["SwordSharpenedByTears"],"picked":"Ecstasy","floor":14},{"not_picked":["VoidDream","QueenBee"],"picked":"LongBird","floor":16},{"not_picked":["Twilight"],"picked":"SoundOfStar+1","floor":16}],"player_experience":228501,"relics_obtained":[{"floor":1,"key":"LetterFromLob"},{"floor":6,"key":"Toxic Egg 2"},{"floor":1,"key":"LetterFromLob"},{"floor":9,"key":"Meat on the Bone"}],"event_choices":[{"damage_healed":0,"gold_gain":0,"player_choice":"Trade","damage_taken":0,"relics_obtained":["NlothsMask"],"max_hp_gain":0,"max_hp_loss":0,"event_name":"FaceTrader","floor":3,"gold_loss":0},{"damage_healed":0,"gold_gain":0,"player_choice":"Upgraded","damage_taken":0,"max_hp_gain":0,"max_hp_loss":0,"event_name":"Upgrade Shrine","floor":8,"gold_loss":0,"cards_upgraded":["ShedSkin"]},{"cards_removed":["TodaysExpression"],"damage_healed":0,"gold_gain":0,"player_choice":"Take \u0026 Give","damage_taken":0,"max_hp_gain":0,"max_hp_loss":0,"event_name":"betterNote:BetterNote","floor":6,"gold_loss":0,"cards_obtained":["Apotheosis"]},{"damage_healed":0,"gold_gain":0,"player_choice":"Forge","damage_taken":0,"max_hp_gain":0,"max_hp_loss":0,"event_name":"Accursed Blacksmith","floor":13,"gold_loss":0,"cards_upgraded":["LifeForTheDareDevil"]}],"is_beta":false,"boss_relics":[{"not_picked":["Astrolabe","Runic Dome"],"picked":"Busted Crown"}],"items_purged_floors":[],"is_endless":false,"potions_floor_spawned":[2,1,3,10,14,16],"killed_by":"3 Darklings","ascension_level":0}}