{"host":"63o2iqaaus9jfjk5","time":1608516661,"event":{"mods":["AchievementEnabler","BaseMod","Better Altar","Better Match","Better Note","Better Sensory Stone","Better Skull","Better Third Choice","Better-Laid Plans","Displayed Cursed Tome","Downfall","Minty Spire (QoL Compilation)","RNG Fix","Replay The Spire","StSLib"],"gold_per_floor":[109,109,109,109,125,125,137,137,162,178,194,51,62,77,77,77,77,177,177,190,190,203,203,216,216,232,251,251,264,180,21,21,55,55,55,55],"floor_reached":35,"playtime":2500,"items_purged":[],"score":251,"play_id":"224c0813-0f89-41c5-baa5-d7dafc30ca7d","local_time":"20201220201101","is_ascension_mode":false,"campfire_choices":[{"data":"Darkness","floor":6,"key":"SMITH"},{"floor":8,"key":"REST"},{"floor":17,"key":"REST"},{"floor":34,"key":"REST"}],"circlet_count":0,"master_deck":["Strike_B+1","Strike_B","Strike_B","Defend_B","Defend_B","Defend_B","Defend_B","Zap+1","ReplaySolidLightProjector","Panache","Darkness+1","Storm","Cold Snap","Capacitor","Melter","Chaos","Electrodynamics","CurseOfTheBell","Hello World+1","Noxious Fumes","Leap","Aggregate","Go for the Eyes","Hologram","Glacier","BasicCrystalCard","Rebound","expansioncontent:GuardianWhirl+1","Lockon+1","BasicCrystalCard","ReplayTheSpireMod:Splinters","FIFO Queue"],"relics":["Cracked Core","Meat on the Bone","Replay:Baseball","Pen Nib","Calling Bell","Bronze Scales","Golden Egg","Emotion Chip","Bottled Lightning","Sundial","TungstenRod"],"acts_visited":["Exordium","TheCity"],"potions_floor_usage":[11,14,22,22,22,24,24,35],"damage_taken":[{"damage":8,"enemies":"2 Louse","floor":1,"turns":2},{"damage":5,"enemies":"Small Slimes","floor":5,"turns":3},{"damage":6,"enemies":"Jaw Worm","floor":7,"turns":4},{"damage":16,"enemies":"3 Louse","floor":10,"turns":5},{"damage":7,"enemies":"Looter","floor":11,"turns":3},{"damage":14,"enemies":"Lots of Slimes","floor":13,"turns":4},{"damage":0,"enemies":"Large Slime","floor":14,"turns":4},{"damage":44,"enemies":"Slime Boss","floor":18,"turns":10},{"damage":10,"enemies":"Spheric Guardian","floor":20,"turns":2},{"damage":32,"enemies":"Shell Parasite","floor":22,"turns":5},{"damage":23,"enemies":"Snecko","floor":24,"turns":4},{"damage":31,"enemies":"3 Cultists","floor":26,"turns":4},{"damage":10,"enemies":"Chosen and Byrds","floor":27,"turns":3},{"damage":13,"enemies":"Shelled Parasite and Fungi","floor":29,"turns":4},{"damage":58,"enemies":"Automaton","floor":35,"turns":6}],"seed_played":"-9023038257439124887","potions_obtained":[{"floor":1,"key":"Weak Potion"},{"floor":5,"key":"Slimebound:ThreeZeroPotion"},{"floor":10,"key":"EntropicBrew"},{"floor":11,"key":"sneckomod:MuddlingPotion"},{"floor":22,"key":"SteroidPotion"}],"is_trial":false,"path_per_floor":["M","?","?","T","M","R","M","R","T","M","M","$","M","M","PTL","PTL","R","B",null,"M","?","M","?","M","?","M","M","T","M","?","$","?","?","R","B"],"character_chosen":"DEFECT","items_purchased":["Pen Nib","expansioncontent:GuardianWhirl","Lockon"],"campfire_rested":3,"item_purchase_floors":[12,31,31],"current_hp_per_floor":[67,67,67,67,62,62,56,75,75,59,52,52,38,38,38,38,60,28,75,65,65,45,49,38,38,19,21,21,20,20,20,20,20,42,0,0],"gold":55,"neow_bonus":"UPGRADE_CARD","is_daily":false,"chose_seed":false,"campfire_upgraded":1,"win_rate":0.0,"timestamp":1608516661,"path_taken":["M","?","?","?","M","R","M","R","T","M","M","?","M","?","PTL","PTL","R","BOSS","M","?","M","?","M","?","?","M","T","M","?","?","?","?","R","BOSS"],"items_purchased_type":["Relic","Card","Card"],"build_version":"2020-12-13","purchased_purges":0,"victory":false,"max_hp_per_floor":[75,75,75,75,75,75,75,75,75,75,75,75,75,75,75,75,75,75,75,75,75,75,75,75,75,75,75,75,75,75,75,75,75,75,75,75],"card_choices":[{"not_picked":["Panic Button","Barrage"],"picked":"ReplaySolidLightProjector","floor":1},{"not_picked":["Mayhem","Discovery"],"picked":"Panache","floor":3},{"not_picked":["Stack","Go for the Eyes"],"picked":"Darkness","floor":5},{"not_picked":["BasicCrystalCard","Turbo"],"picked":"Storm","floor":7},{"not_picked":["Static Discharge","Chill"],"picked":"Cold Snap","floor":10},{"not_picked":["Scrape","Go for the Eyes"],"picked":"Capacitor","floor":11},{"not_picked":["Hologram","Ball Lightning"],"picked":"Melter","floor":13},{"not_picked":["Rainbow","BasicCrystalCard"],"picked":"Chaos","floor":14},{"not_picked":["Hyperbeam","Amplify"],"picked":"Electrodynamics","floor":18},{"not_picked":["Conserve Battery","Beam Cell"],"picked":"Hello World+1","floor":20},{"not_picked":["Rip and Tear","Gash+1"],"picked":"Leap","floor":22},{"not_picked":["Coolheaded","Blizzard"],"picked":"Aggregate","floor":24},{"not_picked":["Cold Snap","Beam Cell"],"picked":"Glacier","floor":26},{"not_picked":["Chill","Gash+1"],"picked":"BasicCrystalCard","floor":27},{"not_picked":["Doom and Gloom","Tempest"],"picked":"Rebound","floor":29},{"not_picked":["Melter","Scrape"],"picked":"FIFO Queue","floor":33}],"player_experience":98034,"relics_obtained":[{"floor":4,"key":"Meat on the Bone"},{"floor":9,"key":"Replay:Baseball"},{"floor":19,"key":"Bronze Scales"},{"floor":19,"key":"Golden Egg"},{"floor":19,"key":"Emotion Chip"},{"floor":28,"key":"Bottled Lightning"},{"floor":33,"key":"TungstenRod"}],"event_choices":[{"damage_healed":0,"gold_gain":1,"player_choice":"1","damage_taken":0,"max_hp_gain":0,"max_hp_loss":0,"event_name":"betterStone:BetterStone","floor":3,"gold_loss":0},{"cards_removed":["Hello World"],"damage_healed":0,"gold_gain":0,"player_choice":"Take \u0026 Give","damage_taken":0,"max_hp_gain":0,"max_hp_loss":0,"event_name":"betterNote:BetterNote","floor":21,"gold_loss":0,"cards_obtained":["Noxious Fumes"]},{"damage_healed":4,"gold_gain":0,"player_choice":"LEAVE ","damage_taken":0,"relics_obtained":[],"max_hp_gain":0,"max_hp_loss":0,"event_name":"betterSkull:BetterSkull","floor":23,"gold_loss":0,"cards_upgraded":[]},{"damage_healed":0,"gold_gain":0,"cards_transformed":["Dualcast","Strike_B"],"player_choice":"Became Test Subject","damage_taken":0,"max_hp_gain":0,"max_hp_loss":0,"event_name":"Drug Dealer","floor":25,"gold_loss":0,"cards_obtained":["Go for the Eyes","Hologram"]},{"damage_healed":0,"gold_gain":0,"player_choice":"Paid Gold","damage_taken":0,"relics_obtained":["Sundial"],"max_hp_gain":0,"max_hp_loss":0,"event_name":"WeMeetAgain","floor":30,"gold_loss":84},{"damage_healed":0,"gold_gain":0,"player_choice":"Copied","damage_taken":0,"max_hp_gain":0,"max_hp_loss":0,"event_name":"Duplicator","floor":32,"gold_loss":0,"cards_obtained":["BasicCrystalCard"]}],"is_beta":false,"boss_relics":[{"not_picked":["Inserter","Velvet Choker"],"picked":"Calling Bell"}],"items_purged_floors":[],"is_endless":false,"potions_floor_spawned":[1,5,10,11,22],"killed_by":"Automaton","ascension_level":0}}